{"host":"takgv9cv6xf64vhq","time":1611746010,"event":{"mods":["BaseMod","Colored Powertips","Hubris","LagranYue(拉格朗・月)","Marisa（F雨　魔理沙）","Minty Spire (QoL Compilation)","Replay The Spire","StSLib","The Animator","The Cursed","The Jungle","TheHeartMod"],"gold_per_floor":[113,127,127,139,139,139,257,288,288,301,301,332,349,359,359,463,463,483,494,506,606,618,462,475,495,521,521,535,594,610,640,640,740,740,758,758,771,771,781,808,475,475,475],"floor_reached":42,"language":"ZHS","playtime":3431,"items_purged":["Strike_P","Amnesia"],"score":672,"play_id":"ffd49135-8d61-4693-a012-b520a3f43d98","local_time":"20210127191330","is_ascension_mode":true,"campfire_choices":[{"data":"Eruption","floor":6.0,"key":"SMITH"},{"data":"Replay:AtTheReady","floor":15.0,"key":"SMITH"},{"data":"ReplayTheSpireMod:Splinters","floor":32.0,"key":"PURGE"}],"circlet_count":0,"master_deck":["Strike_P","Strike_P","Eruption+1","Vigilance","Replay:Cycle","Replay:Anticipation","SandsOfTime","WheelKick","Prostrate","CutThroughFate","Replay:ManipulateFuture","Replay:AtTheReady+1","Protect","Alpha+1","BowlingBash","EmptyBody","Replay:AtTheReady","Replay:AtTheReady","Replay:Parry","Scrawl+1","Evaluate+1","theJungle:Gourd","theJungle:Gourd","theJungle:Gourd","theJungle:Gourd","theJungle:Gourd","ThirdEye","DeceiveReality","Alpha+1","ThirdEye","Battle Trance","Wireheading+1"],"relics":["ReplayTheSpireMod:DimensionalGlitch","hubris:Icosahedron","Frozen Egg 2","CultistMask","hubris:DisguiseKit","Black Star","Akabeko","ReplayTheSpireMod:Lightbulb","Replay:Bottled Steam","StrikeDummy","Cursed Key","hubris:BottledRain","Blood Vial","Oddly Smooth Stone","Guide Book"],"acts_visited":["Exordium","Exordium","TheBeyond"],"potions_floor_usage":[42],"damage_taken":[{"damage":0.0,"enemies":"Cultist","floor":1.0,"turns":4.0},{"damage":1.0,"enemies":"Jaw Worm","floor":2.0,"turns":4.0},{"damage":0.0,"enemies":"2 Louse","floor":4.0,"turns":3.0},{"damage":4.0,"enemies":"2 Fungi Beasts","floor":7.0,"turns":3.0},{"damage":0.0,"enemies":"Lagavulin","floor":8.0,"turns":5.0},{"damage":0.0,"enemies":"Gremlin Gang","floor":10.0,"turns":4.0},{"damage":26.0,"enemies":"3 Sentries","floor":12.0,"turns":6.0},{"damage":0.0,"enemies":"Blue Slaver","floor":13.0,"turns":4.0},{"damage":0.0,"enemies":"Looter","floor":14.0,"turns":3.0},{"damage":0.0,"enemies":"Hexaghost","floor":16.0,"turns":10.0},{"damage":3.0,"enemies":"theJungle:MUSHROOMGANG","floor":18.0,"turns":7.0},{"damage":1.0,"enemies":"theJungle:5_Spyders","floor":19.0,"turns":7.0},{"damage":6.0,"enemies":"theJungle:SlimyTreeVines","floor":20.0,"turns":7.0},{"damage":11.0,"enemies":"theJungle:2_Flameangoes","floor":22.0,"turns":7.0},{"damage":7.0,"enemies":"theJungle:2_Snecko_Cultists","floor":24.0,"turns":7.0},{"damage":5.0,"enemies":"Snake Plant","floor":25.0,"turns":6.0},{"damage":0.0,"enemies":"theJungle:JungleHuntersEncounter","floor":28.0,"turns":6.0},{"damage":6.0,"enemies":"theJungle:Snecko_Cultist_And_Trap","floor":30.0,"turns":2.0},{"damage":0.0,"enemies":"theJungle:Cassacara","floor":31.0,"turns":9.0},{"damage":0.0,"enemies":"theJungle:FunGuy","floor":33.0,"turns":13.0},{"damage":0.0,"enemies":"3 Shapes","floor":35.0,"turns":5.0},{"damage":9.0,"enemies":"3 Darklings","floor":37.0,"turns":9.0},{"damage":40.0,"enemies":"4 Shapes","floor":39.0,"turns":5.0},{"damage":8.0,"enemies":"Nemesis","floor":40.0,"turns":9.0},{"damage":40,"enemies":"Reptomancer","floor":42,"turns":2}],"seed_played":"-2270697651164650785","potions_obtained":[{"floor":1.0,"key":"BottledMiracle"},{"floor":8.0,"key":"Swift Potion"},{"floor":12.0,"key":"Dexterity Potion"},{"floor":14.0,"key":"LiquidBronze"},{"floor":18.0,"key":"StancePotion"},{"floor":22.0,"key":"Ambrosia"},{"floor":25.0,"key":"LifebloodPotion"},{"floor":29.0,"key":"Languid Potion"},{"floor":30.0,"key":"Fruit Juice"},{"floor":31.0,"key":"Elixir"},{"floor":35.0,"key":"AttackPotion"},{"floor":40.0,"key":"Fire Potion"}],"is_trial":false,"path_per_floor":["M","M","?","M","?","R","M","E","T","M","?","E","M","M","R","B",null,"M","M","M","?","M","$","M","M","T","?","M","?","M","E","R","B",null,"M","?","M","T","M","E","$","E"],"character_chosen":"WATCHER","items_purchased":["Replay:Parry","Guide Book","Wireheading+1"],"campfire_rested":0,"item_purchase_floors":[23,41,41],"current_hp_per_floor":[72,71,71,71,71,71,67,67,67,67,67,51,51,51,51,51,72,69,68,66,58,47,47,40,35,35,35,35,35,34,34,34,34,77,77,77,68,68,28,20,20,0,0],"gold":475,"neow_bonus":"BOSS_RELIC","is_daily":false,"chose_seed":false,"campfire_upgraded":2,"win_rate":0.0,"timestamp":1611746010,"path_taken":["M","?","?","?","?","R","M","E","T","M","?","E","M","M","R","BOSS","M","M","?","?","?","$","M","M","T","?","M","?","M","E","R","BOSS","M","?","M","?","?","E","$","E"],"items_purchased_type":["Card","Relic","Card"],"build_version":"2020-12-22","purchased_purges":2,"victory":false,"max_hp_per_floor":[72,72,72,72,72,72,72,72,72,72,72,72,72,72,72,72,72,72,72,72,72,72,72,72,72,72,72,72,72,77,77,77,77,77,77,77,77,77,77,77,77,77,77],"card_choices":[{"not_picked":["EmptyBody","Protect"],"picked":"Replay:Cycle","floor":1.0},{"not_picked":["Consecrate","WreathOfFlame"],"picked":"Replay:Anticipation","floor":2.0},{"not_picked":["Crescendo","Replay:BluntJabs"],"picked":"SandsOfTime","floor":4.0},{"not_picked":["MentalFortress","FlyingSleeves"],"picked":"WheelKick","floor":7.0},{"not_picked":["ClearTheMind","Weave"],"picked":"Prostrate","floor":8.0},{"not_picked":["PathToVictory","Crescendo"],"picked":"CutThroughFate","floor":10.0},{"not_picked":["Meditate","Indignation"],"picked":"Replay:ManipulateFuture","floor":12.0},{"not_picked":["Halt","FlurryOfBlows","Sword Boomerang"],"picked":"Replay:AtTheReady","floor":13.0},{"not_picked":["Replay:Battleflow","BowlingBash","Havoc"],"picked":"Protect","floor":14.0},{"not_picked":["LessonLearned","Omniscience","Impervious"],"picked":"Alpha","floor":16.0},{"not_picked":["Crescendo","Meditate+1","True Grit"],"picked":"BowlingBash","floor":18.0},{"not_picked":["Consecrate","CutThroughFate","Headbutt"],"picked":"EmptyBody","floor":19.0},{"not_picked":["Adaptation+1","WheelKick","Cleave"],"picked":"Replay:AtTheReady","floor":20.0},{"not_picked":["Consecrate","Replay:Vibes+1","Heavy Blade"],"picked":"Replay:AtTheReady","floor":22.0},{"not_picked":["Replay:Battleflow","Replay:ManipulateFuture","Infernal Blade"],"picked":"Scrawl","floor":24.0},{"not_picked":["Halt","Consecrate","ReplayTheSpireMod:Corrosion Curse"],"picked":"Evaluate+1","floor":25.0},{"not_picked":["Replay:Vibes","Consecrate","Meditate","Perfected Strike"],"picked":"SKIP","floor":28.0},{"not_picked":["ClearTheMind+1","InnerPeace+1","ReplayTheSpireMod:LeadingStrike"],"picked":"ThirdEye","floor":29.0},{"not_picked":["FlyingSleeves","EmptyMind","ForeignInfluence","hubris:SharpeningStone"],"picked":"SKIP","floor":30.0},{"not_picked":["PathToVictory","ReachHeaven+1","Combust"],"picked":"DeceiveReality","floor":31.0},{"not_picked":["Replay:AllIn","Wish","Bludgeon"],"picked":"Alpha","floor":33.0},{"not_picked":["TalkToTheHand+1","CrushJoints+1","Flex"],"picked":"ThirdEye","floor":35.0},{"not_picked":["SandsOfTime+1","FlyingSleeves+1","Adaptation+1","Rupture"],"picked":"SKIP","floor":37.0},{"not_picked":["SashWhip+1","WheelKick+1","Replay:ManipulateFuture","Run Through"],"picked":"SKIP","floor":39.0},{"not_picked":["Prostrate","EmptyFist+1","CutThroughFate"],"picked":"Battle Trance","floor":40.0}],"player_experience":115681,"relics_obtained":[{"floor":8.0,"key":"Frozen Egg 2"},{"floor":12.0,"key":"hubris:DisguiseKit"},{"floor":26.0,"key":"Akabeko"},{"floor":29.0,"key":"ReplayTheSpireMod:Lightbulb"},{"floor":31.0,"key":"Replay:Bottled Steam"},{"floor":31.0,"key":"StrikeDummy"},{"floor":38.0,"key":"hubris:BottledRain"},{"floor":40.0,"key":"Blood Vial"},{"floor":40.0,"key":"Oddly Smooth Stone"}],"event_choices":[{"cards_removed":["Strike_P"],"damage_healed":0.0,"max_hp_gain":0.0,"max_hp_loss":0.0,"gold_gain":0.0,"event_name":"Purifier","player_choice":"Purged","floor":3.0,"gold_loss":0.0,"damage_taken":0.0},{"damage_healed":0.0,"max_hp_gain":0.0,"max_hp_loss":0.0,"gold_gain":0.0,"event_name":"FaceTrader","player_choice":"Trade","floor":11.0,"gold_loss":0.0,"damage_taken":0.0,"relics_obtained":["CultistMask"]}],"is_beta":false,"boss_relics":[{"not_picked":["Philosopher\u0027s Stone","Busted Crown"],"picked":"Black Star"},{"not_picked":["Sozu","hubris:Stopwatch"],"picked":"Cursed Key"}],"items_purged_floors":[23,41],"is_endless":false,"potions_floor_spawned":[1,8,12,14,18,22,25,30,31,35,40],"killed_by":"Reptomancer","ascension_level":1}}