{"host":"ckaco0f0uooj3awm","time":1611790384,"event":{"mods":["AchievementEnabler","BaseMod","Bestiary","Block Reminder","Colored Map","Colored Powertips","Highlight Path","Minty Spire (QoL Compilation)","Permanent Neow","Relic Stats"],"gold_per_floor":[217,230,246,261,37,72,72,100,100,129,129,129,129,148,148,250,250,266,292,305,48,48,74,74,102,102,63,163,179,199,399,399,503,503,546,584,208,245,290,290,343,343,370,397,433,487,487,523,523,523,523,523,7,38,38],"floor_reached":56,"language":"ENG","playtime":11084,"items_purged":["Strike_P","Strike_P","Strike_P"],"score":1694,"play_id":"85d5c88c-1358-4f45-ab88-b6628fcc77ee","local_time":"20210128003304","is_ascension_mode":true,"campfire_choices":[{"data":"Conclude","floor":7,"key":"SMITH"},{"data":"CrushJoints","floor":11,"key":"SMITH"},{"data":"Crescendo","floor":13,"key":"SMITH"},{"data":"EmptyFist","floor":15,"key":"SMITH"},{"floor":32,"key":"RECALL"},{"floor":40,"key":"REST"},{"floor":42,"key":"REST"},{"floor":47,"key":"REST"},{"floor":49,"key":"REST"},{"floor":52,"key":"REST"}],"circlet_count":0,"master_deck":["Strike_P","Defend_P","Defend_P","Defend_P","Defend_P","Eruption","Vigilance","Conclude+1","Wireheading","EmptyFist+1","Crescendo+1","CutThroughFate","ThirdEye","CrushJoints+1","Alpha","ThirdEye+1","Weave","Sanctity","TalkToTheHand+1","WaveOfTheHand+1","Wish","CurseOfTheBell","Protect+1","Nirvana","Wireheading","ForeignInfluence+1","Nirvana","PathToVictory","Nirvana","InnerPeace"],"relics":["PureWater","OrangePellets","Torii","StrikeDummy","Incense Burner","Thread and Needle","Fusion Hammer","Red Mask","Toolbox","Art of War","Anchor","Pantograph","Matryoshka","TungstenRod","Gremlin Horn","Calling Bell","Bag of Preparation","Mummified Hand","Prayer Wheel","InkBottle","Pear","MealTicket","Eternal Feather","Bronze Scales","Melange","Pocketwatch","Yang"],"acts_visited":["Exordium","TheCity","TheBeyond","TheEnding"],"potions_floor_usage":[18,25,33,41,50,55,55,55,55,55,55],"damage_taken":[{"damage":0,"enemies":"Cultist","floor":1,"turns":3},{"damage":4,"enemies":"Jaw Worm","floor":2,"turns":3},{"damage":0,"enemies":"Small Slimes","floor":3,"turns":1},{"damage":13,"enemies":"Blue Slaver","floor":4,"turns":4},{"damage":17,"enemies":"Lagavulin","floor":6,"turns":7},{"damage":16,"enemies":"Gremlin Nob","floor":8,"turns":3},{"damage":2,"enemies":"3 Sentries","floor":10,"turns":4},{"damage":0,"enemies":"2 Fungi Beasts","floor":14,"turns":2},{"damage":8,"enemies":"Hexaghost","floor":16,"turns":7},{"damage":0,"enemies":"Shell Parasite","floor":18,"turns":4},{"damage":8,"enemies":"Masked Bandits","floor":19,"turns":3},{"damage":1,"enemies":"3 Byrds","floor":20,"turns":3},{"damage":0,"enemies":"Slavers","floor":23,"turns":2},{"damage":2,"enemies":"Book of Stabbing","floor":25,"turns":4},{"damage":0,"enemies":"Colosseum Slavers","floor":28,"turns":2},{"damage":0,"enemies":"Colosseum Nobs","floor":28,"turns":4},{"damage":0,"enemies":"Centurion and Healer","floor":29,"turns":4},{"damage":5,"enemies":"Sentry and Sphere","floor":30,"turns":6},{"damage":0,"enemies":"Collector","floor":33,"turns":7},{"damage":0,"enemies":"3 Shapes","floor":35,"turns":3},{"damage":0,"enemies":"3 Darklings","floor":36,"turns":4},{"damage":7,"enemies":"Spire Growth","floor":38,"turns":7},{"damage":0,"enemies":"Writhing Mass","floor":39,"turns":7},{"damage":28,"enemies":"Reptomancer","floor":41,"turns":5},{"damage":0,"enemies":"Giant Head","floor":44,"turns":8},{"damage":0,"enemies":"Sphere and 2 Shapes","floor":45,"turns":4},{"damage":20,"enemies":"Nemesis","floor":46,"turns":9},{"damage":0,"enemies":"Maw","floor":48,"turns":7},{"damage":18,"enemies":"Time Eater","floor":50,"turns":9},{"damage":12,"enemies":"Shield and Spear","floor":54,"turns":7},{"damage":14,"enemies":"The Heart","floor":55,"turns":9}],"seed_played":"-1137722676693019760","potions_obtained":[{"floor":2,"key":"SteroidPotion"},{"floor":3,"key":"SmokeBomb"},{"floor":8,"key":"Block Potion"},{"floor":18,"key":"SpeedPotion"},{"floor":19,"key":"LiquidMemories"},{"floor":29,"key":"Regen Potion"},{"floor":33,"key":"BottledMiracle"},{"floor":41,"key":"CultistPotion"},{"floor":45,"key":"EntropicBrew"},{"floor":54,"key":"LiquidMemories"}],"is_trial":false,"path_per_floor":["M","M","M","M","$","E","R","E","T","E","R","?","R","M","R","B",null,"M","?","M","$","?","E","T","E","T","$","?","M","M","?","R","B",null,"M","M","$","M","M","R","E","R","T","E","M","E","R","M","R","B",null,"R","$","E","B",null],"character_chosen":"WATCHER","items_purchased":["OrangePellets","Toolbox","Sanctity","InkBottle","Melange","Pocketwatch","Nirvana"],"campfire_rested":5,"item_purchase_floors":[5,21,27,37,53,53,53],"current_hp_per_floor":[72,68,68,55,55,38,38,22,22,20,20,20,20,20,20,12,57,57,49,48,48,48,48,48,46,46,46,46,46,41,41,41,66,71,71,71,71,64,64,72,54,78,78,78,78,58,82,82,82,64,78,82,82,70,68],"gold":38,"neow_bonus":"HUNDRED_GOLD","is_daily":false,"chose_seed":false,"campfire_upgraded":4,"win_rate":0.0,"timestamp":1611790384,"path_taken":["M","M","M","M","$","E","R","E","T","E","R","?","R","M","R","BOSS","M","?","M","$","?","E","?","E","T","?","?","M","?","?","R","BOSS","M","M","$","M","M","R","E","R","T","E","M","E","R","M","R","BOSS","R","$","E","BOSS"],"items_purchased_type":["Relic","Relic","Card","Relic","Relic","Relic","Card"],"build_version":"2020-12-22","purchased_purges":3,"victory":true,"max_hp_per_floor":[72,72,72,72,72,72,72,72,72,72,72,72,72,72,72,72,72,72,72,72,72,72,72,72,72,72,72,72,72,72,72,72,72,72,72,72,72,72,72,72,82,82,82,82,82,82,82,82,82,82,82,82,82,82,82],"relic_stats":{"Torii":43,"Gremlin Horn":[15,15],"counters":[31,152],"Melange":[18],"Eternal Feather":19,"Yang":[15],"Bag of Preparation":[24],"OrangePellets":[19],"Mummified Hand":[67],"Pantograph":37,"Bronze Scales":[189],"Prayer Wheel":6,"MealTicket":0,"Art of War":[13],"obtain_stats":[{"Torii":6,"Gremlin Horn":28,"Melange":53,"Yang":54,"Incense Burner":9,"Bag of Preparation":34,"Matryoshka":26,"Mummified Hand":34,"Pantograph":25,"Toolbox":21,"Prayer Wheel":34,"MealTicket":43,"Fusion Hammer":17,"Red Mask":19,"InkBottle":37,"Pear":41,"Thread and Needle":10,"Eternal Feather":44,"Calling Bell":34,"OrangePellets":5,"Anchor":24,"Bronze Scales":46,"Art of War":23,"PureWater":0,"StrikeDummy":8,"TungstenRod":28,"Pocketwatch":53},{"Torii":5,"Gremlin Horn":16,"Melange":29,"Yang":30,"Incense Burner":6,"Bag of Preparation":19,"Matryoshka":14,"Mummified Hand":19,"Pantograph":14,"Toolbox":12,"Prayer Wheel":19,"MealTicket":24,"Fusion Hammer":9,"Red Mask":11,"InkBottle":21,"Pear":24,"Thread and Needle":7,"Eternal Feather":25,"Calling Bell":19,"OrangePellets":4,"Anchor":13,"Bronze Scales":27,"Art of War":13,"PureWater":0,"StrikeDummy":6,"TungstenRod":16,"Pocketwatch":29},{"Torii":18,"Gremlin Horn":56,"Melange":136,"Yang":143,"Incense Burner":21,"Bag of Preparation":73,"Matryoshka":50,"Mummified Hand":73,"Pantograph":50,"Toolbox":44,"Prayer Wheel":73,"MealTicket":99,"Fusion Hammer":34,"Red Mask":41,"InkBottle":80,"Pear":99,"Thread and Needle":25,"Eternal Feather":107,"Calling Bell":73,"OrangePellets":11,"Anchor":46,"Bronze Scales":120,"Art of War":46,"PureWater":0,"StrikeDummy":21,"TungstenRod":56,"Pocketwatch":136}],"TungstenRod":34,"InkBottle":[34],"Pocketwatch":[3]},"card_choices":[{"not_picked":["Evaluate","ClearTheMind"],"picked":"Conclude","floor":1},{"not_picked":["ThirdEye","Study"],"picked":"Wireheading","floor":2},{"not_picked":["SignatureMove","FlurryOfBlows"],"picked":"EmptyFist","floor":3},{"not_picked":["Halt","WindmillStrike"],"picked":"Crescendo","floor":4},{"not_picked":["ForeignInfluence","EmptyBody"],"picked":"CutThroughFate","floor":6},{"not_picked":["Brilliance","CutThroughFate"],"picked":"ThirdEye","floor":8},{"not_picked":["Consecrate","Indignation"],"picked":"CrushJoints","floor":10},{"not_picked":["JustLucky","Pray","FollowUp"],"picked":"SKIP","floor":14},{"not_picked":["Vault","Establishment"],"picked":"Alpha","floor":16},{"not_picked":["FollowUp","Prostrate+1"],"picked":"ThirdEye+1","floor":18},{"not_picked":["FlurryOfBlows","Crescendo"],"picked":"Weave","floor":20},{"not_picked":["FollowUp","Fasting2","EmptyFist"],"picked":"SKIP","floor":23},{"not_picked":["SashWhip","Conclude","Pray"],"picked":"SKIP","floor":25},{"not_picked":["BowlingBash","CutThroughFate"],"picked":"TalkToTheHand+1","floor":28},{"not_picked":["Establishment","JustLucky"],"picked":"WaveOfTheHand+1","floor":29},{"not_picked":["FollowUp","CrushJoints+1","Indignation"],"picked":"SKIP","floor":30},{"not_picked":["DeusExMachina","Establishment"],"picked":"Wish","floor":33},{"not_picked":["CutThroughFate","Swivel","Evaluate+1"],"picked":"SKIP","floor":35},{"not_picked":["Protect","FearNoEvil","SashWhip+1"],"picked":"SKIP","floor":35},{"not_picked":["ClearTheMind+1","CrushJoints+1"],"picked":"Protect+1","floor":36},{"not_picked":["FollowUp+1","Alpha"],"picked":"Nirvana","floor":36},{"not_picked":["FlurryOfBlows+1","Vengeance+1"],"picked":"Wireheading","floor":38},{"not_picked":["WheelKick","Consecrate","CutThroughFate"],"picked":"SKIP","floor":38},{"not_picked":["CrushJoints+1","EmptyFist"],"picked":"ForeignInfluence+1","floor":39},{"not_picked":["FollowUp","Study+1","Wallop"],"picked":"SKIP","floor":39},{"not_picked":["SandsOfTime","Blasphemy","PathToVictory"],"picked":"SKIP","floor":41},{"not_picked":["FollowUp","FlyingSleeves+1","Wallop"],"picked":"SKIP","floor":44},{"not_picked":["JustLucky","EmptyBody","EmptyFist+1"],"picked":"SKIP","floor":45},{"not_picked":["SignatureMove","EmptyBody","PathToVictory+1"],"picked":"SKIP","floor":45},{"not_picked":["Crescendo+1","FlurryOfBlows+1","Indignation"],"picked":"SKIP","floor":46},{"not_picked":["EmptyBody","CutThroughFate"],"picked":"Nirvana","floor":48},{"not_picked":["Blasphemy","Worship","PathToVictory"],"picked":"SKIP","floor":48},{"not_picked":["Blasphemy","Worship"],"picked":"PathToVictory","floor":48},{"not_picked":["Pray+1","WheelKick"],"picked":"InnerPeace","floor":54}],"player_experience":261918,"relics_obtained":[{"floor":6,"key":"Torii"},{"floor":8,"key":"StrikeDummy"},{"floor":9,"key":"Incense Burner"},{"floor":10,"key":"Thread and Needle"},{"floor":19,"key":"Red Mask"},{"floor":23,"key":"Art of War"},{"floor":24,"key":"Anchor"},{"floor":25,"key":"Pantograph"},{"floor":26,"key":"Matryoshka"},{"floor":28,"key":"TungstenRod"},{"floor":28,"key":"Gremlin Horn"},{"floor":34,"key":"Bag of Preparation"},{"floor":34,"key":"Mummified Hand"},{"floor":34,"key":"Prayer Wheel"},{"floor":41,"key":"Pear"},{"floor":43,"key":"MealTicket"},{"floor":44,"key":"Eternal Feather"},{"floor":46,"key":"Bronze Scales"},{"floor":54,"key":"Yang"}],"event_choices":[{"damage_healed":0,"gold_gain":0,"player_choice":"Ignored","damage_taken":0,"max_hp_gain":0,"max_hp_loss":0,"event_name":"Liars Game","floor":12,"gold_loss":0},{"damage_healed":0,"gold_gain":0,"player_choice":"Fought Bandits","damage_taken":0,"max_hp_gain":0,"max_hp_loss":0,"event_name":"Masked Bandits","floor":19,"gold_loss":0},{"damage_healed":0,"gold_gain":0,"player_choice":"Ignored","damage_taken":0,"max_hp_gain":0,"max_hp_loss":0,"event_name":"Vampires","floor":22,"gold_loss":0},{"damage_healed":0,"gold_gain":0,"player_choice":"Fight","damage_taken":0,"max_hp_gain":0,"max_hp_loss":0,"event_name":"Colosseum","floor":28,"gold_loss":0},{"damage_healed":0,"gold_gain":0,"player_choice":"Fought Nobs","damage_taken":0,"max_hp_gain":0,"max_hp_loss":0,"event_name":"Colosseum","floor":28,"gold_loss":0},{"damage_healed":0,"gold_gain":250,"player_choice":"Bet on Owner","damage_taken":0,"max_hp_gain":0,"max_hp_loss":0,"event_name":"The Joust","floor":31,"gold_loss":50}],"is_beta":false,"boss_relics":[{"not_picked":["SacredBark","Tiny House"],"picked":"Fusion Hammer"},{"not_picked":["Black Star","Velvet Choker"],"picked":"Calling Bell"}],"items_purged_floors":[5,21,37],"is_endless":false,"potions_floor_spawned":[2,3,8,18,19,29,33,36,41,45,46,48,54],"ascension_level":5}}