{"host":"ew66i0vuc7r9fnl7","time":1611751955,"event":{"mods":["BaseMod","DeckTracker","Marisa£¨Ùöéë¡¡Øª×âÞÞ£©","Minty Spire (QoL Compilation)","StSLib","The Hierophant"],"gold_per_floor":[115,125,72,147,197,225,243,243,243,243,258,258,276,297,297,357,357],"floor_reached":16,"language":"KOR","playtime":480,"items_purged":[],"score":127,"play_id":"33345b21-bda3-4c35-ba58-c4c651cd6b83","local_time":"20210127215235","is_ascension_mode":false,"campfire_choices":[{"data":"hierophant:Martyrdom","floor":8,"key":"SMITH"},{"data":"hierophant:Embezzle","floor":15,"key":"SMITH"}],"circlet_count":0,"master_deck":["hierophant:Strike_Hierophant","hierophant:Strike_Hierophant","hierophant:Strike_Hierophant","hierophant:Punish","hierophant:Defend_Hierophant","hierophant:Defend_Hierophant","hierophant:Defend_Hierophant","hierophant:Defend_Hierophant","hierophant:ChurchCoffers","hierophant:Rebuild","hierophant:Martyrdom+1","hierophant:FlamingChariot","hierophant:OrnateBuckler","hierophant:FieryStrike","hierophant:Embezzle+1","hierophant:HammerAndAnvil"],"relics":["hierophant:PropheticMaskRelic","NeowsBlessing","Bronze Scales","Pear","Matryoshka"],"acts_visited":["Exordium"],"potions_floor_usage":[],"damage_taken":[{"damage":0,"enemies":"Small Slimes","floor":1,"turns":1},{"damage":0,"enemies":"Jaw Worm","floor":2,"turns":1},{"damage":0,"enemies":"Gremlin Nob","floor":6,"turns":1},{"damage":0,"enemies":"Cultist","floor":7,"turns":3},{"damage":0,"enemies":"3 Louse","floor":11,"turns":3},{"damage":12,"enemies":"Blue Slaver","floor":13,"turns":4},{"damage":6,"enemies":"Exordium Thugs","floor":14,"turns":3},{"damage":57,"enemies":"Hexaghost","floor":16,"turns":10}],"seed_played":"-6389778842565680291","potions_obtained":[{"floor":1,"key":"LiquidBronze"},{"floor":6,"key":"EssenceOfSteel"},{"floor":11,"key":"LiquidBronze"}],"is_trial":false,"path_per_floor":["M","M","$","?","T","E","M","R","T","?","M","?","M","M","R","B"],"character_chosen":"HIEROPHANT","items_purchased":["hierophant:FlamingChariot"],"campfire_rested":0,"item_purchase_floors":[3],"current_hp_per_floor":[75,75,75,64,64,74,74,74,74,74,74,74,62,56,56,0,0],"gold":357,"neow_bonus":"THREE_ENEMY_KILL","is_daily":false,"chose_seed":false,"campfire_upgraded":2,"win_rate":0.0,"timestamp":1611751955,"path_taken":["M","M","$","?","?","E","?","R","T","?","M","?","?","?","R","BOSS"],"items_purchased_type":["Card"],"build_version":"2020-12-22","purchased_purges":0,"victory":false,"max_hp_per_floor":[75,75,75,75,75,85,85,85,85,85,85,85,85,85,85,85,85],"card_choices":[{"not_picked":["hierophant:Doubloon","hierophant:ThreeLashes"],"picked":"hierophant:Rebuild","floor":1},{"not_picked":["hierophant:HammerAndAnvil","hierophant:Remorse"],"picked":"hierophant:Martyrdom","floor":2},{"not_picked":["hierophant:ThreeLashes","hierophant:Mercenaries"],"picked":"hierophant:OrnateBuckler","floor":6},{"not_picked":["hierophant:OrnateBuckler","hierophant:Batter"],"picked":"hierophant:FieryStrike","floor":7},{"not_picked":["hierophant:Mercenaries","hierophant:Purify"],"picked":"hierophant:Embezzle","floor":11},{"not_picked":["hierophant:OrnateJavelin","hierophant:FieryStrike"],"picked":"hierophant:HammerAndAnvil","floor":13},{"not_picked":["hierophant:DisplayOfPower","hierophant:AuricBeam","hierophant:ThreeLashes"],"picked":"SKIP","floor":14}],"player_experience":634265,"relics_obtained":[{"floor":5,"key":"Bronze Scales"},{"floor":6,"key":"Pear"}],"event_choices":[{"damage_healed":0,"gold_gain":75,"player_choice":"Gather Gold","damage_taken":11,"max_hp_gain":0,"max_hp_loss":0,"event_name":"World of Goop","floor":4,"gold_loss":0},{"damage_healed":0,"gold_gain":0,"player_choice":"Searched \u00272\u0027 times","damage_taken":0,"relics_obtained":["Matryoshka"],"max_hp_gain":0,"max_hp_loss":0,"event_name":"Dead Adventurer","floor":10,"gold_loss":0},{"cards_removed":["hierophant:Strike_Hierophant"],"damage_healed":0,"gold_gain":0,"player_choice":"Purged","damage_taken":0,"max_hp_gain":0,"max_hp_loss":0,"event_name":"Purifier","floor":12,"gold_loss":0}],"is_beta":false,"boss_relics":[],"items_purged_floors":[],"is_endless":false,"potions_floor_spawned":[1,6,11,14],"killed_by":"Hexaghost","ascension_level":0}}