{"host":"ojezjkpqju62j8xy","time":1611755894,"event":{"mods":["ATMod(°¢èªMod)","Act Like it!","Aspiration","BaseMod","Conspire","Minty Spire (QoL Compilation)","Pale of the Ancients","Replay The Spire","Spicy Shops","StSLib","[GremlinLeader]The Maniac","¡¾ÒÅÎï¿¨ÅÆ¡¿REMEMod"],"gold_per_floor":[117,127,144,144,164,191,206,232,232,197,231,251,270,288,288,365,365,379,395,395,411,429,429,429],"floor_reached":23,"language":"ZHS","playtime":783,"items_purged":[],"score":488,"play_id":"98a9d66b-cfc3-4677-bdec-65db312e2ee1","local_time":"20210127215814","is_ascension_mode":true,"campfire_choices":[{"floor":15.0,"key":"RECALL"}],"circlet_count":0,"master_deck":["AscendersBane","Strike_R+1","Strike_R+1","Strike_R+1","Strike_R+1","Strike_R+1","Defend_R+1","Defend_R+1","Defend_R+1","Bash","AT_FamilyPortrait","maniac:HammerStrike","Bloodletting","AT_IchimonjiDouble","Cleave","Heavy Blade","Offering","Wild Strike","ReplayTheSpireMod:Stacked","Double Tap","Heavy Blade","conspire:ExplosiveBarrier","Reckless Charge","AT_DrawKnifeCut","REME_ACTH","CurseOfTheBell","Combust","Anger","Iron Wave","Flame Barrier"],"relics":["Burning Blood","AT_ATBox","REME_ComplimentaryCards","NeowsBlessing","Garlic","Counterbalance","conspire:GiftBox","Calling Bell","ReplayTheSpireMod:Lightbulb","Mirror","Replay:Arrowhead"],"acts_visited":["Exordium","TheCity"],"potions_floor_usage":[16,21,23],"damage_taken":[{"damage":0.0,"enemies":"Cultist","floor":1.0,"turns":1.0},{"damage":0.0,"enemies":"2 Louse","floor":2.0,"turns":1.0},{"damage":0.0,"enemies":"Jaw Worm","floor":3.0,"turns":1.0},{"damage":12.0,"enemies":"Large Slime","floor":5.0,"turns":4.0},{"damage":8.0,"enemies":"Gremlin Nob","floor":6.0,"turns":3.0},{"damage":8.0,"enemies":"Exordium Wildlife","floor":7.0,"turns":3.0},{"damage":35.0,"enemies":"3 Sentries","floor":8.0,"turns":4.0},{"damage":3.0,"enemies":"Gremlin Nob","floor":11.0,"turns":2.0},{"damage":13.0,"enemies":"2 Fungi Beasts","floor":12.0,"turns":3.0},{"damage":0.0,"enemies":"3 Louse","floor":13.0,"turns":1.0},{"damage":15.0,"enemies":"Exordium Thugs","floor":14.0,"turns":4.0},{"damage":42,"enemies":"Fading Forest","floor":16,"turns":13},{"damage":18,"enemies":"Shell Parasite","floor":18,"turns":4},{"damage":13,"enemies":"Spheric Guardian","floor":19,"turns":3},{"damage":9,"enemies":"Snake Plant","floor":21,"turns":3},{"damage":26,"enemies":"Centurion and Healer","floor":22,"turns":4},{"damage":25,"enemies":"Slavers","floor":23,"turns":2}],"seed_played":"8750204126793104181","potions_obtained":[{"floor":1.0,"key":"AttackPotion"},{"floor":5.0,"key":"ColorlessPotion"},{"floor":7.0,"key":"LiquidBronze"},{"floor":12.0,"key":"SneckoOil"},{"floor":19,"key":"FearPotion"},{"floor":22,"key":"Elixir"}],"is_trial":false,"path_per_floor":["M","M","M","?","M","E","M","E","T","?","E","M","M","M","R","B",null,"M","M","?","M","M","E"],"character_chosen":"IRONCLAD","items_purchased":[],"campfire_rested":0,"item_purchase_floors":[],"current_hp_per_floor":[74,75,75,75,69,67,65,36,36,54,57,50,56,47,47,19,61,49,42,42,39,19,0,0],"gold":429,"neow_bonus":"THREE_ENEMY_KILL","is_daily":false,"chose_seed":false,"campfire_upgraded":0,"win_rate":0.0,"timestamp":1611755894,"path_taken":["M","?","M","?","?","E","M","E","T","?","E","M","M","M","R","BOSS","M","M","?","M","M","E"],"items_purchased_type":[],"build_version":"2020-12-22","purchased_purges":0,"victory":false,"max_hp_per_floor":[75,75,75,75,75,75,75,75,75,75,75,75,75,75,75,75,75,75,75,75,75,75,75,75],"card_choices":[{"not_picked":["Body Slam","Havoc"],"picked":"Bloodletting","floor":1.0},{"not_picked":["Wild Strike","Blood for Blood"],"picked":"AT_IchimonjiDouble","floor":2.0},{"not_picked":["Dual Wield","AT_BodySlamDance"],"picked":"Cleave","floor":3.0},{"not_picked":["Shrug It Off","Abandon"],"picked":"Heavy Blade","floor":5.0},{"not_picked":["Iron Wave","Headbutt"],"picked":"Offering","floor":6.0},{"not_picked":["Replay:Undeath\u0027s Touch","Sentinel"],"picked":"Wild Strike","floor":7.0},{"not_picked":["Body Slam","True Grit"],"picked":"ReplayTheSpireMod:Stacked","floor":8.0},{"not_picked":["Replay:Many Hands","Eclipse"],"picked":"Double Tap","floor":11.0},{"not_picked":["Iron Wave","Sword Boomerang"],"picked":"Heavy Blade","floor":11.0},{"not_picked":["Metallicize","Wild Strike"],"picked":"conspire:ExplosiveBarrier","floor":12.0},{"not_picked":["Evolve","Pommel Strike"],"picked":"Reckless Charge","floor":13.0},{"not_picked":["Massacre","Berserk"],"picked":"AT_DrawKnifeCut","floor":14.0},{"not_picked":["Hemogenesis","Replay:Many Hands"],"picked":"REME_ACTH","floor":16},{"not_picked":["ReplayTheSpireMod:Strike From Hell","Sword Boomerang"],"picked":"Combust","floor":18},{"not_picked":["Abandon","Shrug It Off"],"picked":"Anger","floor":19},{"not_picked":["ReplayTheSpireMod:Corrosion Curse","Armaments"],"picked":"Iron Wave","floor":21},{"not_picked":["Shrug It Off","Run Through"],"picked":"Flame Barrier","floor":22}],"player_experience":1398617,"relics_obtained":[{"floor":6.0,"key":"Garlic"},{"floor":8.0,"key":"Counterbalance"},{"floor":11.0,"key":"conspire:GiftBox"},{"floor":17,"key":"ReplayTheSpireMod:Lightbulb"},{"floor":17,"key":"Mirror"},{"floor":17,"key":"Replay:Arrowhead"}],"event_choices":[{"cards_removed":["Defend_R"],"damage_healed":0.0,"max_hp_gain":0.0,"max_hp_loss":0.0,"gold_gain":0.0,"event_name":"Wheel of Change","player_choice":"Card Removal","floor":4.0,"gold_loss":0.0,"damage_taken":0.0},{"damage_healed":18.0,"max_hp_gain":0.0,"max_hp_loss":0.0,"gold_gain":0.0,"event_name":"The Cleric","player_choice":"Healed","floor":10.0,"gold_loss":35.0,"damage_taken":0.0},{"damage_healed":0,"gold_gain":0,"player_choice":"Simplicity","damage_taken":0,"max_hp_gain":0,"max_hp_loss":0,"event_name":"Back to Basics","floor":20,"gold_loss":0,"cards_upgraded":["Strike_R","Strike_R","Strike_R","Strike_R","Strike_R","Defend_R","Defend_R","Defend_R"]}],"is_beta":false,"boss_relics":[{"not_picked":["Snecko Eye","Replay:Drink Me"],"picked":"Calling Bell"}],"items_purged_floors":[],"is_endless":false,"potions_floor_spawned":[1,5,7,12,19,22],"killed_by":"Slavers","ascension_level":20}}