{"host":"1u5b8mzv927aru3b","time":1611770738,"event":{"mods":["AchievementEnabler","BaseMod","Colored Map","Colored Powertips","Downfall","GifTheSpireLib","Googly Eyes","Minty Spire (QoL Compilation)","Quick Restart","Relic Sorter","StSLib","The IronCluck","Unceasing Turn Reminder"],"gold_per_floor":[99,99,99,99,112,112,112,97,112,132,152,162,162,162,179,283,283,283,283],"floor_reached":17,"language":"ENG","playtime":506,"items_purged":[],"score":147,"play_id":"a8ebbe7c-413e-4f2e-adc7-c3f9eb33500d","local_time":"20210127220538","is_ascension_mode":false,"campfire_choices":[{"data":"hexamod:Sear","floor":1,"key":"SMITH"},{"data":"hexamod:HeatShield","floor":6,"key":"SMITH"},{"data":"hexamod:ThermalTransfer","floor":13,"key":"SMITH"}],"circlet_count":0,"master_deck":["hexamod:Strike","hexamod:Strike","hexamod:Strike","hexamod:Strike","hexamod:Defend+1","hexamod:Defend+1","hexamod:Defend","hexamod:Defend","hexamod:Sear+1","hexamod:Float+1","hexamod:HeatShield+1","hexamod:HeatShield","hexamod:ThermalTransfer+1","hexamod:Firestarter","hexamod:EmpoweredFlame+1","downfall:Malfunctioning","hexamod:ParanormalForm+1","hexamod:GhostOfSpirePresent+1"],"relics":["hexamod:SpiritBrand","downfall:HeartsMalice","Frozen Egg 2","Velvet Choker"],"acts_visited":["Exordium","TheCity"],"potions_floor_usage":[8,16,16,16],"damage_taken":[{"damage":0,"enemies":"Cultist","floor":2,"turns":1},{"damage":0,"enemies":"Small Slimes","floor":3,"turns":1},{"damage":0,"enemies":"downfall:FleeingMerchant","floor":4,"turns":1},{"damage":1,"enemies":"Jaw Worm","floor":5,"turns":3},{"damage":0,"enemies":"downfall:FleeingMerchant","floor":8,"turns":4},{"damage":8,"enemies":"3 Louse","floor":9,"turns":5},{"damage":0,"enemies":"Exordium Wildlife","floor":10,"turns":3},{"damage":0,"enemies":"Blue Slaver","floor":11,"turns":3},{"damage":0,"enemies":"Red Slaver","floor":12,"turns":3},{"damage":0,"enemies":"2 Fungi Beasts","floor":15,"turns":3},{"damage":54,"enemies":"WA_ARCHETYPE_RETAIN","floor":16,"turns":9}],"seed_played":"-6909196568216536887","potions_obtained":[{"floor":5,"key":"FearPotion"},{"floor":9,"key":"Regen Potion"},{"floor":10,"key":"Guardian:BlockOnCardUsePotion"},{"floor":11,"key":"PowerPotion"},{"floor":15,"key":"CultistPotion"}],"is_trial":false,"path_per_floor":["R","M","M","$","M","R","T","$","M","M","M","M","R","?","M","B",null],"character_chosen":"THE_SPIRIT","items_purchased":[],"campfire_rested":0,"item_purchase_floors":[],"current_hp_per_floor":[70,70,70,70,69,69,69,69,61,61,61,61,61,61,61,22,70,70,70],"gold":283,"neow_bonus":"THREE_ENEMY_KILL","is_daily":false,"chose_seed":false,"campfire_upgraded":3,"win_rate":0.0,"timestamp":1611770738,"path_taken":["R","M","M","$","?","R","T","$","M","M","M","M","R","?","M","BOSS"],"items_purchased_type":[],"build_version":"2020-12-22","purchased_purges":0,"victory":false,"max_hp_per_floor":[70,70,70,70,70,70,70,70,70,70,70,70,70,70,70,70,70,70,70],"card_choices":[{"not_picked":["hexamod:HeatMetal","hexamod:GhostShield"],"picked":"hexamod:HeatShield","floor":2},{"not_picked":["hexamod:NightmareGuise","hexamod:SwordOfDarkness"],"picked":"hexamod:HeatShield","floor":3},{"not_picked":["hexamod:FastForward","hexamod:BacktrackSmack"],"picked":"hexamod:ThermalTransfer","floor":4},{"not_picked":["hexamod:Hexaguard","hexamod:GhostShield"],"picked":"hexamod:Firestarter","floor":5},{"not_picked":["hexamod:ThermalTransfer","hexamod:EtherealExpedition"],"picked":"hexamod:EmpoweredFlame+1","floor":8},{"not_picked":["hexamod:Hexaguard","hexamod:RetreatToShadows","hexamod:AdvancingGuard"],"picked":"SKIP","floor":9},{"not_picked":["hexamod:ShieldOfDarkness","hexamod:InspiringFlames","hexamod:NightmareGuise"],"picked":"SKIP","floor":10},{"not_picked":["hexamod:UnlimitedPower","hexamod:AdvancingGuard","hexamod:HauntingEcho"],"picked":"SKIP","floor":11},{"not_picked":["hexamod:NightmareGuise","hexamod:Haunt","hexamod:PhantomCloak+1"],"picked":"SKIP","floor":12},{"not_picked":["hexamod:BurningTouch","hexamod:NightmareGuise"],"picked":"hexamod:ParanormalForm+1","floor":15},{"not_picked":["hexamod:UnleashSpirits","hexamod:FifthSeal"],"picked":"hexamod:GhostOfSpirePresent+1","floor":16}],"player_experience":172433,"relics_obtained":[{"floor":7,"key":"Frozen Egg 2"}],"event_choices":[],"is_beta":false,"boss_relics":[{"not_picked":["Coffee Dripper","hexamod:UnbrokenSoul"],"picked":"Velvet Choker"}],"items_purged_floors":[],"is_endless":false,"potions_floor_spawned":[5,9,10,11,12,15],"ascension_level":0}}