{"host":"gzk4gkgy3zij1c51","time":1611771868,"event":{"mods":["BaseMod","Colored Map","Downfall","Highlight Path","Marked Mod","Minty Spire (QoL Compilation)","Relic Stats","StSLib","everything is the same but u backflip on backflip"],"gold_per_floor":[99,118,132,10,25,25,51,79,79,111,128,1,20,20,34,34,34,34],"floor_reached":16,"language":"ENG","playtime":1244,"items_purged":[],"score":151,"play_id":"63294454-69c1-4dfb-9f0c-cd86fa59e927","local_time":"20210127182428","is_ascension_mode":true,"campfire_choices":[{"data":"sneckomod:WideSting","floor":6,"key":"SMITH"},{"floor":9,"key":"REST"}],"circlet_count":0,"master_deck":["sneckomod:Strike","sneckomod:Strike","sneckomod:Strike","sneckomod:Defend","sneckomod:Defend","sneckomod:Defend","sneckomod:TailWhip","sneckomod:SnekBite","sneckomod:Unknown","sneckomod:Mudshield+1","Guardian:Repulse","sneckomod:IronFang","sneckomod:UnknownColorless","sneckomod:QuickBite","sneckomod:WideSting+1","sneckomod:UnknownBlock","sneckomod:QuickMove","sneckomod:ImprovisedGuard","sneckomod:DiceBoulder","sneckomod:UnknownStrength","sneckomod:Unknown2Cost","sneckomod:MorePower","sneckomod:ImprovisedAttack","sneckomod:Memorize","sneckomod:SoulCleanse","sneckomod:UnknownCommonSkill","sneckomod:CheapStock"],"relics":["sneckomod:SneckoSoul","Dream Catcher","Mummified Hand","FossilizedHelix"],"acts_visited":["Exordium"],"potions_floor_usage":[8,10,12,13,16,16],"damage_taken":[{"damage":28,"enemies":"Small Slimes","floor":2,"turns":4},{"damage":14,"enemies":"Cultist","floor":3,"turns":5},{"damage":10,"enemies":"downfall:FleeingMerchant","floor":4,"turns":4},{"damage":3,"enemies":"2 Louse","floor":5,"turns":3},{"damage":21,"enemies":"3 Sentries","floor":8,"turns":7},{"damage":29,"enemies":"Lagavulin","floor":10,"turns":6},{"damage":0,"enemies":"Large Slime","floor":11,"turns":3},{"damage":3,"enemies":"downfall:FleeingMerchant","floor":12,"turns":4},{"damage":7,"enemies":"3 Louse","floor":13,"turns":5},{"damage":5,"enemies":"Red Slaver","floor":15,"turns":4},{"damage":26,"enemies":"SI_SHIV_ARCHETYPE","floor":16,"turns":6}],"seed_played":"-513003880487952904","potions_obtained":[{"floor":5,"key":"Regen Potion"},{"floor":8,"key":"FearPotion"},{"floor":11,"key":"sneckomod:DiceRollPotion"},{"floor":13,"key":"Ancient Potion"},{"floor":15,"key":"Block Potion"}],"is_trial":false,"path_per_floor":["R","M","M","$","M","R","T","E","R","E","M","$","M","?","M","B"],"character_chosen":"THE_SNECKO","items_purchased":["sneckomod:WideSting","sneckomod:UnknownBlock","sneckomod:ImprovisedAttack","Regen Potion"],"campfire_rested":1,"item_purchase_floors":[4,4,12,12],"current_hp_per_floor":[81,53,39,29,26,26,26,20,47,22,22,19,26,26,21,0,0,0],"gold":34,"neow_bonus":"ONE_RANDOM_RARE_CARD","is_daily":false,"chose_seed":false,"campfire_upgraded":1,"win_rate":0.0,"timestamp":1611771868,"path_taken":["R","M","M","$","M","R","T","E","R","E","M","$","M","?","M","BOSS"],"items_purchased_type":["Card","Card","Card","Potion"],"build_version":"2020-12-22","purchased_purges":0,"victory":false,"max_hp_per_floor":[90,90,90,90,90,90,90,90,90,90,90,90,90,90,90,90,90,90],"relic_stats":{"Dream Catcher":1,"counters":[11,51],"Mummified Hand":[20],"obtain_stats":[{"Dream Catcher":7,"Mummified Hand":8,"sneckomod:SneckoSoul":0,"FossilizedHelix":10},{"Dream Catcher":4,"Mummified Hand":5,"sneckomod:SneckoSoul":0,"FossilizedHelix":6},{"Dream Catcher":16,"Mummified Hand":23,"sneckomod:SneckoSoul":0,"FossilizedHelix":29}]},"card_choices":[{"not_picked":["sneckomod:UnknownDraw","sneckomod:QuickMove"],"picked":"sneckomod:IronFang","floor":2},{"not_picked":["sneckomod:Rotation","sneckomod:QuickBite"],"picked":"sneckomod:UnknownColorless","floor":3},{"not_picked":["sneckomod:MasterEye","sneckomod:SoulDraw"],"picked":"sneckomod:QuickBite","floor":4},{"not_picked":["sneckomod:UnknownCommonAttack","sneckomod:QuickBite"],"picked":"sneckomod:QuickMove","floor":5},{"not_picked":["sneckomod:UnknownUncommonAttack","sneckomod:DiceCrush"],"picked":"sneckomod:ImprovisedGuard","floor":8},{"not_picked":["sneckomod:Unknown0Cost","sneckomod:SoulDraw"],"picked":"sneckomod:DiceBoulder","floor":9},{"not_picked":["sneckomod:MixItUp","sneckomod:UnknownX"],"picked":"sneckomod:UnknownStrength","floor":10},{"not_picked":["sneckomod:QuickMove","sneckomod:UnknownDraw"],"picked":"sneckomod:Unknown2Cost","floor":11},{"not_picked":["sneckomod:MixItUp","sneckomod:SoulDraw"],"picked":"sneckomod:MorePower","floor":12},{"not_picked":["sneckomod:RainOfDice","sneckomod:Unknown2Cost"],"picked":"sneckomod:Memorize","floor":13},{"not_picked":["sneckomod:PureSnecko","sneckomod:UnknownStrike"],"picked":"sneckomod:SoulCleanse","floor":13},{"not_picked":["sneckomod:Unknown1Cost","sneckomod:DiceCrush"],"picked":"sneckomod:CheapStock","floor":15}],"player_experience":1081622,"relics_obtained":[{"floor":7,"key":"Dream Catcher"},{"floor":8,"key":"Mummified Hand"},{"floor":10,"key":"FossilizedHelix"}],"event_choices":[],"is_beta":false,"boss_relics":[],"items_purged_floors":[],"is_endless":false,"potions_floor_spawned":[5,8,11,13,15],"killed_by":"SI_SHIV_ARCHETYPE","ascension_level":7}}