{"host":"ds3v42j7tpaaz1mg","time":1611729065,"event":{"mods":["AchievementEnabler","Aspiration","BaseMod","Bestiary","Better Altar","Better Note","Better Sensory Stone","BetterRewards","Block Reminder","Colored Powertips","Conspire","Downfall","Energized Spire","Halation","Hermit","Highlight Path","Hubris","Infinite Spire","Jorbs\u0027s Wanderer Trilogy","Minty Spire (QoL Compilation)","Relic Stats","Replay The Spire","StSLib","The Elementalist","The Servant 0.9.4"],"gold_per_floor":[99,109,22,22,32,32,56,56,72,72,104,124,153,166,176,176,176,176],"floor_reached":16,"language":"ENG","playtime":835,"items_purged":[],"score":112,"play_id":"c7db584f-895a-414e-8c73-58306d2435c4","local_time":"20210127013105","is_ascension_mode":false,"campfire_choices":[{"data":"Guardian:DecasProtection","floor":1,"key":"SMITH"},{"data":"Guardian:TwinSlam","floor":6,"key":"SMITH"},{"floor":10,"key":"RECALL"}],"circlet_count":0,"master_deck":["Guardian:Strike_Guardian","Guardian:Strike_Guardian","Guardian:Strike_Guardian","Guardian:Strike_Guardian","Guardian:Defend_Guardian","Guardian:Defend_Guardian","Guardian:Defend_Guardian","Guardian:Defend_Guardian","Guardian:CurlUp","Guardian:TwinSlam+1","Guardian:Gem_Crimson","Guardian:Gem_Synthetic","Guardian:Gem_Orange","Guardian:SphericShield","Guardian:Gem_Lightblue","Guardian:DonusPower"],"relics":["Guardian:ModeShifter","Guardian:PickAxe","infinitespire:Bottled Soul","Ice Cream"],"acts_visited":["Exordium"],"potions_floor_usage":[3,11,16,16],"damage_taken":[{"damage":8,"enemies":"Jaw Worm","floor":2,"turns":5},{"damage":4,"enemies":"downfall:FleeingMerchant","floor":3,"turns":4},{"damage":4,"enemies":"Cultist","floor":5,"turns":4},{"damage":5,"enemies":"Small Slimes","floor":9,"turns":4},{"damage":5,"enemies":"Lagavulin","floor":11,"turns":6},{"damage":19,"enemies":"Exordium Thugs","floor":12,"turns":7},{"damage":18,"enemies":"Replay:BlueRogue","floor":13,"turns":5},{"damage":9,"enemies":"conspire:2 RoseBushes","floor":14,"turns":5},{"damage":0,"enemies":"3 Louse","floor":15,"turns":4},{"damage":25,"enemies":"IC_STATUS_ARCHETYPE","floor":16,"turns":10}],"seed_played":"1454357398465370457","potions_obtained":[{"floor":2,"key":"hexamod:SoulburnPotion"},{"floor":5,"key":"Strength Potion"},{"floor":13,"key":"SpeedPotion"},{"floor":15,"key":"Dexterity Potion"}],"is_trial":false,"path_per_floor":["R","M","$","?","M","R","T","R","M","R","E","M","E","M","M","B"],"character_chosen":"GUARDIAN","items_purchased":["Guardian:Gem_Crimson"],"campfire_rested":0,"item_purchase_floors":[3],"current_hp_per_floor":[80,72,68,80,76,76,76,76,71,71,66,47,29,20,20,0,0,0],"gold":176,"neow_bonus":"THREE_CARDS","is_daily":false,"chose_seed":false,"campfire_upgraded":2,"win_rate":0.0,"timestamp":1611729065,"path_taken":["R","M","$","?","M","R","T","R","M","R","E","M","E","M","M","BOSS"],"items_purchased_type":["Card"],"build_version":"2020-12-22","purchased_purges":0,"victory":false,"max_hp_per_floor":[80,80,80,80,80,80,80,80,80,80,80,80,80,80,80,80,80,80],"relic_stats":{"counters":[10,54],"obtain_stats":[{"Guardian:PickAxe":7,"Ice Cream":13,"infinitespire:Bottled Soul":11,"Guardian:ModeShifter":0},{"Guardian:PickAxe":3,"Ice Cream":7,"infinitespire:Bottled Soul":5,"Guardian:ModeShifter":0},{"Guardian:PickAxe":13,"Ice Cream":35,"infinitespire:Bottled Soul":23,"Guardian:ModeShifter":0}]},"card_choices":[{"not_picked":["Guardian:Recover","Guardian:Incinerate"],"picked":"Guardian:DecasProtection","floor":0},{"not_picked":["Guardian:CrystalBeam","Guardian:TemporalStrike"],"picked":"Guardian:Gem_Cyan","floor":2},{"not_picked":["Guardian:Gem_Green","Guardian:Emergency","Guardian:PrimingBeam"],"picked":"SKIP","floor":3},{"not_picked":["Guardian:WalkerClaw","Guardian:SpikerProtocol"],"picked":"Guardian:Gem_White","floor":5},{"not_picked":["Guardian:DonusPower","Guardian:Gem_Yellow","Guardian:Gem_Cyan"],"picked":"SKIP","floor":9},{"not_picked":["Guardian:Incinerate","Guardian:Gem_Cyan","Guardian:ShieldCharger"],"picked":"SKIP","floor":11},{"not_picked":["Guardian:Gem_Purple","Guardian:Emergency","Guardian:BronzeArmor"],"picked":"SKIP","floor":12},{"not_picked":["Guardian:VentSteam","Guardian:ShieldSpikes"],"picked":"Guardian:SphericShield","floor":13},{"not_picked":["Guardian:Gem_Cyan","Guardian:TemporalShield"],"picked":"Guardian:Gem_Lightblue","floor":14},{"not_picked":["Guardian:PolyBeam","Guardian:Gem_Blue"],"picked":"Guardian:DonusPower","floor":15}],"player_experience":653163,"relics_obtained":[{"floor":7,"key":"Guardian:PickAxe"},{"floor":11,"key":"infinitespire:Bottled Soul"},{"floor":13,"key":"Ice Cream"}],"event_choices":[{"cards_removed":["Guardian:DecasProtection"],"damage_healed":12,"gold_gain":0,"player_choice":"Offered Uncommon","damage_taken":0,"max_hp_gain":0,"max_hp_loss":0,"event_name":"Bonfire Elementals","floor":4,"gold_loss":0}],"is_beta":false,"boss_relics":[],"items_purged_floors":[],"is_endless":false,"potions_floor_spawned":[2,5,13,15],"killed_by":"IC_STATUS_ARCHETYPE","ascension_level":0}}