{"host":"j1eo1fqrqta44853","time":1611724498,"event":{"mods":["Act Like it!","Bartender","BaseMod","CatGirl Mod","Custom Start","Downfall","Elementarium","Gensokyo","GungeonMod","HololiveMod","Hubris","Infinite Spire","KinomotoSakuraMod(????)","Koishi","Lobotomy","LobotomyExtend","Marisa????????","Minty Spire (QoL Compilation)","Pale of the Ancients","Rare Cards Sparkle","Reimu??????","Reliquary","Replay The Spire","SIMod","Shedinja","Spire Arcade","StSLib","The Alterego","The Jungle","The Marked","The Mystic","The Runesmith","The Senshi","The Vixen","TheBandit","Waifu the Spire","WarShipGirlsR/????R mod","Yakumo Yukari mod"],"gold_per_floor":[119,119,119,130,205,232,0,11,84,116,116,153,165,206,206,308,308,321,321,321,340,360,360,39,70,70,70,86,86,112,31,31,31,31],"floor_reached":33,"language":"ENG","playtime":2726,"items_purged":["Burn","downfall:Bewildered"],"score":318,"play_id":"54c22394-127b-4edc-a99f-e1e681cd0751","local_time":"20210126231458","is_ascension_mode":false,"campfire_choices":[{"floor":11,"key":"RECALL"},{"floor":15,"key":"REST"},{"data":"DemoMod:ManualReload","floor":23,"key":"SMITH"},{"floor":29,"key":"REST"},{"floor":32,"key":"REST"}],"circlet_count":0,"master_deck":["DemoMod:Defend_Huntress","DemoMod:Defend_Huntress","DemoMod:Defend_Huntress","DemoMod:Defend_Huntress","DemoMod:Roll","DemoMod:ManualReload+1","DemoMod:RustySidearm","DemoMod:CrossBow+1","DemoMod:HardPowerCard","DemoMod:TeaPot","DemoMod:HardPowerCard","DemoMod:Evolver","DemoMod:Unity","DemoMod:Unmoved","DemoMod:BSG","DemoMod:BSG","DemoMod:DirectionalPad","Bite","Bite","Bite","Bite","Bite","DemoMod:AbyssalTentacle+1","DemoMod:ShadowBullets","Pot Of Greed","Pot Of Greed","Pot Of Greed","Necronomicurse","DemoMod:HardPowerCard","DemoMod:ShadowBullets","DemoMod:TableSutra"],"relics":["DemoMod:Dog","Cleaning_Rag","reliquary:Knoch","Bronze Scales","RuthlessExorcism:ReiMu","reliquary:SilkGlove","Runic Pyramid","sneckomod:BabySnecko","Grinning Jar","Happy Flower","DemoMod:SevenLeafClover","Necronomicon","DemoMod:Bottle"],"acts_visited":["Exordium","TheCity"],"potions_floor_usage":[6,25,33,33],"damage_taken":[{"damage":1,"enemies":"Jaw Worm","floor":1,"turns":3},{"damage":1,"enemies":"2 Louse","floor":4,"turns":3},{"damage":7,"enemies":"Gremlin Nob","floor":6,"turns":4},{"damage":0,"enemies":"Small Slimes","floor":8,"turns":2},{"damage":29,"enemies":"3 Sentries","floor":10,"turns":9},{"damage":0,"enemies":"3 Louse","floor":12,"turns":5},{"damage":0,"enemies":"3 Louse","floor":13,"turns":2},{"damage":0,"enemies":"Exordium Wildlife","floor":14,"turns":3},{"damage":20,"enemies":"Hexaghost","floor":16,"turns":7},{"damage":3,"enemies":"Chosen","floor":18,"turns":3},{"damage":0,"enemies":"3 Byrds","floor":21,"turns":2},{"damage":0,"enemies":"3 Cultists","floor":22,"turns":2},{"damage":12,"enemies":"Book of Stabbing","floor":25,"turns":5},{"damage":11,"enemies":"Snake Plant","floor":28,"turns":3},{"damage":20,"enemies":"Slavers","floor":30,"turns":4},{"damage":35,"enemies":"Automaton","floor":33,"turns":6}],"seed_played":"-2780309970020803950","potions_obtained":[{"floor":4,"key":"Weak Potion"},{"floor":14,"key":"sneckomod:MuddlingPotion"},{"floor":16,"key":"GamblersBrew"},{"floor":28,"key":"Dexterity Potion"},{"floor":30,"key":"Milkshake"}],"is_trial":false,"path_per_floor":["M","?","?","M","?","E","$","M","T","E","R","?","M","M","R","B",null,"M","?","?","M","M","R","$","E","T","?","M","R","E","$","R","B"],"character_chosen":"HUNTRESS","items_purchased":["Bronze Scales","DemoMod:ShadowBullets","Grinning Jar","DemoMod:TableSutra"],"campfire_rested":3,"item_purchase_floors":[7,24,24,31],"current_hp_per_floor":[69,69,69,68,68,61,61,61,61,32,32,32,32,32,53,33,70,67,49,49,49,49,49,49,39,39,23,16,30,14,14,28,0,0],"gold":31,"neow_bonus":"UPGRADE_CARD","is_daily":false,"chose_seed":false,"campfire_upgraded":1,"win_rate":0.0,"timestamp":1611724498,"path_taken":["M","?","?","M","?","E","$","M","T","E","R","?","M","?","R","BOSS","M","?","?","M","M","R","$","E","T","?","M","R","E","?","R","BOSS"],"items_purchased_type":["Relic","Card","Relic","Card"],"build_version":"2020-12-22","purchased_purges":2,"victory":false,"max_hp_per_floor":[70,70,70,70,70,70,70,70,70,70,70,70,70,70,70,70,70,70,49,49,49,49,49,49,49,49,49,49,49,49,49,49,49,49],"card_choices":[{"not_picked":["DemoMod:CursedBullets","DemoMod:Rummage"],"picked":"DemoMod:HardPowerCard","floor":1},{"not_picked":["DemoMod:AC15","DemoMod:HardPowerCard"],"picked":"DemoMod:TeaPot","floor":4},{"not_picked":["DemoMod:TeaPot","DemoMod:BoxingGlove"],"picked":"DemoMod:HardPowerCard","floor":6},{"not_picked":["DemoMod:JK47","DemoMod:EasyReloadBullets"],"picked":"DemoMod:Evolver","floor":8},{"not_picked":["DemoMod:Camera","DemoMod:StickyCrossBow","DemoMod:ProbeStrike"],"picked":"SKIP","floor":10},{"not_picked":["DemoMod:EasyReloadBullets","DemoMod:TeaPot"],"picked":"DemoMod:Unity","floor":12},{"not_picked":["DemoMod:StickyCrossBow","DemoMod:RadGun"],"picked":"DemoMod:Unmoved","floor":13},{"not_picked":["DemoMod:HuntsMan","DemoMod:DoubleSwitch"],"picked":"DemoMod:BSG","floor":14},{"not_picked":["DemoMod:DoubleVision","DemoMod:BlackHoleGun"],"picked":"DemoMod:BSG","floor":16},{"not_picked":["DemoMod:HardPowerCard+1","DemoMod:AWP+1"],"picked":"DemoMod:DirectionalPad","floor":18},{"not_picked":["DemoMod:MegaHand","DemoMod:BattleInHaste","DemoMod:Rummage"],"picked":"SKIP","floor":21},{"not_picked":["DemoMod:ConditionalReflex+1","DemoMod:Ejector"],"picked":"DemoMod:AbyssalTentacle+1","floor":22},{"not_picked":["DemoMod:HuntsMan","DemoMod:ProbeStrike","DemoMod:TeaPot+1"],"picked":"SKIP","floor":25},{"not_picked":["DemoMod:AC15+1","DemoMod:BulletBore"],"picked":"DemoMod:HardPowerCard","floor":28},{"not_picked":["DemoMod:TeaPot","DemoMod:DirectionalPad"],"picked":"DemoMod:ShadowBullets","floor":30}],"player_experience":1123319,"relics_obtained":[{"floor":6,"key":"reliquary:Knoch"},{"floor":10,"key":"RuthlessExorcism:ReiMu"},{"floor":12,"key":"reliquary:SilkGlove"},{"floor":25,"key":"Happy Flower"},{"floor":26,"key":"DemoMod:SevenLeafClover"},{"floor":27,"key":"Necronomicon"},{"floor":30,"key":"DemoMod:Bottle"}],"event_choices":[{"damage_healed":0,"gold_gain":0,"player_choice":"Became a vampire","damage_taken":0,"max_hp_gain":0,"max_hp_loss":21,"event_name":"Vampires","floor":19,"gold_loss":0,"cards_obtained":["Bite","Bite","Bite","Bite","Bite"]},{"damage_healed":0,"gold_gain":0,"player_choice":"Obtained Book","damage_taken":16,"max_hp_gain":0,"max_hp_loss":0,"event_name":"Cursed Tome","floor":27,"gold_loss":0}],"is_beta":false,"boss_relics":[{"not_picked":["DemoMod:ElasticCartridgeClip","reliquary:KinkedSpring"],"picked":"Runic Pyramid"}],"items_purged_floors":[7,24],"is_endless":false,"potions_floor_spawned":[4,14,16,28,30],"killed_by":"Automaton","ascension_level":0}}