{"host":"p62uqwu04pp7leh9","time":1611732424,"event":{"mods":["BaseMod","Block Reminder","Colored Map","Colored Powertips","Minty Spire (QoL Compilation)","Relic Stats"],"gold_per_floor":[115,132,146,146,146,175,175,189,189,114,134,169,195,210,210,314,314,324,249,259,16,29,29,49,78,78,78,178,178,178,196,196,296,296,312,323,43,55,65,90,90,100,100,100,115,43,43,59,59,59],"floor_reached":51,"language":"ENG","playtime":3727,"items_purged":["Strike_B","Defend_B","Defend_B"],"score":811,"play_id":"b6267211-80ae-48f4-8429-4458bb42d128","local_time":"20210127012704","is_ascension_mode":false,"campfire_choices":[{"data":"Skim","floor":7,"key":"SMITH"},{"floor":15,"key":"DIG"},{"floor":23,"key":"DIG"},{"floor":27,"key":"DIG"},{"floor":32,"key":"DIG"},{"floor":41,"key":"DIG"},{"floor":44,"key":"DIG"},{"floor":47,"key":"DIG"},{"floor":49,"key":"DIG"}],"circlet_count":0,"master_deck":["Zap","Dualcast+1","Ball Lightning","Defragment+1","Iron Wave","Skim+1","Redo","Sunder+1","Capacitor","Capacitor","Rainbow","Self Repair","Tempest+1","Chaos+1","Echo Form","Doom and Gloom+1","Ghostly","Ghostly","Ghostly","Ghostly","Ghostly","Redo","All For One+1","Reinforced Body+1","Beam Cell+1","Beam Cell+1","Tempest+1","Meteor Strike+1","Meteor Strike+1","Glacier+1"],"relics":["Nuclear Battery","Meat on the Bone","Incense Burner","Shovel","Odd Mushroom","Bottled Lightning","Philosopher\u0027s Stone","War Paint","Thread and Needle","Girya","Dream Catcher","FossilizedHelix","Du-Vu Doll","Molten Egg 2","Prayer Wheel","Astrolabe","Matryoshka","Mango","Bag of Preparation","Bottled Flame","Bronze Scales","Frozen Egg 2","Sundial"],"acts_visited":["Exordium","TheCity","TheBeyond"],"potions_floor_usage":[11,14,16,16,20,25,33,35,39,39,39],"damage_taken":[{"damage":1,"enemies":"Cultist","floor":1,"turns":4},{"damage":10,"enemies":"Small Slimes","floor":2,"turns":3},{"damage":0,"enemies":"2 Louse","floor":3,"turns":3},{"damage":14,"enemies":"Gremlin Nob","floor":6,"turns":4},{"damage":4,"enemies":"2 Fungi Beasts","floor":8,"turns":4},{"damage":5,"enemies":"3 Louse","floor":11,"turns":3},{"damage":4,"enemies":"Lagavulin","floor":12,"turns":5},{"damage":12,"enemies":"The Mushroom Lair","floor":13,"turns":4},{"damage":5,"enemies":"Gremlin Gang","floor":14,"turns":2},{"damage":18,"enemies":"The Guardian","floor":16,"turns":9},{"damage":56,"enemies":"3 Byrds","floor":18,"turns":6},{"damage":13,"enemies":"Chosen","floor":20,"turns":6},{"damage":22,"enemies":"Snake Plant","floor":22,"turns":3},{"damage":16,"enemies":"Chosen and Byrds","floor":24,"turns":4},{"damage":39,"enemies":"Slavers","floor":25,"turns":4},{"damage":0,"enemies":"Colosseum Slavers","floor":28,"turns":4},{"damage":27,"enemies":"Colosseum Nobs","floor":28,"turns":4},{"damage":0,"enemies":"Snecko","floor":31,"turns":5},{"damage":0,"enemies":"Automaton","floor":33,"turns":8},{"damage":0,"enemies":"3 Shapes","floor":35,"turns":3},{"damage":0,"enemies":"3 Darklings","floor":36,"turns":6},{"damage":0,"enemies":"Transient","floor":38,"turns":5},{"damage":0,"enemies":"Writhing Mass","floor":39,"turns":5},{"damage":0,"enemies":"Nemesis","floor":40,"turns":7},{"damage":0,"enemies":"3 Darklings","floor":42,"turns":4},{"damage":0,"enemies":"Jaw Worm Horde","floor":45,"turns":3},{"damage":0,"enemies":"Transient","floor":48,"turns":5},{"damage":0,"enemies":"Donu and Deca","floor":50,"turns":9}],"seed_played":"-8031670244310334489","potions_obtained":[{"floor":2,"key":"ColorlessPotion"},{"floor":11,"key":"SpeedPotion"},{"floor":12,"key":"AttackPotion"},{"floor":14,"key":"BlessingOfTheForge"},{"floor":18,"key":"Explosive Potion"},{"floor":24,"key":"Regen Potion"},{"floor":31,"key":"Fire Potion"},{"floor":33,"key":"ColorlessPotion"},{"floor":35,"key":"EntropicBrew"},{"floor":38,"key":"FearPotion"},{"floor":45,"key":"Fire Potion"}],"is_trial":false,"path_per_floor":["M","M","M","?","?","E","R","M","T","$","M","E","?","M","R","B",null,"M","?","M","$","M","R","M","E","T","R","?","?","?","M","R","B",null,"M","M","$","M","M","E","R","M","T","R","M","$","R","M","R","B",null],"character_chosen":"DEFECT","items_purchased":["War Paint","Meteor Strike+1","Regen Potion"],"campfire_rested":0,"item_purchase_floors":[21,37,46],"current_hp_per_floor":[74,64,64,64,64,50,50,46,46,46,41,49,49,44,44,38,75,31,31,37,37,34,34,37,29,29,29,40,37,37,37,37,37,37,37,37,37,37,37,37,51,51,51,51,51,51,51,51,51,51],"gold":59,"neow_bonus":"BOSS_RELIC","is_daily":false,"chose_seed":false,"campfire_upgraded":1,"win_rate":0.0,"timestamp":1611732424,"path_taken":["M","M","?","?","?","E","R","M","T","$","?","E","?","M","R","BOSS","M","?","M","$","M","R","M","E","T","R","?","?","?","M","R","BOSS","M","M","$","M","M","E","R","M","T","R","M","$","R","M","R","BOSS"],"items_purchased_type":["Relic","Card","Potion"],"build_version":"2020-12-22","purchased_purges":3,"victory":true,"max_hp_per_floor":[75,75,75,75,75,75,75,75,75,75,75,75,75,75,75,75,75,75,75,75,75,75,75,75,75,75,75,75,37,37,37,37,37,37,37,37,37,37,37,37,51,51,51,51,51,51,51,51,51,51],"relic_stats":{"Dream Catcher":0,"Shovel":8,"counters":[28,132],"Sundial":[0],"Astrolabe":["Reinforced Body","Beam Cell","Beam Cell"],"Bronze Scales":[45],"Prayer Wheel":7,"Bag of Preparation":[6],"War Paint":["Tempest","Dualcast"],"obtain_stats":[{"Girya":25,"Astrolabe":34,"Thread and Needle":23,"Mango":41,"Incense Burner":9,"Bag of Preparation":43,"Odd Mushroom":13,"War Paint":21,"Frozen Egg 2":47,"Nuclear Battery":0,"Du-Vu Doll":28,"Dream Catcher":26,"Bottled Flame":43,"Shovel":12,"Matryoshka":40,"Sundial":49,"Bronze Scales":44,"Philosopher\u0027s Stone":17,"Molten Egg 2":28,"Prayer Wheel":32,"Bottled Lightning":15,"Cracked Core":0,"FossilizedHelix":27,"Meat on the Bone":6},{"Girya":15,"Astrolabe":19,"Thread and Needle":13,"Mango":24,"Incense Burner":5,"Bag of Preparation":25,"Odd Mushroom":8,"War Paint":12,"Frozen Egg 2":26,"Nuclear Battery":0,"Du-Vu Doll":17,"Dream Catcher":15,"Bottled Flame":25,"Shovel":7,"Matryoshka":24,"Sundial":27,"Bronze Scales":25,"Philosopher\u0027s Stone":10,"Molten Egg 2":17,"Prayer Wheel":18,"Bottled Lightning":9,"Cracked Core":0,"FossilizedHelix":15,"Meat on the Bone":4},{"Girya":64,"Astrolabe":85,"Thread and Needle":56,"Mango":111,"Incense Burner":18,"Bag of Preparation":115,"Odd Mushroom":30,"War Paint":53,"Frozen Egg 2":118,"Nuclear Battery":0,"Du-Vu Doll":72,"Dream Catcher":64,"Bottled Flame":115,"Shovel":26,"Matryoshka":111,"Sundial":123,"Bronze Scales":115,"Philosopher\u0027s Stone":41,"Molten Egg 2":72,"Prayer Wheel":77,"Bottled Lightning":32,"Cracked Core":0,"FossilizedHelix":64,"Meat on the Bone":14}],"Meat on the Bone":120},"card_choices":[{"not_picked":["Leap","Barrage"],"picked":"Ball Lightning","floor":1},{"not_picked":["Barrage","Leap","Stack"],"picked":"SKIP","floor":2},{"not_picked":["Coolheaded","Turbo"],"picked":"Defragment","floor":3},{"not_picked":["Cold Snap","Go for the Eyes"],"picked":"Skim","floor":6},{"not_picked":["Aggregate","Ball Lightning"],"picked":"Redo","floor":8},{"not_picked":["Reprogram","Streamline"],"picked":"Sunder","floor":11},{"not_picked":["Hologram","Darkness"],"picked":"Capacitor","floor":12},{"not_picked":["Turbo","Barrage"],"picked":"Capacitor","floor":14},{"not_picked":["Buffer","Creative AI"],"picked":"Rainbow","floor":16},{"not_picked":["Ball Lightning","Stack+1"],"picked":"Self Repair","floor":18},{"not_picked":["Double Energy","Streamline"],"picked":"Tempest","floor":20},{"not_picked":["Coolheaded","Steam"],"picked":"Chaos+1","floor":22},{"not_picked":["Steam","Cold Snap"],"picked":"Echo Form","floor":24},{"not_picked":["Steam Power","Turbo"],"picked":"Doom and Gloom+1","floor":25},{"not_picked":["Conserve Battery","Rip and Tear+1"],"picked":"Redo","floor":31},{"not_picked":["Seek","Echo Form"],"picked":"All For One+1","floor":33},{"not_picked":["Leap+1","Beam Cell+1","Ball Lightning+1"],"picked":"SKIP","floor":35},{"not_picked":["Force Field","Go for the Eyes+1","Recycle"],"picked":"SKIP","floor":35},{"not_picked":["Coolheaded+1","Conserve Battery"],"picked":"Tempest+1","floor":36},{"not_picked":["Turbo","Compile Driver+1","Steam+1"],"picked":"SKIP","floor":36},{"not_picked":["Leap+1","Doom and Gloom+1"],"picked":"Meteor Strike+1","floor":38},{"not_picked":["Sweeping Beam+1","Ball Lightning+1"],"picked":"Glacier+1","floor":38},{"not_picked":["Self Repair+1","Cold Snap+1","Sunder+1"],"picked":"SKIP","floor":39},{"not_picked":["Sweeping Beam+1","Stack","Auto Shields+1"],"picked":"SKIP","floor":39},{"not_picked":["Hologram","Leap+1","Tempest+1"],"picked":"SKIP","floor":40},{"not_picked":["Echo Form","Barrage+1","Steam+1"],"picked":"SKIP","floor":42},{"not_picked":["Streamline+1","Doom and Gloom+1","Blizzard+1"],"picked":"SKIP","floor":42},{"not_picked":["Capacitor","Rebound+1","Force Field+1"],"picked":"SKIP","floor":45},{"not_picked":["Barrage+1","Go for the Eyes+1","Ball Lightning+1"],"picked":"SKIP","floor":45},{"not_picked":["Steam","Coolheaded+1","Beam Cell+1"],"picked":"SKIP","floor":48},{"not_picked":["Barrage+1","Doom and Gloom+1","Coolheaded"],"picked":"SKIP","floor":48}],"player_experience":376436,"relics_obtained":[{"floor":6,"key":"Meat on the Bone"},{"floor":9,"key":"Incense Burner"},{"floor":12,"key":"Shovel"},{"floor":13,"key":"Odd Mushroom"},{"floor":15,"key":"Bottled Lightning"},{"floor":23,"key":"Thread and Needle"},{"floor":25,"key":"Girya"},{"floor":26,"key":"Dream Catcher"},{"floor":27,"key":"FossilizedHelix"},{"floor":28,"key":"Du-Vu Doll"},{"floor":28,"key":"Molten Egg 2"},{"floor":32,"key":"Prayer Wheel"},{"floor":40,"key":"Matryoshka"},{"floor":41,"key":"Mango"},{"floor":43,"key":"Bag of Preparation"},{"floor":43,"key":"Bottled Flame"},{"floor":44,"key":"Bronze Scales"},{"floor":47,"key":"Frozen Egg 2"},{"floor":49,"key":"Sundial"}],"event_choices":[{"damage_healed":0,"gold_gain":0,"player_choice":"Grow","damage_taken":0,"max_hp_gain":0,"max_hp_loss":0,"event_name":"Living Wall","floor":4,"gold_loss":0,"cards_upgraded":["Defragment"]},{"cards_removed":["Defend_B"],"damage_healed":0,"gold_gain":0,"player_choice":"Took Card","damage_taken":0,"max_hp_gain":0,"max_hp_loss":0,"event_name":"NoteForYourself","floor":5,"gold_loss":0,"cards_obtained":["Iron Wave"]},{"damage_healed":0,"gold_gain":0,"player_choice":"Fought Mushrooms","damage_taken":0,"max_hp_gain":0,"max_hp_loss":0,"event_name":"Mushrooms","floor":13,"gold_loss":0},{"cards_removed":["Strike_B"],"damage_healed":0,"gold_gain":0,"player_choice":"Gave Gold","damage_taken":0,"max_hp_gain":0,"max_hp_loss":0,"event_name":"Beggar","floor":19,"gold_loss":75},{"damage_healed":0,"gold_gain":0,"player_choice":"Fight","damage_taken":0,"max_hp_gain":0,"max_hp_loss":0,"event_name":"Colosseum","floor":28,"gold_loss":0},{"damage_healed":0,"gold_gain":0,"player_choice":"Fought Nobs","damage_taken":0,"max_hp_gain":0,"max_hp_loss":0,"event_name":"Colosseum","floor":28,"gold_loss":0},{"damage_healed":0,"gold_gain":0,"player_choice":"Became a Ghost","damage_taken":0,"max_hp_gain":0,"max_hp_loss":38,"event_name":"Ghosts","floor":29,"gold_loss":0,"cards_obtained":["Ghostly","Ghostly","Ghostly","Ghostly","Ghostly"]},{"damage_healed":0,"gold_gain":0,"player_choice":"Upgraded","damage_taken":0,"max_hp_gain":0,"max_hp_loss":0,"event_name":"Upgrade Shrine","floor":30,"gold_loss":0,"cards_upgraded":["Sunder"]}],"is_beta":false,"boss_relics":[{"not_picked":["Cursed Key","Busted Crown"],"picked":"Philosopher\u0027s Stone"},{"not_picked":["Velvet Choker","Snecko Eye"],"picked":"Astrolabe"}],"items_purged_floors":[10,21,37],"is_endless":false,"potions_floor_spawned":[2,11,12,14,18,24,31,33,35,38,45],"ascension_level":0}}