{"host":"9wmbndr0y3287dmq","time":1611772525,"event":{"mods":["BaseMod","Hermit","Marisa????????","Minty Spire (QoL Compilation)","StSLib","The Bug Knight","The Cursed","The Runesmith","The Servant 0.9.4"],"gold_per_floor":[112,187,187,200,219,239,164,164,188,218,259,259,279,315,315,446,446,470,484,108,108,129,129,129],"floor_reached":23,"language":"FRA","playtime":2238,"items_purged":[],"score":201,"play_id":"e1397aca-e743-4c0c-93b1-ddbfa2579d5f","local_time":"20210127193525","is_ascension_mode":false,"campfire_choices":[{"data":"hermit:Brawl","floor":8,"key":"SMITH"},{"floor":12,"key":"REST"},{"floor":15,"key":"REST"}],"circlet_count":0,"master_deck":["hermit:Strike_Hermit","hermit:Strike_Hermit+1","hermit:Strike_Hermit","hermit:Strike_Hermit","hermit:Defend_Hermit","hermit:Defend_Hermit","hermit:Defend_Hermit","hermit:Defend_Hermit","hermit:Snapshot","hermit:Covet","hermit:TrackingShot","Injury","hermit:PistolWhip","hermit:Glare","hermit:Shortfuse","hermit:Brawl+1","hermit:Enervate+1","hermit:ShadowCloak","hermit:Reprieve","hermit:Dissolve","hermit:Coalescence","hermit:Roughhouse","hermit:FromBeyond+1","hermit:FinalCanter+1","hermit:Determination"],"relics":["hermit:ClaspedLocket","Potion Belt","Golden Idol","Odd Mushroom","Toy Ornithopter","HollowMod:StagPassRelic","Whetstone"],"acts_visited":["Exordium","TheCity"],"potions_floor_usage":[5,14,16,16,22,23],"damage_taken":[{"damage":11,"enemies":"Jaw Worm","floor":1,"turns":2},{"damage":0,"enemies":"Small Slimes","floor":4,"turns":3},{"damage":0,"enemies":"2 Louse","floor":5,"turns":2},{"damage":4,"enemies":"Blue Slaver","floor":6,"turns":3},{"damage":17,"enemies":"The Mushroom Lair","floor":10,"turns":4},{"damage":13,"enemies":"Lagavulin","floor":11,"turns":4},{"damage":17,"enemies":"Exordium Thugs","floor":13,"turns":6},{"damage":20,"enemies":"HollowMod:MossKnight","floor":14,"turns":7},{"damage":31,"enemies":"Slime Boss","floor":16,"turns":8},{"damage":12,"enemies":"Chosen","floor":18,"turns":5},{"damage":57,"enemies":"Cultist and Chosen","floor":19,"turns":10},{"damage":31,"enemies":"Centurion and Healer","floor":22,"turns":6},{"damage":34,"enemies":"Gremlin Leader","floor":23,"turns":5}],"seed_played":"-174353758871318382","potions_obtained":[{"floor":1,"key":"Explosive Potion"},{"floor":5,"key":"hermit:Tonic"},{"floor":6,"key":"BlessingOfTheForge"},{"floor":11,"key":"SteroidPotion"},{"floor":14,"key":"Fruit Juice"},{"floor":18,"key":"hermit:BlackBile"},{"floor":19,"key":"FairyPotion"}],"is_trial":false,"path_per_floor":["M","?","?","M","M","M","$","R","T","?","E","R","M","E","R","B",null,"M","M","$","?","M","E"],"character_chosen":"HERMIT","items_purchased":["hermit:Brawl","Whetstone","hermit:FromBeyond","hermit:FinalCanter"],"campfire_rested":2,"item_purchase_floors":[7,20,20,20],"current_hp_per_floor":[64,53,53,53,53,49,49,49,49,32,19,41,24,9,31,19,80,68,15,15,15,24,0,0],"gold":129,"neow_bonus":"RANDOM_COMMON_RELIC","is_daily":false,"chose_seed":false,"campfire_upgraded":1,"win_rate":0.0,"timestamp":1611772525,"path_taken":["M","?","?","M","?","M","$","R","T","?","E","R","M","E","R","BOSS","M","M","$","?","M","E"],"items_purchased_type":["Card","Relic","Card","Card"],"build_version":"2020-12-22","purchased_purges":0,"victory":false,"max_hp_per_floor":[75,75,75,75,75,75,75,75,75,75,75,75,75,75,75,80,80,80,80,80,80,80,80,80],"card_choices":[{"not_picked":["hermit:Gestalt","hermit:BigShot"],"picked":"hermit:TrackingShot","floor":1},{"not_picked":["hermit:Scavenge","hermit:ItchyTrigger"],"picked":"hermit:PistolWhip","floor":4},{"not_picked":["hermit:Quickdraw","hermit:CalledShot"],"picked":"hermit:Glare","floor":5},{"not_picked":["hermit:WideOpen","hermit:Misfire"],"picked":"hermit:Shortfuse","floor":6},{"not_picked":["hermit:Shortfuse","hermit:CalledShot"],"picked":"hermit:Enervate","floor":10},{"not_picked":["hermit:Spite","hermit:Dive"],"picked":"hermit:ShadowCloak","floor":11},{"not_picked":["hermit:LowProfile","hermit:WideOpen","hermit:Glare"],"picked":"SKIP","floor":13},{"not_picked":["hermit:Gestalt","hermit:ShadowCloak"],"picked":"hermit:Reprieve","floor":14},{"not_picked":["hermit:Magnum","hermit:Gambit"],"picked":"hermit:Dissolve","floor":16},{"not_picked":["hermit:HoleUp","hermit:Roulette"],"picked":"hermit:Coalescence","floor":18},{"not_picked":["hermit:Grudge","hermit:TrackingShot"],"picked":"hermit:Roughhouse","floor":19},{"not_picked":["hermit:TrackingShot","hermit:WideOpen"],"picked":"hermit:Determination","floor":22}],"player_experience":249097,"relics_obtained":[{"floor":10,"key":"Odd Mushroom"},{"floor":11,"key":"Toy Ornithopter"},{"floor":14,"key":"HollowMod:StagPassRelic"}],"event_choices":[{"damage_healed":0,"gold_gain":75,"player_choice":"Gather Gold","damage_taken":11,"max_hp_gain":0,"max_hp_loss":0,"event_name":"World of Goop","floor":2,"gold_loss":0},{"damage_healed":0,"gold_gain":0,"player_choice":"Take Wound","damage_taken":0,"relics_obtained":["Golden Idol"],"max_hp_gain":0,"max_hp_loss":0,"event_name":"Golden Idol","floor":3,"gold_loss":0,"cards_obtained":["Injury"]},{"damage_healed":0,"gold_gain":0,"player_choice":"Fought Mushrooms","damage_taken":0,"max_hp_gain":0,"max_hp_loss":0,"event_name":"Mushrooms","floor":10,"gold_loss":0},{"damage_healed":0,"gold_gain":0,"player_choice":"Ignored","damage_taken":0,"max_hp_gain":0,"max_hp_loss":0,"event_name":"Ghosts","floor":21,"gold_loss":0}],"is_beta":false,"boss_relics":[{"not_picked":["Runic Dome","Ectoplasm"],"picked":"hermit:ClaspedLocket"}],"items_purged_floors":[],"is_endless":false,"potions_floor_spawned":[1,5,6,11,14,18,19],"killed_by":"Gremlin Leader","ascension_level":0}}