{"host":"fq5a7kd6406eba4c","time":1611722604,"event":{"mods":["AchievementEnabler","BaseMod","Best Route Mod","Block Reminder","Colored Map","Colored Powertips","Filter the Spire","Minty Spire (QoL Compilation)","Quick Restart","Relic Sorter","Relic Stats"],"gold_per_floor":[110,110,120,7,7,7,39,53,130,130,130],"floor_reached":10,"language":"ENG","playtime":496,"items_purged":["Strike_B"],"score":69,"play_id":"08196d5d-115d-4853-a2a8-d654ee3dd3c6","local_time":"20210126204324","is_ascension_mode":true,"campfire_choices":[{"data":"Defragment","floor":6,"key":"SMITH"}],"circlet_count":0,"master_deck":["Strike_B","Strike_B","Strike_B","Defend_B","Defend_B","Defend_B","Defend_B","Zap","Dualcast","Sunder","Defragment+1","Chaos"],"relics":["Inserter","Dream Catcher","Anchor","Cables"],"acts_visited":["Exordium"],"potions_floor_usage":[7,10],"damage_taken":[{"damage":6,"enemies":"Jaw Worm","floor":1,"turns":4},{"damage":0,"enemies":"Small Slimes","floor":3,"turns":2},{"damage":19,"enemies":"3 Sentries","floor":7,"turns":9},{"damage":0,"enemies":"2 Louse","floor":8,"turns":3},{"damage":72,"enemies":"Gremlin Nob","floor":10,"turns":5}],"seed_played":"3823612215406466074","potions_obtained":[{"floor":3,"key":"Dexterity Potion"},{"floor":8,"key":"SteroidPotion"}],"is_trial":false,"path_per_floor":["M","?","M","$","?","R","E","M","T","E"],"character_chosen":"DEFECT","items_purchased":["Chaos"],"campfire_rested":0,"item_purchase_floors":[4],"current_hp_per_floor":[69,62,62,62,67,67,48,48,48,0,0],"gold":130,"neow_bonus":"BOSS_RELIC","is_daily":false,"chose_seed":false,"campfire_upgraded":1,"win_rate":0.0,"timestamp":1611722604,"path_taken":["M","?","M","$","?","R","E","M","T","E"],"items_purchased_type":["Card"],"build_version":"2020-12-22","purchased_purges":1,"victory":false,"max_hp_per_floor":[75,75,75,75,80,80,80,80,80,80,80],"relic_stats":{"Dream Catcher":0,"Inserter":[11],"counters":[5,23],"obtain_stats":[{"Dream Catcher":2,"Anchor":7,"Inserter":0,"Cracked Core":0,"Cables":9},{"Dream Catcher":1,"Anchor":3,"Inserter":0,"Cracked Core":0,"Cables":4},{"Dream Catcher":4,"Anchor":15,"Inserter":0,"Cracked Core":0,"Cables":18}],"Cables":[5,0,1,0,4]},"card_choices":[{"not_picked":["Sweeping Beam","Rebound"],"picked":"Sunder","floor":1},{"not_picked":["Streamline","Static Discharge"],"picked":"Defragment","floor":3},{"not_picked":["Meteor Strike","Tempest","Redo"],"picked":"SKIP","floor":7},{"not_picked":["Sweeping Beam","Recycle","Turbo"],"picked":"SKIP","floor":8}],"player_experience":402658,"relics_obtained":[{"floor":7,"key":"Anchor"},{"floor":9,"key":"Cables"}],"event_choices":[{"damage_healed":0,"gold_gain":0,"player_choice":"Success","damage_taken":7,"relics_obtained":["Dream Catcher"],"max_hp_gain":0,"max_hp_loss":0,"event_name":"Scrap Ooze","floor":2,"gold_loss":0},{"damage_healed":0,"gold_gain":0,"player_choice":"Donut","damage_taken":0,"max_hp_gain":5,"max_hp_loss":0,"event_name":"Big Fish","floor":5,"gold_loss":0}],"is_beta":false,"boss_relics":[],"items_purged_floors":[4],"is_endless":false,"potions_floor_spawned":[3,8],"killed_by":"Gremlin Nob","ascension_level":1}}