{"host":"a49aoqbkajnlmy9c","time":1611724553,"event":{"mods":["100% Spire Juice","2.2 Compatiblity","AchievementEnabler","Act Like it!","AlwaysNeverKeys","Arknights The Spire","BaseMod","Better Match","BetterRewards","Block Reminder","Colored Map","Colored Powertips","Downfall","Emptier Cage","Friendly Minions","Gensokyo","GifTheSpireLib","Gremlin Skip","Halation","HololiveMod","Hubris","Hyrulean Relics","Infinite Spire","Ironclad Rager","Marisa????????","Minty Spire (QoL Compilation)","Prisma Mod","Quarter Circle Forward PUNCH!","Quick Restart","Random Character Button","Reimu??????","Relic Filter","Reorder Act Four","StSLib","The Alterego","The Animator","Transform Curses","Treasure Hunter","Unceasing Turn Reminder","Useless Jewels Mod","Virulent Crown","Waifu the Spire","WarShipGirlsR/????R mod","Yakumo Yukari mod","Yuyuko"],"gold_per_floor":[116,127,24,24,36,51,108,126,30,41,57,57,57,74,74,172,52,68,81,81,93,93,93],"floor_reached":22,"language":"ENG","playtime":905,"items_purged":[],"score":267,"play_id":"0a6957f3-8c30-4fed-a8f7-729a5c34f88e","local_time":"20210127001553","is_ascension_mode":false,"campfire_choices":[{"data":"Moonworks:Ambush","floor":12,"key":"SMITH"},{"data":"Moonworks:CloudOfSeagulls","floor":15,"key":"SMITH"}],"circlet_count":0,"master_deck":["Moonworks:Strike","Moonworks:Strike","Moonworks:Strike","Moonworks:Strike","Moonworks:Defend","Moonworks:Defend","Moonworks:Defend","Moonworks:Defend","Moonworks:Ambush+1","Moonworks:LongDistanceShot","Moonworks:Assault","Moonworks:EvilSpyWorkPreparation","Moonworks:MixPhenomenon","Moonworks:MiracleRedBeanIceCream","TH:CopperCoins","Moonworks:SakisCookie","Moonworks:IndiscriminateFireSupport","Moonworks:JonathanRush","TH:ArmorSpikes","Moonworks:JonathanRush","Moonworks:EvilSpyWorkPreparation","Moonworks:CloudOfSeagulls+1","TH:CopperCoins","Moonworks:Accelerator+1","Moonworks:CloudOfSeagulls","Moonworks:Assault","Moonworks:IndiscriminateFireSupport"],"relics":["Moonworks:BrokenBomb","Moonworks:Homemark","hubris:Icosahedron","Frozen Egg 2","Hololive_LightStick","Ancient Tea Set","halation:HeavySnake"],"acts_visited":["Exordium","TheCity"],"potions_floor_usage":[6,7,21],"damage_taken":[{"damage":0,"enemies":"Small Slimes","floor":1,"turns":2},{"damage":12,"enemies":"2 Louse","floor":2,"turns":2},{"damage":8,"enemies":"Jaw Worm","floor":3,"turns":3},{"damage":4,"enemies":"Large Slime","floor":5,"turns":5},{"damage":30,"enemies":"Lagavulin","floor":6,"turns":6},{"damage":0,"enemies":"Lagavulin Event","floor":7,"turns":2},{"damage":0,"enemies":"2 Fungi Beasts","floor":8,"turns":2},{"damage":0,"enemies":"Exordium Wildlife","floor":10,"turns":2},{"damage":25,"enemies":"Exordium Thugs","floor":11,"turns":3},{"damage":0,"enemies":"2 Fungi Beasts","floor":14,"turns":2},{"damage":0,"enemies":"Slime Boss","floor":16,"turns":4},{"damage":25,"enemies":"2 Thieves","floor":18,"turns":3},{"damage":30,"enemies":"Shell Parasite","floor":19,"turns":4},{"damage":24,"enemies":"Snecko","floor":21,"turns":5},{"damage":6,"enemies":"3 Cultists","floor":22,"turns":2}],"seed_played":"7768040944858154150","potions_obtained":[{"floor":2,"key":"LiquidMemories"},{"floor":3,"key":"Fire Potion"},{"floor":5,"key":"AttackPotion"},{"floor":7,"key":"Explosive Potion"},{"floor":11,"key":"CultistPotion"},{"floor":18,"key":"Moonworks:OneHundredPercentOrangeJuicePotion"},{"floor":21,"key":"AttackPotion"}],"is_trial":false,"path_per_floor":["M","M","M","?","M","E","?","M","T","M","M","R","$","M","R","B",null,"M","M","?","M","M"],"character_chosen":"THE_STARBREAKER","items_purchased":[],"campfire_rested":0,"item_purchase_floors":[],"current_hp_per_floor":[66,54,46,46,42,17,17,22,22,27,51,51,51,51,51,56,66,46,21,21,2,0,0],"gold":93,"neow_bonus":"TEN_PERCENT_HP_BONUS","is_daily":false,"chose_seed":false,"campfire_upgraded":2,"win_rate":0.0,"timestamp":1611724553,"path_taken":["M","M","M","?","M","E","?","M","T","M","M","R","$","M","R","BOSS","M","M","?","M","M"],"items_purchased_type":[],"build_version":"2020-12-22","purchased_purges":0,"victory":false,"max_hp_per_floor":[66,66,66,66,66,66,66,66,66,66,66,66,66,66,66,66,66,66,66,66,66,66,66],"card_choices":[{"not_picked":["Moonworks:LulusLuckyEgg","Moonworks:SakisCookie"],"picked":"Moonworks:Assault","floor":1},{"not_picked":["Moonworks:CompletionReward","Moonworks:x16BigRocket"],"picked":"Moonworks:EvilSpyWorkPreparation","floor":2},{"not_picked":["Moonworks:ImOnFire","Moonworks:Poppoformation"],"picked":"Moonworks:MixPhenomenon","floor":3},{"not_picked":["Moonworks:CloudOfSeagulls","Moonworks:SakisCookie"],"picked":"Moonworks:MiracleRedBeanIceCream","floor":5},{"not_picked":["TH:ArmorSpikes"],"picked":"TH:CopperCoins","floor":6},{"not_picked":["Moonworks:DeployBits","Moonworks:WeAreWaruda"],"picked":"Moonworks:SakisCookie","floor":6},{"not_picked":["Moonworks:NicePresent","Moonworks:SakisCookie"],"picked":"Moonworks:IndiscriminateFireSupport","floor":7},{"not_picked":["Moonworks:SakisCookie","Moonworks:Assault"],"picked":"Moonworks:JonathanRush","floor":8},{"not_picked":["TH:TreasureMap"],"picked":"TH:ArmorSpikes","floor":9},{"not_picked":["Moonworks:CastOff","Moonworks:CookingTime"],"picked":"Moonworks:JonathanRush","floor":10},{"not_picked":["Moonworks:CompletionReward","Moonworks:ImOnFire"],"picked":"Moonworks:EvilSpyWorkPreparation","floor":11},{"not_picked":["Moonworks:SakisCookie","Moonworks:SubspaceTunnel"],"picked":"Moonworks:CloudOfSeagulls","floor":14},{"not_picked":["TH:ElvenBoots"],"picked":"TH:CopperCoins","floor":16},{"not_picked":["Moonworks:CrystalBarrier+1","Moonworks:EvilMastermind"],"picked":"Moonworks:Accelerator+1","floor":16},{"not_picked":["Moonworks:FinalSurgery","Moonworks:FullSpeedAlicianrone"],"picked":"Moonworks:CloudOfSeagulls","floor":18},{"not_picked":["Moonworks:ImOnFire","Moonworks:LulusLuckyEgg"],"picked":"Moonworks:Assault","floor":19},{"not_picked":["Moonworks:TacticalRetreat","Moonworks:Assault"],"picked":"Moonworks:IndiscriminateFireSupport","floor":21}],"player_experience":601838,"relics_obtained":[{"floor":6,"key":"Frozen Egg 2"},{"floor":7,"key":"Hololive_LightStick"},{"floor":9,"key":"Ancient Tea Set"}],"event_choices":[{"damage_healed":0,"gold_gain":0,"player_choice":"Searched \u00271\u0027 times","damage_taken":0,"max_hp_gain":0,"max_hp_loss":0,"event_name":"Dead Adventurer","floor":7,"gold_loss":0}],"is_beta":false,"boss_relics":[{"not_picked":["hubris:BlackHole","halation:PinkAlligatorPlush"],"picked":"halation:HeavySnake"}],"items_purged_floors":[],"is_endless":false,"potions_floor_spawned":[2,3,5,7,11,16,18,21],"killed_by":"3 Cultists","ascension_level":0}}