{"host":"kpyf5rnb72uwap8k","time":1611713844,"event":{"mods":["AchievementEnabler","BaseMod","Colored Map","Colored Powertips","DeckTracker","Minty Spire (QoL Compilation)","Permanent Neow","Quick Restart","StSLib","SuperFastMode"],"gold_per_floor":[115,62,72,22,36,66,79,79,79,110,110,110,125,143,143,248,248,262,251,251,265,281,281,298,114,114,14,14,14,113,144,144,144,144],"floor_reached":33,"language":"KOR","playtime":2158,"items_purged":["Strike_G+1","Strike_G+1"],"score":291,"play_id":"6696d2b8-5164-42cf-abbb-a9bb41555ae2","local_time":"20210127111724","is_ascension_mode":true,"campfire_choices":[{"floor":8.0,"key":"REST"},{"data":"Acrobatics","floor":11.0,"key":"SMITH"},{"data":"PiercingWail","floor":15.0,"key":"SMITH"},{"floor":23.0,"key":"REST"},{"data":"Flying Knee","floor":29.0,"key":"SMITH"},{"floor":32,"key":"REST"}],"circlet_count":0,"master_deck":["Strike_G+1","Defend_G+1","Defend_G+1","Defend_G+1","Defend_G+1","Defend_G+1","Survivor","Neutralize","Acrobatics+1","Underhanded Strike","Flying Knee+1","Underhanded Strike","PiercingWail+1","After Image","Tactician+1","Dodge and Roll","Reflex","Backstab","Acrobatics"],"relics":["Ring of the Snake","Anchor","Meat on the Bone","Incense Burner","HoveringKite","Blue Candle","Snake Skull"],"acts_visited":["Exordium","TheCity"],"potions_floor_usage":[31,33],"damage_taken":[{"damage":0.0,"enemies":"Small Slimes","floor":1.0,"turns":4.0},{"damage":0.0,"enemies":"Jaw Worm","floor":3.0,"turns":3.0},{"damage":0.0,"enemies":"2 Louse","floor":5.0,"turns":2.0},{"damage":23.0,"enemies":"3 Sentries","floor":6.0,"turns":13.0},{"damage":1.0,"enemies":"2 Fungi Beasts","floor":7.0,"turns":3.0},{"damage":3.0,"enemies":"Lagavulin","floor":10.0,"turns":7.0},{"damage":0.0,"enemies":"Large Slime","floor":13.0,"turns":3.0},{"damage":0.0,"enemies":"Exordium Thugs","floor":14.0,"turns":5.0},{"damage":52.0,"enemies":"Hexaghost","floor":16.0,"turns":15.0},{"damage":12.0,"enemies":"3 Byrds","floor":18.0,"turns":8.0},{"damage":0.0,"enemies":"2 Thieves","floor":19.0,"turns":4.0},{"damage":0.0,"enemies":"Snake Plant","floor":21.0,"turns":7.0},{"damage":17.0,"enemies":"Cultist and Chosen","floor":22.0,"turns":9.0},{"damage":16.0,"enemies":"Shelled Parasite and Fungi","floor":24.0,"turns":9.0},{"damage":0.0,"enemies":"Colosseum Slavers","floor":28.0,"turns":6.0},{"damage":18,"enemies":"Gremlin Leader","floor":31,"turns":8},{"damage":62,"enemies":"Collector","floor":33,"turns":9}],"seed_played":"8410732852703278038","potions_obtained":[{"floor":1.0,"key":"DistilledChaos"},{"floor":3.0,"key":"Explosive Potion"},{"floor":16.0,"key":"SkillPotion"},{"floor":24.0,"key":"EssenceOfSteel"}],"is_trial":false,"path_per_floor":["M","$","M","?","M","E","M","R","T","E","R","?","M","M","R","B",null,"M","M","?","M","M","R","M","$","T","$","?","R","?","E","R","B"],"character_chosen":"THE_SILENT","items_purchased":["Underhanded Strike","DuplicationPotion","Backstab"],"campfire_rested":3,"item_purchase_floors":[2,25,25],"current_hp_per_floor":[70,70,70,70,70,47,46,67,67,64,64,64,64,64,64,24,70,58,58,58,58,41,62,46,46,46,46,46,46,46,40,61,0,0],"gold":144,"neow_bonus":"REMOVE_CARD","is_daily":false,"chose_seed":false,"campfire_upgraded":3,"win_rate":0.0,"timestamp":1611713844,"path_taken":["M","$","M","?","M","E","M","R","T","E","R","?","M","M","R","BOSS","M","M","?","M","M","R","M","$","T","$","?","R","?","E","R","BOSS"],"items_purchased_type":["Card","Potion","Card"],"build_version":"2020-12-22","purchased_purges":2,"victory":false,"max_hp_per_floor":[70,70,70,70,70,70,70,70,70,70,70,70,70,70,70,70,70,70,70,70,70,70,70,70,70,70,70,70,70,70,70,70,70,70],"card_choices":[{"not_picked":["Outmaneuver","Dodge and Roll"],"picked":"Acrobatics","floor":1.0},{"not_picked":["Noxious Fumes","PiercingWail"],"picked":"Flying Knee","floor":3.0},{"not_picked":["Escape Plan","Flying Knee"],"picked":"Underhanded Strike","floor":5.0},{"not_picked":["Flying Knee","Venomology","Setup"],"picked":"SKIP","floor":6.0},{"not_picked":["Cloak And Dagger","Bane","Flying Knee"],"picked":"SKIP","floor":7.0},{"not_picked":["Flying Knee","All Out Attack","Well Laid Plans"],"picked":"SKIP","floor":10.0},{"not_picked":["Cloak And Dagger","Terror","Quick Slash"],"picked":"SKIP","floor":13.0},{"not_picked":["Deflect","Dagger Throw"],"picked":"PiercingWail","floor":14.0},{"not_picked":["Burst","Doppelganger"],"picked":"After Image","floor":16.0},{"not_picked":["Sucker Punch","Slice","Masterful Stab"],"picked":"SKIP","floor":18.0},{"not_picked":["Poisoned Stab","Predator"],"picked":"Tactician+1","floor":19.0},{"not_picked":["Infinite Blades","Poisoned Stab"],"picked":"Dodge and Roll","floor":21.0},{"not_picked":["Dagger Throw","Dash+1"],"picked":"Reflex","floor":22.0},{"not_picked":["Poisoned Stab","Expertise+1","Deadly Poison+1"],"picked":"SKIP","floor":24.0},{"not_picked":["PiercingWail","Blade Dance"],"picked":"Acrobatics","floor":31}],"player_experience":183568,"relics_obtained":[{"floor":6.0,"key":"Anchor"},{"floor":9.0,"key":"Meat on the Bone"},{"floor":10.0,"key":"Incense Burner"},{"floor":26.0,"key":"Blue Candle"},{"floor":31,"key":"Snake Skull"}],"event_choices":[{"cards_removed":["Strike_G"],"damage_healed":0.0,"max_hp_gain":0.0,"max_hp_loss":0.0,"gold_gain":0.0,"event_name":"The Cleric","player_choice":"Card Removal","floor":4.0,"gold_loss":50.0,"damage_taken":0.0},{"damage_healed":0.0,"max_hp_gain":0.0,"max_hp_loss":0.0,"gold_gain":0.0,"event_name":"Shining Light","player_choice":"Ignored","floor":12.0,"gold_loss":0.0,"damage_taken":0.0},{"damage_healed":0.0,"max_hp_gain":0.0,"max_hp_loss":0.0,"gold_gain":0.0,"event_name":"Back to Basics","player_choice":"Simplicity","floor":20.0,"gold_loss":0.0,"damage_taken":0.0,"cards_upgraded":["Strike_G","Strike_G","Strike_G","Defend_G","Defend_G","Defend_G","Defend_G","Defend_G"]},{"damage_healed":0.0,"max_hp_gain":0.0,"max_hp_loss":0.0,"gold_gain":0.0,"event_name":"Colosseum","player_choice":"Fight","floor":28.0,"gold_loss":0.0,"damage_taken":0.0},{"damage_healed":0.0,"max_hp_gain":0.0,"max_hp_loss":0.0,"gold_gain":0.0,"event_name":"Colosseum","player_choice":"Fled From Nobs","floor":28.0,"gold_loss":0.0,"damage_taken":0.0},{"damage_healed":0.0,"max_hp_gain":0.0,"max_hp_loss":0.0,"gold_gain":99.0,"event_name":"Nest","player_choice":"Stole From Cult","floor":30.0,"gold_loss":0.0,"damage_taken":0.0}],"is_beta":false,"boss_relics":[{"not_picked":["Tiny House","Calling Bell"],"picked":"HoveringKite"}],"items_purged_floors":[25,27],"is_endless":false,"potions_floor_spawned":[1,3,16,24,28],"killed_by":"Collector","ascension_level":1}}