{"host":"emut9mh212kd9b86","time":1611740922,"event":{"mods":["ATMod(阿瑾Mod)","Act Like it!","Arknights The Spire","BaseMod","Gensokyo","LagranYue(拉格朗・月)","Minty Spire (QoL Compilation)","MostiFishMod","Shop Mod","Spicy Shops","StSLib","TestMod","noobMod","【遗物卡牌】REMEMod"],"gold_per_floor":[114,128,128,128,144,177,177,203,227,245,256,20,39,65,65,367,367,680,697,715,715,730,758,778,1291,1318,1329,981,997,1247,1272,1272,1667,1667,1680,1690,2187,2220,1458,1458,1483,1500,1500,1511,2056,2056,2082,2472,2472,2472,2472,2472,2108,2137,2137],"floor_reached":56,"language":"ZHS","playtime":3365,"items_purged":["ats:Strike C","ats:Defend","ats:Defend"],"score":1831,"play_id":"c60568a9-c06f-4f3c-a3b6-d9ce6d4bd6cb","local_time":"20210127174842","is_ascension_mode":true,"campfire_choices":[{"data":"AT_ThistleTea","floor":7.0,"key":"SMITH"},{"data":"ats:Hammer On","floor":15.0,"key":"SMITH"},{"data":"ats:Emotion Absorption","floor":32.0,"key":"SMITH"},{"floor":40.0,"key":"RECALL"},{"data":"ats:Durian","floor":49.0,"key":"SMITH"},{"data":"ats:Armor Crushing Shot","floor":52,"key":"SMITH"}],"circlet_count":0,"master_deck":["ats:Armor Crushing Shot+1","ats:Defend","ats:Defend","ats:Emotion Absorption+1","AT_ThistleTea+1","ats:Hammer On+1","ats:Shell Defense+1","ats:Wolf Pack+1","ats:Magnetic Hammer+1","ats:Sashimi Platter+1","ats:Red Shift+1","ats:Red Shift+1","ats:Durian+1","ats:Consecutive Shot Auto+1"],"relics":["ats:Sanity","testmod-TestBox","ice","DaveBox","AT_ATBox","REME_ComplimentaryCards","LagranYue:RandomDrawCardRelic","SynthV:TestCard","Gensokyo:OccultBall","ats:Originium","AT_EbonyIvory","Mummified Hand","Lantern","BirthdayGift-Tetrahedron","testmod-Hope","InkBottle","testmod-LifeArmor","Ornamental Fan","Bag of Marbles","Medical Kit","AT_BellDemon","Mercury Hourglass","ats:Tactical Delivery","White Beast Statue","Ancient Tea Set","AT_BellowingDragoncrestRing","Turnip","MerchantsRug","Singing Bowl","REME_CardOfGreed","HornCleat","Eternal Feather","ats:Ability Aura","Pantograph","testmod-Brilliant","AT_SpeedBoots","Nunchaku","testmod-Fortitude","AT_ImmortalShieldbow","ats:Spiritual Recovery","AT_GoldPhoenixTree","DiscerningMonocle","StrikeDummy","Whetstone","AT_SunfireAegis"],"acts_visited":["Exordium","Gensokyo:Gensokyo","Gensokyo:Gensokyoer","TheEnding"],"potions_floor_usage":[],"damage_taken":[{"damage":0.0,"enemies":"Gensokyo:3_Fairies","floor":1.0,"turns":5.0},{"damage":0.0,"enemies":"Gensokyo:2_Kodama","floor":2.0,"turns":5.0},{"damage":0.0,"enemies":"Gensokyo:Python","floor":5.0,"turns":4.0},{"damage":0.0,"enemies":"Gensokyo:Aya","floor":6.0,"turns":9.0},{"damage":10.0,"enemies":"Gensokyo:Cirno","floor":8.0,"turns":5.0},{"damage":0.0,"enemies":"Gensokyo:5_Fairies","floor":10.0,"turns":5.0},{"damage":1.0,"enemies":"Gensokyo:Gryphon_and_Rabbit","floor":11.0,"turns":4.0},{"damage":4.0,"enemies":"Gensokyo:2_Rabbits","floor":13.0,"turns":3.0},{"damage":3.0,"enemies":"Gensokyo:Aya","floor":14.0,"turns":2.0},{"damage":18.0,"enemies":"Gensokyo:Yukari","floor":16.0,"turns":10.0},{"damage":5.0,"enemies":"Gensokyo:2_Gloops","floor":18.0,"turns":3.0},{"damage":4.0,"enemies":"Gensokyo:CosmicMonolith","floor":19.0,"turns":3.0},{"damage":4.0,"enemies":"Gensokyo:3_Gloops","floor":20.0,"turns":3.0},{"damage":4.0,"enemies":"Gensokyo:Chomper_and_Gloop","floor":22.0,"turns":3.0},{"damage":6.0,"enemies":"Gensokyo:Tenshi","floor":23.0,"turns":4.0},{"damage":4.0,"enemies":"Gensokyo:Wraith","floor":24.0,"turns":3.0},{"damage":41.0,"enemies":"Gensokyo:Koishi","floor":25.0,"turns":3.0},{"damage":3.0,"enemies":"Gensokyo:Mirror_and_Dog","floor":27.0,"turns":2.0},{"damage":2.0,"enemies":"Gensokyo:Chomper_and_Gloop","floor":29.0,"turns":2.0},{"damage":4.0,"enemies":"Gensokyo:Tenshi","floor":31.0,"turns":3.0},{"damage":34.0,"enemies":"Gensokyo:Eternal_Rivals","floor":33.0,"turns":6.0},{"damage":2.0,"enemies":"Gensokyo:3_Bats","floor":35.0,"turns":2.0},{"damage":2.0,"enemies":"Gensokyo:AncientGuardian","floor":36.0,"turns":2.0},{"damage":39.0,"enemies":"Gensokyo:3_Boulders","floor":37.0,"turns":2.0},{"damage":3.0,"enemies":"Gensokyo:SeedOfUnknown","floor":38.0,"turns":2.0},{"damage":3.0,"enemies":"Gensokyo:Kasen","floor":41.0,"turns":2.0},{"damage":3.0,"enemies":"Gensokyo:Kasen","floor":42.0,"turns":2.0},{"damage":0.0,"enemies":"Gensokyo:Sharpion","floor":44.0,"turns":1.0},{"damage":40.0,"enemies":"Gensokyo:Marisa","floor":45.0,"turns":1.0},{"damage":0.0,"enemies":"Gensokyo:Kasen","floor":47.0,"turns":1.0},{"damage":36.0,"enemies":"Gensokyo:Kasen","floor":48.0,"turns":3.0},{"damage":14,"enemies":"Gensokyo:Shinki","floor":50,"turns":4},{"damage":0,"enemies":"Shield and Spear","floor":54,"turns":1},{"damage":36,"enemies":"The Heart","floor":55,"turns":3}],"seed_played":"1147914143147704049","potions_obtained":[{"floor":1.0,"key":"testmod-TimePotion"},{"floor":2.0,"key":"Explosive Potion"},{"floor":11.0,"key":"BlessingOfTheForge"},{"floor":13.0,"key":"Explosive Potion"},{"floor":16.0,"key":"testmod-SpacePotion"},{"floor":19.0,"key":"LiquidMemories"},{"floor":24.0,"key":"EssenceOfSteel"},{"floor":36.0,"key":"Swift Potion"},{"floor":41.0,"key":"BlessingOfTheForge"},{"floor":42.0,"key":"Fire Potion"},{"floor":44.0,"key":"AttackPotion"},{"floor":45.0,"key":"REME_GoldPotion"},{"floor":47.0,"key":"SpeedPotion"},{"floor":54,"key":"PowerPotion"}],"is_trial":false,"path_per_floor":["M","M","?","?","M","E","R","E","T","M","M","COS","M","E","R","B",null,"M","M","M","?","M","E","M","E","T","M","COS","M","?","E","R","B",null,"M","M","M","M","$","R","E","R","T","M","E","?","E","?","R","B",null,"R","$","E","B",null],"character_chosen":"DOCTOR_CLASS","items_purchased":["MerchantsRug","Singing Bowl","REME_CardOfGreed","HornCleat","testmod-SpacePotion","ats:Consecutive Shot Auto","ats:Spiritual Recovery","AT_GoldPhoenixTree","DiscerningMonocle","StrikeDummy"],"campfire_rested":0,"item_purchase_floors":[39,39,39,39,39,53,53,53,53,53],"current_hp_per_floor":[75,78,78,78,78,78,78,68,68,68,67,67,63,60,60,54,78,77,75,73,73,74,78,74,50,50,60,60,58,58,54,54,73,74,72,74,53,66,66,66,76,75,75,80,63,51,53,55,61,78,86,86,86,88,57],"gold":2137,"neow_bonus":"REMOVE_CARD","is_daily":false,"chose_seed":false,"campfire_upgraded":5,"win_rate":0.0,"timestamp":1611740922,"path_taken":["M","M","?","?","M","E","R","E","T","M","M","COS","M","E","R","BOSS","M","M","M","?","M","E","?","E","T","M","COS","M","?","E","R","BOSS","M","M","M","M","$","R","E","R","T","M","E","?","E","?","R","BOSS","R","$","E","BOSS"],"items_purchased_type":["Relic","Relic","Relic","Relic","Potion","Card","Relic","Relic","Relic","Relic"],"build_version":"2020-12-22","purchased_purges":3,"victory":true,"max_hp_per_floor":[75,78,78,78,78,78,78,78,78,78,78,78,78,78,78,78,78,78,78,78,78,78,78,78,78,78,78,78,78,74,74,74,74,74,74,74,74,74,74,74,76,78,78,80,82,82,84,86,86,86,86,86,86,88,88],"card_choices":[{"not_picked":["ats:Apocalypse","ats:Revitalization","ats:Poison Spread"],"picked":"SKIP","floor":1.0},{"not_picked":["ats:Serious Mode","ats:Healing Drone","ats:Shell Defense","ats:Consecutive Shot Auto"],"picked":"ats:Hammer On","floor":2.0},{"not_picked":["ats:Demon Strength","ats:Hammer On","ats:Automatic Cover","ats:Blood Oath","ats:Ambush"],"picked":"SKIP","floor":5.0},{"not_picked":["ats:Flexible Camouflage","ats:Hammer On","ats:Mental Burst","ats:Support Order","ats:Poison Spread"],"picked":"SKIP","floor":6.0},{"not_picked":["ats:Hammer On","ats:Collapsing Strike","ats:Composite Medical Shells","ats:Closed Bolt Burst Fire","ats:Powerful Strike"],"picked":"SKIP","floor":8.0},{"not_picked":["ats:Directed Diagnosis","ats:Phantom","ats:Hammer On","ats:Explosion Area Strengthen","ats:Collapsing Strike"],"picked":"SKIP","floor":10.0},{"not_picked":["ats:Cat Scratch","ats:Closed Bolt Burst Fire","ats:Blood Oath","ats:Charging Defense"],"picked":"ats:Shell Defense","floor":11.0},{"not_picked":["ats:Poison Spread","ats:Ignite","ats:Flexible Camouflage","ats:Curse Doll","ats:Apocalypse"],"picked":"SKIP","floor":13.0},{"not_picked":["ats:Shadow Raid","ats:Cat Scratch","ats:Closed Bolt Burst Fire","ats:Absolute Focus","ats:Defend Order"],"picked":"SKIP","floor":14.0},{"not_picked":["ats:Roar Of Ursus","ats:Volcano","ats:Fractured Body","ats:Disruption Kick"],"picked":"ats:Wolf Pack","floor":16.0},{"not_picked":["ats:Flexible Camouflage","ats:Blood Oath","ats:Chain Hook","ats:Curse Doll"],"picked":"ats:Magnetic Hammer+1","floor":18.0},{"not_picked":["ats:Cat Scratch+1","ats:Curse Doll+1","ats:Automatic Cover","ats:Ignite","ats:Assault Order"],"picked":"SKIP","floor":19.0},{"not_picked":["ats:Explosion Area Strengthen","ats:Revitalization","ats:Wolf Pack","ats:Ignite"],"picked":"ats:Sashimi Platter+1","floor":20.0},{"not_picked":["ats:Magnetic Hammer","ats:Blood Oath+1","ats:Assault Order","ats:Healing Drone"],"picked":"ats:Red Shift+1","floor":22.0},{"not_picked":["ats:Hammer On","ats:Curse Doll","ats:Assault Order","ats:Ambush"],"picked":"ats:Red Shift+1","floor":23.0},{"not_picked":["ats:Directed Diagnosis+1","ats:Neurotoxin","ats:Very Hot Blade","ats:Soul Absorption","ats:Cat Scratch+1"],"picked":"SKIP","floor":24.0},{"not_picked":["ats:Song Of Battle","ats:Assault Order","ats:Closed Bolt Burst Fire+1","ats:Absolute Focus+1","ats:Curse Doll"],"picked":"SKIP","floor":25.0},{"not_picked":["ats:Guard Mode+1","ats:Ignite+1","ats:Shell Defense","ats:Cat Scratch","ats:Assault Order"],"picked":"SKIP","floor":27.0},{"not_picked":["ats:Ignite","ats:Cat Scratch","ats:Directed Diagnosis","ats:Curse Doll","ats:Apocalypse"],"picked":"SKIP","floor":29.0},{"not_picked":["ats:Phantom","ats:Closed Bolt Burst Fire","ats:Defend Order","ats:Powerful Strike","ats:True Silver Slash"],"picked":"SKIP","floor":31.0},{"not_picked":["ats:Fractured Body","ats:Nebulous Foxfire","ats:True Silver Slash","ats:Shadow Assault"],"picked":"ats:Durian","floor":33.0},{"not_picked":["ats:Spore Proliferation","ats:Rapid Magazine+1","ats:Ignite+1","ats:Steam Pump+1","ats:Soul Absorption"],"picked":"SKIP","floor":35.0},{"not_picked":["ats:Curse Doll","ats:Poison Spread+1","ats:Flexible Camouflage+1","ats:Cat Scratch","ats:Closed Bolt Burst Fire"],"picked":"SKIP","floor":36.0},{"not_picked":["ats:Demon Strength+1","ats:Literary Storm+1","ats:Thermite Blade+1","ats:Apocalypse+1","ats:Cat Scratch"],"picked":"SKIP","floor":37.0},{"not_picked":["ats:Guard Mode+1","ats:Durian","ats:Absolute Focus","ats:Leaping Hammer","ats:Blood Oath"],"picked":"SKIP","floor":38.0},{"not_picked":["ats:Directed Diagnosis","ats:Ignite","ats:Guard Mode+1","ats:Ambush","ats:Composite Medical Shells+1"],"picked":"Singing Bowl","floor":41.0},{"not_picked":["ats:Support Order","ats:Powerful Strike+1","ats:Guard Mode","ats:Hammer On","ats:Shadow Raid"],"picked":"Singing Bowl","floor":42.0},{"not_picked":["ats:Cat Scratch","ats:Ignite","ats:Apocalypse+1","ats:Chain Hook","ats:Powerful Strike+1"],"picked":"Singing Bowl","floor":44.0},{"not_picked":["ats:Sword Rain","ats:Beaten Up+1","ats:Song Of Battle+1","ats:Guardian Obelisk","ats:Cat Scratch+1"],"picked":"Singing Bowl","floor":45.0},{"not_picked":["ats:Sashimi Platter+1","ats:Collapsing Strike+1","ats:Rat Pack","ats:Closed Bolt Burst Fire+1","ats:Absolute Focus+1"],"picked":"Singing Bowl","floor":47.0},{"not_picked":["Gensokyo:UnhurriedMind","Gensokyo:DreamlikeParadise","Gensokyo:UnlikelyAid"],"picked":"Singing Bowl","floor":48.0},{"not_picked":["ats:Roar Of Ursus","ats:Guard Mode+1","ats:Counter Healing Mode","ats:Consecutive Shot Auto+1","ats:Cat Scratch"],"picked":"Singing Bowl","floor":54}],"player_experience":331577,"relics_obtained":[{"floor":1.0,"key":"SynthV:TestCard"},{"floor":6.0,"key":"ats:Originium"},{"floor":6.0,"key":"AT_EbonyIvory"},{"floor":8.0,"key":"ats:Originium"},{"floor":8.0,"key":"Mummified Hand"},{"floor":9.0,"key":"Lantern"},{"floor":14.0,"key":"ats:Originium"},{"floor":14.0,"key":"testmod-Hope"},{"floor":16.0,"key":"Gensokyo:OccultBall"},{"floor":19.0,"key":"Gensokyo:OccultBall"},{"floor":20.0,"key":"Gensokyo:OccultBall"},{"floor":23.0,"key":"Gensokyo:OccultBall"},{"floor":23.0,"key":"ats:Originium"},{"floor":23.0,"key":"testmod-LifeArmor"},{"floor":25.0,"key":"Ornamental Fan"},{"floor":26.0,"key":"Bag of Marbles"},{"floor":31.0,"key":"Mercury Hourglass"},{"floor":33.0,"key":"Gensokyo:OccultBall"},{"floor":35.0,"key":"White Beast Statue"},{"floor":36.0,"key":"Ancient Tea Set"},{"floor":36.0,"key":"Gensokyo:OccultBall"},{"floor":37.0,"key":"AT_BellowingDragoncrestRing"},{"floor":38.0,"key":"Turnip"},{"floor":41.0,"key":"Eternal Feather"},{"floor":41.0,"key":"ats:Ability Aura"},{"floor":42.0,"key":"Gensokyo:OccultBall"},{"floor":42.0,"key":"Pantograph"},{"floor":44.0,"key":"testmod-Brilliant"},{"floor":45.0,"key":"AT_SpeedBoots"},{"floor":45.0,"key":"Nunchaku"},{"floor":47.0,"key":"testmod-Fortitude"},{"floor":47.0,"key":"AT_ImmortalShieldbow"},{"floor":54,"key":"Whetstone"},{"floor":54,"key":"AT_SunfireAegis"}],"event_choices":[{"damage_healed":0.0,"max_hp_gain":0.0,"max_hp_loss":0.0,"gold_gain":0.0,"event_name":"给自己的盒子","player_choice":"Ignored","floor":4.0,"gold_loss":0.0,"damage_taken":0.0}],"is_beta":false,"boss_relics":[{"not_picked":["ats:Omniscience","testmod-NegativeEmotionEnhancer"],"picked":"Empty Cage"},{"not_picked":["SlaversCollar","testmod-KeyOfTheVoid"],"picked":"ats:Tactical Delivery"}],"items_purged_floors":[39,39,53],"is_endless":false,"potions_floor_spawned":[1,2,11,13,16,19,24,25,29,36,37,38,41,42,44,45,47,54],"ascension_level":1}}