{"host":"wg29woj1pduqw9vg","time":1611764962,"event":{"mods":["BaseMod","Bestiary","Better Third Choice","Colored Map","Downfall","Highlight Path","Minty Spire (QoL Compilation)","Quick Restart","StSLib"],"gold_per_floor":[99,99,99,99,112,143,197,97,97,112,140,140,160,172,189,292,292,192,207,207,0,100,100,100,118,152,172,172,183,203,1,21,123,123,23,23,23,41,55,55,80,91,91,91,91,91],"floor_reached":44,"language":"ENG","playtime":2379,"items_purged":[],"score":582,"play_id":"37e303b4-44ff-4db3-aa30-2819c9410b14","local_time":"20210127082922","is_ascension_mode":true,"campfire_choices":[{"data":"Guardian:TwinSlam","floor":1.0,"key":"SMITH"},{"floor":8.0,"key":"RECALL"},{"data":"Guardian:ConstructionForm","floor":18.0,"key":"SMITH"},{"data":"Guardian:StasisStrike","floor":23.0,"key":"SMITH"},{"data":"Guardian:SentryBeam","floor":35,"key":"SMITH"},{"data":"Guardian:Orbwalk","floor":40,"key":"SMITH"}],"circlet_count":0,"master_deck":["Guardian:Strike_Guardian","Guardian:Strike_Guardian","Guardian:Strike_Guardian","Guardian:Strike_Guardian","Guardian:Defend_Guardian","Guardian:Defend_Guardian","Guardian:Defend_Guardian","Guardian:Defend_Guardian","Guardian:CurlUp","Guardian:TwinSlam+1","Guardian:Reroute","Guardian:ArmoredProtocol","Guardian:ConstructionForm+1","Parasite","Guardian:SentryBeam+1","Guardian:Planning","Guardian:ShieldSpikes+1","Guardian:StasisStrike+1","CurseOfTheBell","Guardian:PrimingBeam+1","Guardian:BodySlam+1","downfall:Malfunctioning","Decay","Guardian:DonusPower","Guardian:ShieldCharger+1","Guardian:GatlingBeam+1","Guardian:Orbwalk+1","Guardian:ChargeUp+1","downfall:Aged","Guardian:WalkerClaw+1","Writhe","Pain"],"relics":["Guardian:ModeShifter","downfall:HeartsMalice","Toy Ornithopter","downfall:HeartBlessingGreen","downfall:ExtraCursedKey","Centennial Puzzle","Calling Bell","Bag of Marbles","Molten Egg 2","Torii","downfall:HeartBlessingRed","downfall:RedIOU","Membership Card","Bag of Preparation","Mercury Hourglass","Sozu","downfall:HeartBlessingBlue","Guardian:StasisEgg","Oddly Smooth Stone"],"acts_visited":["Exordium","TheCity","TheBeyond"],"potions_floor_usage":[],"damage_taken":[{"damage":0.0,"enemies":"Cultist","floor":2.0,"turns":1.0},{"damage":0.0,"enemies":"Jaw Worm","floor":3.0,"turns":1.0},{"damage":0.0,"enemies":"Small Slimes","floor":4.0,"turns":1.0},{"damage":8.0,"enemies":"3 Louse","floor":5.0,"turns":4.0},{"damage":39.0,"enemies":"Gremlin Nob","floor":6.0,"turns":6.0},{"damage":5.0,"enemies":"2 Fungi Beasts","floor":10.0,"turns":3.0},{"damage":18.0,"enemies":"3 Sentries","floor":11.0,"turns":8.0},{"damage":14.0,"enemies":"Red Slaver","floor":13.0,"turns":2.0},{"damage":0.0,"enemies":"Gremlin Gang","floor":14.0,"turns":6.0},{"damage":0.0,"enemies":"Red Slaver","floor":15.0,"turns":3.0},{"damage":7.0,"enemies":"IC_STATUS_ARCHETYPE","floor":16.0,"turns":9.0},{"damage":12.0,"enemies":"Shell Parasite","floor":19.0,"turns":5.0},{"damage":2.0,"enemies":"downfall:FleeingMerchant","floor":21.0,"turns":4.0},{"damage":0.0,"enemies":"Chosen","floor":25.0,"turns":5.0},{"damage":7.0,"enemies":"Book of Stabbing","floor":26.0,"turns":5.0},{"damage":0.0,"enemies":"3 Cultists","floor":27.0,"turns":6.0},{"damage":2.0,"enemies":"Sentry and Sphere","floor":29.0,"turns":6.0},{"damage":12.0,"enemies":"Centurion and Healer","floor":30.0,"turns":5.0},{"damage":0.0,"enemies":"downfall:FleeingMerchant","floor":31.0,"turns":4.0},{"damage":0.0,"enemies":"Snake Plant","floor":32.0,"turns":4.0},{"damage":10.0,"enemies":"SI_MIRROR_ARCHETYPE","floor":33.0,"turns":11.0},{"damage":15,"enemies":"3 Darklings","floor":38,"turns":4},{"damage":0,"enemies":"Orb Walker","floor":39,"turns":4},{"damage":15,"enemies":"Jaw Worm Horde","floor":42,"turns":2},{"damage":0,"enemies":"Writhing Mass","floor":44,"turns":1}],"seed_played":"7821748036624760501","potions_obtained":[{"floor":5.0,"key":"Energy Potion"},{"floor":6.0,"key":"SteroidPotion"},{"floor":11.0,"key":"Energy Potion"},{"floor":13.0,"key":"sneckomod:MuddlingPotion"},{"floor":27.0,"key":"sneckomod:MuddlingPotion"},{"floor":29.0,"key":"DistilledChaos"},{"floor":30.0,"key":"LiquidMemories"},{"floor":33.0,"key":"SpeedPotion"}],"is_trial":false,"path_per_floor":["R","M","M","M","M","E","T","R","?","M","E","?","M","M","M","B",null,"R","M","?","$","?","R","T","M","E","M","?","M","M","$","M","B",null,"R","?","?","M","M","R","T","M","?","M"],"character_chosen":"GUARDIAN","items_purchased":["Membership Card","Guardian:Gem_White","Guardian:Orbwalk","Mercury Hourglass","Dexterity Potion"],"campfire_rested":0,"item_purchase_floors":[21,21,31,31,31],"current_hp_per_floor":[80,80,80,80,72,33,33,33,33,30,14,34,22,24,26,21,80,80,68,68,66,66,66,66,66,64,69,69,67,60,60,65,60,80,90,90,90,75,75,75,75,60,60,60,60,60],"gold":91,"neow_bonus":"THREE_ENEMY_KILL","is_daily":false,"chose_seed":false,"campfire_upgraded":5,"win_rate":0.0,"timestamp":1611764962,"path_taken":["R","M","M","M","M","E","T","R","?","M","E","?","M","M","M","BOSS","R","M","?","$","?","R","T","M","E","M","?","?","M","?","M","BOSS","R","?","?","M","M","R","T","M","?","M"],"items_purchased_type":["Relic","Card","Card","Relic","Potion"],"build_version":"2020-12-22","purchased_purges":0,"victory":false,"max_hp_per_floor":[80,80,80,80,80,80,80,80,80,80,80,80,80,80,80,80,80,80,80,80,80,80,80,80,80,80,80,80,80,80,80,80,80,80,90,90,90,90,90,90,90,90,90,90,90,90],"card_choices":[{"not_picked":["Guardian:PiercingHide","Guardian:Orbwalk"],"picked":"Guardian:Gem_Cyan","floor":2.0},{"not_picked":["Guardian:Gem_Lightblue","Guardian:CrystalBeam"],"picked":"Guardian:Gem_Yellow","floor":3.0},{"not_picked":["Guardian:PiercingHide","Guardian:ShieldSpikes"],"picked":"Guardian:Reroute","floor":4.0},{"not_picked":["Guardian:PrismaticBeam","Guardian:TimeCapacitor"],"picked":"Guardian:Gem_Crimson","floor":5.0},{"not_picked":["Guardian:Reroute","Guardian:RefractedBeam"],"picked":"Guardian:ArmoredProtocol","floor":6.0},{"not_picked":["Guardian:Gem_Crimson","Guardian:Reroute","Guardian:VentSteam"],"picked":"SKIP","floor":10.0},{"not_picked":["Guardian:ChargeCore","Guardian:Gem_Yellow"],"picked":"Guardian:ConstructionForm","floor":11.0},{"not_picked":["Guardian:Orbwalk","Guardian:PrimingBeam"],"picked":"Guardian:SentryBeam","floor":13.0},{"not_picked":["Guardian:VentSteam","Guardian:Gem_Cyan"],"picked":"Guardian:Planning","floor":14.0},{"not_picked":["Guardian:BronzeArmor","Guardian:TimeBomb"],"picked":"Guardian:ShieldSpikes","floor":15.0},{"not_picked":["Guardian:TimeSifter","Guardian:ExploitGems"],"picked":"Guardian:StasisStrike","floor":16.0},{"not_picked":["Guardian:DonusPower","Guardian:BronzeOrb+1"],"picked":"Guardian:PrimingBeam+1","floor":19.0},{"not_picked":["Guardian:Planning+1","Guardian:VentSteam"],"picked":"Guardian:BodySlam+1","floor":21.0},{"not_picked":["Guardian:GuardianWhirl+1","Guardian:Gem_Purple"],"picked":"Guardian:DonusPower","floor":25.0},{"not_picked":["Guardian:Gem_Blue","Guardian:VentSteam","Guardian:BronzeOrb+1"],"picked":"SKIP","floor":26.0},{"not_picked":["Guardian:FuturePlans+1","Guardian:Gem_Purple"],"picked":"Guardian:ShieldCharger+1","floor":27.0},{"not_picked":["Guardian:Incinerate+1","Guardian:RollAttack+1","Guardian:Recover"],"picked":"SKIP","floor":29.0},{"not_picked":["Guardian:BronzeOrb+1","Guardian:SpikerProtocol"],"picked":"Guardian:GatlingBeam+1","floor":30.0},{"not_picked":["Guardian:VentSteam","Guardian:FuturePlans","Guardian:Gem_Fragmented"],"picked":"SKIP","floor":31.0},{"not_picked":["Guardian:Gem_Red","Guardian:Harden+1"],"picked":"Guardian:ChargeUp+1","floor":32.0},{"not_picked":["Guardian:WalkerClaw+1","Guardian:Suspension","Guardian:BodySlam+1"],"picked":"SKIP","floor":38},{"not_picked":["Guardian:Suspension","Guardian:BodySlam+1"],"picked":"Guardian:WalkerClaw+1","floor":38},{"not_picked":["Guardian:Gem_Lightblue","Guardian:PolyBeam+1"],"picked":"Guardian:Gem_Yellow","floor":39},{"not_picked":["Guardian:GuardianWhirl+1","Guardian:Emergency","Guardian:RollAttack+1"],"picked":"SKIP","floor":42}],"player_experience":54448,"relics_obtained":[{"floor":6.0,"key":"Blood Vial"},{"floor":7.0,"key":"Toy Ornithopter"},{"floor":11.0,"key":"Centennial Puzzle"},{"floor":17.0,"key":"Bag of Marbles"},{"floor":17.0,"key":"Molten Egg 2"},{"floor":17.0,"key":"Torii"},{"floor":26.0,"key":"Bag of Preparation"},{"floor":41,"key":"Oddly Smooth Stone"}],"event_choices":[{"damage_healed":20.0,"max_hp_gain":0.0,"max_hp_loss":0.0,"gold_gain":0.0,"event_name":"Mushrooms","player_choice":"Healed and dodged fight","floor":12.0,"gold_loss":0.0,"damage_taken":0.0,"cards_obtained":["Parasite"]}],"is_beta":false,"boss_relics":[{"not_picked":["Runic Dome","Snecko Eye"],"picked":"Calling Bell"},{"not_picked":["Tiny House","bronze:MakeshiftBattery"],"picked":"Sozu"}],"items_purged_floors":[],"is_endless":false,"potions_floor_spawned":[5,6,11,13,16,19,27,29,30,33,38,42],"killed_by":"Writhing Mass","ascension_level":2}}