{"host":"zxd2l8an9de7z7b9","time":1611744701,"event":{"mods":["2.2 Compatiblity","BaseMod","CapriCore","Colored Map","Colored Powertips","Minty Spire (QoL Compilation)","Rare Cards Sparkle","StSLib","SuperFastMode"],"gold_per_floor":[119,294,244,260,84,110,110,140,140,157,185,185,240,254,254,254,254],"floor_reached":16,"language":"KOR","playtime":441,"items_purged":["Strike_G"],"score":150,"play_id":"56be2c38-d68f-4eb4-b7f5-9a6ccb675c1c","local_time":"20210127195141","is_ascension_mode":true,"campfire_choices":[{"data":"Glass Knife","floor":7,"key":"SMITH"},{"data":"Neutralize","floor":12,"key":"SMITH"},{"floor":15,"key":"REST"}],"circlet_count":0,"master_deck":["Strike_G","Strike_G","Strike_G","Strike_G","Defend_G","Defend_G","Defend_G","Defend_G","Defend_G","Survivor","Neutralize+1","Acrobatics","Flechettes","Glass Knife+1","Riddle With Holes","Backflip","Reflex"],"relics":["Ring of the Snake","NeowsBlessing","Centennial Puzzle","Orichalcum","The Courier","FossilizedHelix","Smiling Mask"],"acts_visited":["Exordium"],"potions_floor_usage":[5,11,11,16],"damage_taken":[{"damage":0,"enemies":"2 Louse","floor":1,"turns":1},{"damage":0,"enemies":"Small Slimes","floor":4,"turns":1},{"damage":0,"enemies":"3 Sentries","floor":6,"turns":1},{"damage":13,"enemies":"Lagavulin","floor":8,"turns":5},{"damage":3,"enemies":"Jaw Worm","floor":10,"turns":2},{"damage":7,"enemies":"3 Sentries","floor":11,"turns":5},{"damage":10,"enemies":"Exordium Thugs","floor":14,"turns":4},{"damage":60,"enemies":"Hexaghost","floor":16,"turns":14}],"seed_played":"-3387621453489698498","potions_obtained":[{"floor":1,"key":"CultistPotion"},{"floor":6,"key":"DistilledChaos"},{"floor":8,"key":"GamblersBrew"}],"is_trial":false,"path_per_floor":["M","?","?","M","$","E","R","E","T","M","E","R","T","M","R","B"],"character_chosen":"THE_SILENT","items_purchased":["Fruit Juice"],"campfire_rested":1,"item_purchase_floors":[5],"current_hp_per_floor":[70,70,70,70,75,75,75,62,62,59,52,52,52,42,64,4,4],"gold":254,"neow_bonus":"THREE_ENEMY_KILL","is_daily":false,"chose_seed":false,"campfire_upgraded":2,"win_rate":0.0,"timestamp":1611744701,"path_taken":["M","?","?","M","$","E","R","E","T","M","E","R","?","M","R","BOSS"],"items_purchased_type":["Potion"],"build_version":"2020-12-22","purchased_purges":1,"victory":false,"max_hp_per_floor":[70,70,70,70,75,75,75,75,75,75,75,75,75,75,75,75,75],"card_choices":[{"not_picked":["Accuracy","PiercingWail"],"picked":"Acrobatics","floor":1},{"not_picked":["Slice","Deflect"],"picked":"Flechettes","floor":4},{"not_picked":["Underhanded Strike","Prepared"],"picked":"Glass Knife","floor":6},{"not_picked":["Masterful Stab","Cloak And Dagger"],"picked":"Riddle With Holes","floor":8},{"not_picked":["Underhanded Strike","Flechettes","Bane"],"picked":"SKIP","floor":10},{"not_picked":["Bane","Endless Agony"],"picked":"Backflip","floor":11},{"not_picked":["Accuracy","Eviscerate"],"picked":"Reflex","floor":14}],"player_experience":328420,"relics_obtained":[{"floor":6,"key":"Centennial Puzzle"},{"floor":8,"key":"Orichalcum"},{"floor":9,"key":"The Courier"},{"floor":11,"key":"FossilizedHelix"},{"floor":13,"key":"Smiling Mask"}],"event_choices":[{"damage_healed":0,"gold_gain":175,"player_choice":"AGREE","damage_taken":0,"max_hp_gain":0,"max_hp_loss":0,"event_name":"Liars Game","floor":2,"gold_loss":0,"cards_obtained":["Doubt"]},{"cards_removed":["Doubt"],"damage_healed":0,"gold_gain":0,"player_choice":"Card Removal","damage_taken":0,"max_hp_gain":0,"max_hp_loss":0,"event_name":"The Cleric","floor":3,"gold_loss":50}],"is_beta":false,"boss_relics":[],"items_purged_floors":[5],"is_endless":false,"potions_floor_spawned":[1,6,8],"killed_by":"Hexaghost","ascension_level":1}}