{"host":"qsusua7l529r8z9k","time":1611721165,"event":{"mods":["BaseMod","Minty Spire (QoL Compilation)","StSLib"],"gold_per_floor":[111,125,138,138,152,152,172,198,198,198,208,224,224,258,258,258,258],"floor_reached":16,"language":"ZHS","playtime":472,"items_purged":[],"score":257,"play_id":"6a667b10-bc73-4c1b-ad08-eb7c57cb04d7","local_time":"20210127121925","is_ascension_mode":true,"campfire_choices":[{"data":"Blade Dance","floor":6.0,"key":"SMITH"},{"floor":10,"key":"REST"},{"data":"Prepared","floor":15,"key":"SMITH"}],"circlet_count":0,"master_deck":["AscendersBane","Strike_G","Strike_G","Strike_G","Strike_G","Defend_G","Defend_G","Defend_G","Defend_G","Defend_G","Survivor","Neutralize","Expertise","Dagger Spray","Blade Dance+1","Backstab","Terror","Venomology","Prepared+1","Acrobatics"],"relics":["Ring of the Snake","NeowsBlessing","TungstenRod","HornCleat","Golden Idol","InkBottle"],"acts_visited":["Exordium"],"potions_floor_usage":[8,12,14,16,16],"damage_taken":[{"damage":0.0,"enemies":"Cultist","floor":1.0,"turns":1.0},{"damage":0.0,"enemies":"Small Slimes","floor":2.0,"turns":1.0},{"damage":0.0,"enemies":"2 Louse","floor":3.0,"turns":1.0},{"damage":32.0,"enemies":"Large Slime","floor":5.0,"turns":7.0},{"damage":1.0,"enemies":"Looter","floor":7.0,"turns":3.0},{"damage":10,"enemies":"Lagavulin","floor":8,"turns":7},{"damage":0,"enemies":"3 Louse","floor":11,"turns":2},{"damage":0,"enemies":"Blue Slaver","floor":12,"turns":3},{"damage":0,"enemies":"Gremlin Nob","floor":14,"turns":3},{"damage":37,"enemies":"Slime Boss","floor":16,"turns":7}],"seed_played":"-2221737208374324060","potions_obtained":[{"floor":3.0,"key":"Weak Potion"},{"floor":12,"key":"FearPotion"},{"floor":14,"key":"SteroidPotion"}],"is_trial":false,"path_per_floor":["M","M","M","?","M","R","M","E","T","R","M","M","?","E","R","B"],"character_chosen":"THE_SILENT","items_purchased":[],"campfire_rested":1,"item_purchase_floors":[],"current_hp_per_floor":[59,59,59,59,27,27,26,16,16,35,35,35,35,35,35,0,0],"gold":258,"neow_bonus":"THREE_ENEMY_KILL","is_daily":false,"chose_seed":false,"campfire_upgraded":2,"win_rate":0.0,"timestamp":1611721165,"path_taken":["M","M","M","?","M","R","M","E","T","R","M","M","?","E","R","BOSS"],"items_purchased_type":[],"build_version":"2020-12-22","purchased_purges":0,"victory":false,"max_hp_per_floor":[66,66,66,66,66,66,66,66,66,66,66,66,60,60,60,60,60],"card_choices":[{"not_picked":["Quick Slash","Outmaneuver"],"picked":"Expertise","floor":1.0},{"not_picked":["Poisoned Stab","Heel Hook"],"picked":"Dagger Spray","floor":2.0},{"not_picked":["Predator","Dagger Throw"],"picked":"Blade Dance","floor":3.0},{"not_picked":["Quick Slash","Distraction"],"picked":"Terror","floor":5.0},{"not_picked":["Acrobatics","Dagger Throw"],"picked":"Venomology","floor":7.0},{"not_picked":["Deflect","Underhanded Strike","Sucker Punch"],"picked":"SKIP","floor":8},{"not_picked":["Dash","Cloak And Dagger"],"picked":"Prepared","floor":11},{"not_picked":["Poisoned Stab","Dagger Throw","Flying Knee"],"picked":"SKIP","floor":12},{"not_picked":["Glass Knife","Deflect"],"picked":"Acrobatics","floor":14}],"player_experience":492539,"relics_obtained":[{"floor":8,"key":"TungstenRod"},{"floor":9,"key":"HornCleat"},{"floor":14,"key":"InkBottle"}],"event_choices":[{"damage_healed":0.0,"max_hp_gain":0.0,"max_hp_loss":0.0,"gold_gain":0.0,"cards_transformed":["Strike_G"],"event_name":"Living Wall","player_choice":"Change","floor":4.0,"gold_loss":0.0,"damage_taken":0.0,"cards_obtained":["Backstab"]},{"damage_healed":0,"gold_gain":0,"player_choice":"Lose Max HP","damage_taken":0,"relics_obtained":["Golden Idol"],"max_hp_gain":0,"max_hp_loss":6,"event_name":"Golden Idol","floor":13,"gold_loss":0}],"is_beta":false,"boss_relics":[],"items_purged_floors":[],"is_endless":false,"potions_floor_spawned":[3,11,12,14],"killed_by":"Slime Boss","ascension_level":17}}