{"host":"18wi9kpcl4eah7pe","time":1611788643,"event":{"mods":["BaseMod","Colored Powertips","Downfall","Minty Spire (QoL Compilation)","StSLib"],"gold_per_floor":[199,215,49,67,83,83,107,142,442,472,52,52,52,82,97,192,192,92,107,107,121,121,21,21,6,38,38,53,38,38,52,69,166,166,166,185,235,280,295,295,318,318,334,334,334,369,369,369,385,385],"floor_reached":51,"language":"ENG","playtime":2720,"items_purged":[],"score":1038,"play_id":"a6eb6847-038c-4fb2-863c-d0daa117452e","local_time":"20210127170403","is_ascension_mode":true,"campfire_choices":[{"floor":1,"key":"RECALL"},{"data":"Guardian:ArmoredProtocol","floor":6,"key":"SMITH"},{"data":"Guardian:FuturePlans","floor":18,"key":"SMITH"},{"floor":23,"key":"REST"},{"floor":27,"key":"REST"},{"data":"Guardian:ChargeUp","floor":35,"key":"SMITH"},{"floor":40,"key":"REST"},{"data":"Guardian:TimeCapacitor","floor":42,"key":"SMITH"},{"data":"Guardian:CurlUp","floor":45,"key":"SMITH"},{"data":"Guardian:DonusPower","floor":47,"key":"SMITH"}],"circlet_count":0,"master_deck":["Guardian:Strike_Guardian","Guardian:Strike_Guardian","Guardian:Strike_Guardian","Guardian:Strike_Guardian","Guardian:Defend_Guardian","Guardian:Defend_Guardian+1","Guardian:Defend_Guardian","Guardian:Defend_Guardian","Guardian:CurlUp+1","Guardian:TwinSlam","Guardian:TimeCapacitor+1","Guardian:ArmoredProtocol+1","Guardian:ExploitGems","Guardian:FuturePlans+1","Guardian:TimeBomb","Guardian:WalkerClaw","Guardian:Planning","Guardian:RevengeProtocol","Guardian:ShieldSpikes+1","Guardian:ChargeUp+1","Guardian:PiercingHide+1","Guardian:SpikerProtocol","Guardian:BodySlam+1","Guardian:TemporalStrike","Guardian:TemporalShield+1","Guardian:DonusPower+1","Guardian:ShieldCharger","Guardian:Harden+1","Guardian:Incinerate+1","Guardian:RollAttack+1","Guardian:SentryBeam+1"],"relics":["Guardian:ModeShifter","Vajra","Guardian:DefensiveModeMoreBlock","hexamod:CandleOfCauterizing","Kunai","Ginger","downfall:BrokenWingStatue","bronze:MakeshiftBattery","downfall:HeartBlessingRed","downfall:HeartBlessingBlue","Blue Candle","Bronze Scales","Spirit Poop","expansioncontent:StudyCardRelic","Ice Cream","FossilizedHelix","War Paint","Darkstone Periapt","downfall:TeleportStone"],"acts_visited":["Exordium","TheCity","TheBeyond"],"potions_floor_usage":[10,16,16,29,33,46],"damage_taken":[{"damage":2,"enemies":"2 Louse","floor":2,"turns":3},{"damage":0,"enemies":"downfall:FleeingMerchant","floor":3,"turns":4},{"damage":4,"enemies":"Jaw Worm","floor":4,"turns":5},{"damage":10,"enemies":"Small Slimes","floor":5,"turns":4},{"damage":35,"enemies":"Lagavulin","floor":8,"turns":8},{"damage":4,"enemies":"Gremlin Nob","floor":10,"turns":5},{"damage":0,"enemies":"downfall:FleeingMerchant","floor":11,"turns":4},{"damage":6,"enemies":"2 Fungi Beasts","floor":15,"turns":4},{"damage":7,"enemies":"DF_ARCHETYPE_STREAMLINE","floor":16,"turns":12},{"damage":12,"enemies":"Shell Parasite","floor":19,"turns":4},{"damage":13,"enemies":"Spheric Guardian","floor":21,"turns":3},{"damage":15,"enemies":"downfall:FleeingMerchant","floor":25,"turns":4},{"damage":33,"enemies":"Book of Stabbing","floor":26,"turns":8},{"damage":21,"enemies":"Snake Plant","floor":28,"turns":3},{"damage":0,"enemies":"downfall:FleeingMerchant","floor":29,"turns":4},{"damage":0,"enemies":"Sentry and Sphere","floor":31,"turns":5},{"damage":9,"enemies":"Shelled Parasite and Fungi","floor":32,"turns":3},{"damage":5,"enemies":"WA_ARCHETYPE_CALM","floor":33,"turns":9},{"damage":22,"enemies":"3 Darklings","floor":36,"turns":4},{"damage":0,"enemies":"3 Darklings","floor":37,"turns":4},{"damage":29,"enemies":"2 Orb Walkers","floor":38,"turns":5},{"damage":0,"enemies":"Orb Walker","floor":39,"turns":3},{"damage":0,"enemies":"Maw","floor":43,"turns":6},{"damage":0,"enemies":"Nemesis","floor":46,"turns":5},{"damage":11,"enemies":"Sphere and 2 Shapes","floor":49,"turns":5},{"damage":0,"enemies":"IC_BLOCK_ARCHETYPE","floor":50,"turns":9}],"seed_played":"-879295812122242119","potions_obtained":[{"floor":8,"key":"Block Potion"},{"floor":10,"key":"champ:CounterPotion"},{"floor":15,"key":"Swift Potion"},{"floor":16,"key":"SteroidPotion"},{"floor":26,"key":"Fire Potion"},{"floor":28,"key":"Swift Potion"},{"floor":33,"key":"Fruit Juice"},{"floor":37,"key":"SteroidPotion"},{"floor":38,"key":"Guardian:DefensiveModePotion"},{"floor":46,"key":"Guardian:DefensiveModePotion"}],"is_trial":false,"path_per_floor":["R","M","$","M","M","R","T","E","?","E","$","?","?","?","M","B",null,"R","M","?","M","T","R","T","$","E","R","M","$","?","M","M","B",null,"R","M","?","?","M","R","T","R","M","?","R","E","R","?","M","B",null],"character_chosen":"GUARDIAN","items_purchased":["Vajra","Ginger","Guardian:TimeBomb","Guardian:WalkerClaw"],"campfire_rested":3,"item_purchase_floors":[3,11,11,11],"current_hp_per_floor":[80,78,78,74,64,64,64,29,29,25,25,25,25,25,19,12,80,80,68,68,55,55,90,90,75,42,69,48,48,48,48,39,39,95,95,73,73,44,44,72,72,72,72,72,72,72,72,72,61,61],"gold":385,"neow_bonus":"HUNDRED_GOLD","is_daily":false,"chose_seed":false,"campfire_upgraded":6,"win_rate":0.0,"timestamp":1611788643,"path_taken":["R","M","$","M","M","R","T","E","?","E","$","?","?","?","M","BOSS","R","M","?","M","?","R","T","$","E","R","?","?","?","M","M","BOSS","R","?","?","?","M","R","T","R","M","?","R","E","R","?","M","BOSS"],"items_purchased_type":["Relic","Relic","Card","Card"],"build_version":"2020-12-22","purchased_purges":0,"victory":true,"max_hp_per_floor":[80,80,80,80,80,80,80,80,80,80,80,80,80,80,80,80,80,80,80,80,80,80,90,90,90,90,90,90,90,90,90,90,95,95,95,95,95,95,95,95,95,95,95,95,95,95,95,95,95,95],"card_choices":[{"not_picked":["Guardian:WalkerClaw","Guardian:Gem_Green"],"picked":"Guardian:TimeCapacitor","floor":2},{"not_picked":["Guardian:Gem_Purple","Guardian:Gem_White"],"picked":"Guardian:Gem_Blue","floor":3},{"not_picked":["Guardian:Gem_Purple","Guardian:Gem_Green"],"picked":"Guardian:Gem_Yellow","floor":4},{"not_picked":["Guardian:TemporalShield","Guardian:Incinerate"],"picked":"Guardian:ArmoredProtocol","floor":5},{"not_picked":["Guardian:ShieldCharger","Guardian:Clone"],"picked":"Guardian:RollAttack","floor":8},{"not_picked":["Guardian:Gem_Blue","Guardian:CrystalBeam"],"picked":"Guardian:ExploitGems","floor":10},{"not_picked":["Guardian:TemporalStrike","Guardian:Gem_Cyan"],"picked":"Guardian:FuturePlans","floor":11},{"not_picked":["Guardian:CrystalBeam","Guardian:WalkerClaw"],"picked":"Guardian:Planning","floor":15},{"not_picked":["Guardian:ConstructionForm","Guardian:GatlingBeam"],"picked":"Guardian:RevengeProtocol","floor":16},{"not_picked":["Guardian:VentSteam","Guardian:Gem_White"],"picked":"Guardian:ShieldSpikes+1","floor":19},{"not_picked":["Guardian:ShieldCharger+1","Guardian:BronzeOrb"],"picked":"Guardian:ChargeUp","floor":21},{"not_picked":["Guardian:Gem_Green","Guardian:Gem_Fragmented"],"picked":"Guardian:PiercingHide+1","floor":25},{"not_picked":["Guardian:PiercingHide","Guardian:Clone"],"picked":"Guardian:SpikerProtocol","floor":26},{"not_picked":["Guardian:Gem_Purple","Guardian:Gem_Cyan"],"picked":"Guardian:BodySlam+1","floor":28},{"not_picked":["Guardian:ChargeCore+1","Guardian:Gem_White"],"picked":"Guardian:TemporalStrike","floor":29},{"not_picked":["Guardian:PiercingHide","Guardian:Gem_Green"],"picked":"Guardian:Gem_Lightblue","floor":31},{"not_picked":["Guardian:ChargeCore+1","Guardian:MultiBeam"],"picked":"Guardian:TemporalShield","floor":32},{"not_picked":["Guardian:ExploitGems","Guardian:HyperBeam_Guardian"],"picked":"Guardian:Gem_Orange","floor":33},{"not_picked":["Guardian:Reroute","Guardian:Planning"],"picked":"Guardian:DonusPower","floor":36},{"not_picked":["Guardian:FuturePlans","Guardian:DecasProtection"],"picked":"Guardian:ShieldCharger","floor":37},{"not_picked":["Guardian:ShieldSpikes","Guardian:ShieldCharger+1"],"picked":"Guardian:Harden+1","floor":38},{"not_picked":["Guardian:Emergency","Guardian:PiercingHide+1"],"picked":"Guardian:Incinerate+1","floor":39},{"not_picked":["Guardian:ShieldCharger","Guardian:RollAttack"],"picked":"Guardian:Gem_Cyan","floor":43},{"not_picked":["Guardian:TemporalStrike","Guardian:VentSteam"],"picked":"Guardian:RollAttack+1","floor":46},{"not_picked":["Guardian:Gem_Cyan","Guardian:RevengeProtocol"],"picked":"Guardian:SentryBeam+1","floor":49}],"player_experience":972993,"relics_obtained":[{"floor":7,"key":"Guardian:DefensiveModeMoreBlock"},{"floor":8,"key":"hexamod:CandleOfCauterizing"},{"floor":10,"key":"Kunai"},{"floor":24,"key":"Blue Candle"},{"floor":26,"key":"Bronze Scales"},{"floor":37,"key":"Ice Cream"},{"floor":38,"key":"FossilizedHelix"},{"floor":41,"key":"War Paint"},{"floor":46,"key":"Darkstone Periapt"}],"event_choices":[{"cards_removed":["downfall:Icky"],"damage_healed":0,"gold_gain":0,"player_choice":"Forget","damage_taken":0,"max_hp_gain":0,"max_hp_loss":0,"event_name":"Living Wall","floor":13,"gold_loss":0},{"damage_healed":0,"gold_gain":0,"player_choice":"Ignored","damage_taken":0,"max_hp_gain":0,"max_hp_loss":0,"event_name":"Ghosts","floor":20,"gold_loss":0},{"cards_removed":["downfall:Icky"],"damage_healed":0,"gold_gain":0,"player_choice":"Offered Curse","damage_taken":0,"relics_obtained":["Spirit Poop"],"max_hp_gain":0,"max_hp_loss":0,"event_name":"Bonfire Elementals","floor":30,"gold_loss":0},{"damage_healed":0,"gold_gain":0,"player_choice":"Fight","damage_taken":0,"max_hp_gain":0,"max_hp_loss":0,"event_name":"Mysterious Sphere","floor":38,"gold_loss":0},{"cards_removed":["Guardian:RollAttack"],"damage_healed":0,"gold_gain":0,"player_choice":"Removed Attack","damage_taken":0,"max_hp_gain":0,"max_hp_loss":0,"event_name":"Falling","floor":44,"gold_loss":0}],"is_beta":false,"boss_relics":[{"not_picked":["Astrolabe","Runic Pyramid"],"picked":"bronze:MakeshiftBattery"},{"not_picked":["Busted Crown","Fusion Hammer"],"picked":"expansioncontent:StudyCardRelic"}],"items_purged_floors":[],"is_endless":false,"potions_floor_spawned":[8,10,15,16,26,28,33,37,38,46],"ascension_level":3}}