{"host":"xj2wyr3bqqv4irjd","time":1611758864,"event":{"mods":["100% Spire Juice","Act Like it!","Aspiration","BaseMod","Better Vampires","Gensokyo","Koishi","Lobotomy","LobotomyExtend","Marisa£®ÏF”Í°°ƒß¿Ì…≥£©","Minty Spire (QoL Compilation)","Quick Restart","Rare Cards Sparkle","Reimu£®≤©¿ˆ¡È√Œ£©","Remilia£®¿Ÿ√◊¿Ú—«£©","Replay The Spire","SIMod","StSLib","The Alterego","The Servant 0.9.4","Waifu the Spire","WarShipGirlsR/’ΩΩ¢…Ÿ≈ÆR mod","Yakumo Yukari mod","Youmu£®ªÍ∆«—˝√Œ£©"],"gold_per_floor":[112,132,146,146,146,146,179,195,219,219,259,274,274,177,177,308,308,329,329,329,343,268,268,293,293,293,309,389,307,183,223,103,234,234,257,132,345,358,358,238,268,268,268,280,86,115,105,105,105,105,105,105,105,57,83,83],"floor_reached":57,"language":"ZHS","playtime":3382,"items_purged":["Moonworks:Defend","Moonworks:Defend","Moonworks:Strike","ReplayTheSpireMod:Restless Dread"],"score":1506,"play_id":"eeb7653c-f139-4c1b-a4d3-aab45d590dd9","local_time":"20210127224744","is_ascension_mode":false,"campfire_choices":[{"data":"Moonworks:IndiscriminateFireSupport","floor":6.0,"key":"SMITH"},{"data":"Moonworks:Encore","floor":10.0,"key":"SMITH"},{"data":"Moonworks:MiracleRedBeanIceCream","floor":15.0,"key":"SMITH"},{"data":"Moonworks:AnotherUltimateWeapon","floor":23.0,"key":"SMITH"},{"data":"Moonworks:ForcedRevival","floor":25.0,"key":"SMITH"},{"data":"Moonworks:BigMagnum","floor":32.0,"key":"SMITH"},{"data":"Moonworks:PlushieMaster","floor":40.0,"key":"SMITH"},{"floor":49,"key":"RECALL"},{"data":"Moonworks:ForcedRevival","floor":53,"key":"SMITH"}],"circlet_count":0,"master_deck":["Moonworks:Strike","Moonworks:Defend","Moonworks:Defend","Moonworks:Ambush","Moonworks:LongDistanceShot","Moonworks:IndiscriminateFireSupport+1","Moonworks:MiracleRedBeanIceCream+1","Moonworks:Encore+1","Moonworks:NicePresent+1","Moonworks:AnotherUltimateWeapon+1","Moonworks:ForcedRevival+1","Moonworks:ForcedRevival+1","Moonworks:RagingMadness","Moonworks:BackdoorTrade","Moonworks:BigMagnum+1","Moonworks:NicePresent+1","Moonworks:PlushieMaster","Moonworks:PlushieMaster+1","Moonworks:NicePresent+1","Moonworks:MiracleRedBeanIceCream","FairyDestructionRay+1","Moonworks:Poppoformation","Moonworks:ForcedRevival+1","Moonworks:WeAreWaruda","Moonworks:BigMagnum","Moonworks:CrystalBarrier"],"relics":["Moonworks:SBBomb","Moonworks:Homemark","aspiration:Nostalgia","HalfPhantom","LetterFromLob","aspiration:HatOfInfinitePower","Anchor","Pet Ghost","Honey Jar","alterego_mod:SomeoneToFightFor","Replay:WaspNest","aspiration:Stabinomicon","Mirror","Replay:Grab Bag","Cursed Key","Philosopher\u0027s Stone","Bronze Scales","War Paint","BargainBundle","Sundial","Chameleon Ring"],"acts_visited":["Exordium","TheCity","TheBeyond","TheEnding"],"potions_floor_usage":[50,56,56,56],"damage_taken":[{"damage":1.0,"enemies":"Jaw Worm","floor":1.0,"turns":3.0},{"damage":0.0,"enemies":"2 Louse","floor":2.0,"turns":2.0},{"damage":0.0,"enemies":"Small Slimes","floor":3.0,"turns":2.0},{"damage":8.0,"enemies":"Replay:BlueRogue","floor":7.0,"turns":6.0},{"damage":2.0,"enemies":"Exordium Thugs","floor":8.0,"turns":2.0},{"damage":0.0,"enemies":"Lagavulin","floor":11.0,"turns":3.0},{"damage":0.0,"enemies":"Exordium Wildlife","floor":12.0,"turns":1.0},{"damage":0.0,"enemies":"Looter","floor":14.0,"turns":1.0},{"damage":20.0,"enemies":"The Guardian","floor":16.0,"turns":8.0},{"damage":0.0,"enemies":"Spheric Guardian","floor":18.0,"turns":3.0},{"damage":0.0,"enemies":"3 Byrds","floor":21.0,"turns":3.0},{"damage":0.0,"enemies":"Centurion and Healer","floor":24.0,"turns":1.0},{"damage":0.0,"enemies":"Chosen and Byrds","floor":27.0,"turns":3.0},{"damage":0.0,"enemies":"Book of Stabbing","floor":29.0,"turns":2.0},{"damage":5.0,"enemies":"Slavers","floor":31.0,"turns":1.0},{"damage":6.0,"enemies":"Automaton","floor":33.0,"turns":3.0},{"damage":6.0,"enemies":"3 Darklings","floor":35.0,"turns":1.0},{"damage":5.0,"enemies":"3 Shapes","floor":38.0,"turns":1.0},{"damage":6.0,"enemies":"Nemesis","floor":41.0,"turns":1.0},{"damage":6,"enemies":"Transient","floor":44,"turns":4},{"damage":6,"enemies":"Reptomancer","floor":46,"turns":1},{"damage":6,"enemies":"Donu and Deca","floor":50,"turns":2},{"damage":6,"enemies":"Shield and Spear","floor":55,"turns":1},{"damage":62,"enemies":"The Heart","floor":56,"turns":5}],"seed_played":"2465943699837349123","potions_obtained":[{"floor":2.0,"key":"ColorlessPotion"},{"floor":7.0,"key":"Strength Potion"},{"floor":11.0,"key":"EssenceOfSteel"},{"floor":18.0,"key":"Regen Potion"},{"floor":21.0,"key":"ColorlessPotion"},{"floor":29.0,"key":"CultistPotion"},{"floor":33.0,"key":"Explosive Potion"},{"floor":38.0,"key":"SteroidPotion"}],"is_trial":false,"path_per_floor":["M","M","M","?","?","R","E","M","T","R","E","M","?","M","R","B",null,"M","?","?","M","$","R","M","R","T","M","T","E","$","E","R","B",null,"M","$","?","M","?","R","E","?","T","M","$","E","?","?","R","B",null,null,"R","$","E","B",null],"character_chosen":"THE_STARBREAKER","items_purchased":["Moonworks:NicePresent","BargainBundle","Swift Potion","FearPotion","Moonworks:BigMagnum"],"campfire_rested":0,"item_purchase_floors":[30,45,45,45,54],"current_hp_per_floor":[59,59,59,59,44,44,41,39,39,39,44,44,44,49,49,34,60,60,60,60,60,60,60,60,60,60,60,60,60,60,60,60,60,60,54,54,54,60,60,60,60,60,60,60,60,60,60,60,60,60,60,60,60,60,60,29],"gold":83,"neow_bonus":"NOSTALGIA","is_daily":false,"chose_seed":false,"campfire_upgraded":8,"win_rate":0.0,"timestamp":1611758864,"path_taken":["M","M","M","?","?","R","E","M","T","R","E","M","?","M","R","BOSS","M","?","?","M","$","R","M","R","T","?","?","E","$","E","R","BOSS","M","$","?","M","?","R","E","?","T","?","$","E","?","?","R","BOSS","R","$","E","BOSS"],"items_purchased_type":["Card","Relic","Potion","Potion","Card"],"build_version":"2020-12-22","purchased_purges":4,"victory":true,"max_hp_per_floor":[60,60,60,60,60,60,60,60,60,60,60,60,60,60,60,60,60,60,60,60,60,60,60,60,60,60,60,60,60,60,60,60,60,60,60,60,60,60,60,60,60,60,60,60,60,60,60,60,60,60,60,60,60,60,60,60],"card_choices":[{"not_picked":["Moonworks:MixPhenomenon","Moonworks:EvilSpyWorkPreparation"],"picked":"Moonworks:NicePresent","floor":1.0},{"not_picked":["Moonworks:CloudOfSeagulls","Moonworks:LulusLuckyEgg"],"picked":"Moonworks:IndiscriminateFireSupport","floor":2.0},{"not_picked":["Moonworks:BigBangBell","Moonworks:Assault"],"picked":"Moonworks:MiracleRedBeanIceCream","floor":3.0},{"not_picked":["Moonworks:Heat300Percent","Moonworks:SweetBattle"],"picked":"Moonworks:Encore","floor":7.0},{"not_picked":["Moonworks:Assault","Moonworks:x16BigRocket"],"picked":"Moonworks:NicePresent","floor":8.0},{"not_picked":["Moonworks:Assault","Moonworks:EvilSpyWorkPreparation","Moonworks:LulusLuckyEgg"],"picked":"SKIP","floor":11.0},{"not_picked":["Moonworks:Assault","Moonworks:EvilSpyWorkPreparation","Moonworks:LulusLuckyEgg"],"picked":"SKIP","floor":11.0},{"not_picked":["Moonworks:MixPhenomenon","Moonworks:TreasureThief","Moonworks:TacticalRetreat"],"picked":"SKIP","floor":12.0},{"not_picked":["Moonworks:ImOnFire","Moonworks:AwakeningOfTalent","Moonworks:DeployBits"],"picked":"SKIP","floor":14.0},{"not_picked":["Moonworks:MeltingMemories","Moonworks:HolyNight"],"picked":"Moonworks:AnotherUltimateWeapon","floor":16.0},{"not_picked":["Moonworks:RagingMadness","Moonworks:CloudOfSeagulls","Moonworks:BackdoorTrade"],"picked":"Moonworks:ForcedRevival+1","floor":18.0},{"not_picked":["Moonworks:ImOnFire","Moonworks:JonathanRush+1","Moonworks:LulusLuckyEgg"],"picked":"Moonworks:ForcedRevival","floor":21.0},{"not_picked":["Moonworks:Assault+1","Moonworks:BigBangBell","Moonworks:CloudOfSeagulls+1"],"picked":"Moonworks:RagingMadness","floor":24.0},{"not_picked":["Moonworks:BindingChains","Moonworks:x16BigRocket","Moonworks:LulusLuckyEgg+1"],"picked":"Moonworks:BackdoorTrade","floor":27.0},{"not_picked":["Moonworks:Assault+1","Moonworks:IndiscriminateFireSupport","Moonworks:Blazing"],"picked":"Moonworks:BigMagnum","floor":29.0},{"not_picked":["Moonworks:Flamethrower+1","Moonworks:Assault","Moonworks:ImOnFire"],"picked":"Moonworks:PlushieMaster","floor":31.0},{"not_picked":["Moonworks:RocketCannon","Moonworks:EvilMastermind","Moonworks:Wanted"],"picked":"Moonworks:PlushieMaster","floor":33.0},{"not_picked":["Moonworks:CloudOfSeagulls","Moonworks:ExtendedPhotonRifle+1","Moonworks:ImmovableObject+1"],"picked":"Moonworks:NicePresent+1","floor":35.0},{"not_picked":["Moonworks:SakisCookie+1","Moonworks:JonathanRush","Moonworks:TreasureThief+1","Moonworks:CloudOfSeagulls"],"picked":"SKIP","floor":38.0},{"not_picked":["Moonworks:IndiscriminateFireSupport","Moonworks:BackdoorTrade+1","Moonworks:Assault"],"picked":"Moonworks:MiracleRedBeanIceCream","floor":41},{"not_picked":["Moonworks:IndiscriminateFireSupport","Moonworks:CloudOfSeagulls+1","Moonworks:BeyondHell+1"],"picked":"Moonworks:Poppoformation","floor":44},{"not_picked":["Moonworks:ImOnFire","Moonworks:LulusLuckyEgg","Moonworks:Poppoformation"],"picked":"Moonworks:ForcedRevival","floor":46},{"not_picked":[],"picked":"Moonworks:WeAreWaruda","floor":47},{"not_picked":["Moonworks:IntelligenceOfficer+1","Moonworks:JonathanRush","Moonworks:BigMagnum"],"picked":"Moonworks:CrystalBarrier","floor":55}],"player_experience":587231,"relics_obtained":[{"floor":1.0,"key":"LetterFromLob"},{"floor":7.0,"key":"aspiration:HatOfInfinitePower"},{"floor":9.0,"key":"Anchor"},{"floor":11.0,"key":"Pet Ghost"},{"floor":26.0,"key":"Replay:WaspNest"},{"floor":29.0,"key":"aspiration:Stabinomicon"},{"floor":31.0,"key":"Mirror"},{"floor":41,"key":"Bronze Scales"},{"floor":43,"key":"War Paint"},{"floor":46,"key":"Sundial"},{"floor":55,"key":"Chameleon Ring"}],"event_choices":[{"damage_healed":0.0,"max_hp_gain":0.0,"max_hp_loss":0.0,"gold_gain":0.0,"event_name":"Liars Game","player_choice":"Ignored","floor":4.0,"gold_loss":0.0,"damage_taken":0.0},{"damage_healed":0.0,"max_hp_gain":0.0,"max_hp_loss":0.0,"gold_gain":0.0,"event_name":"Golden Idol","player_choice":"Take Damage","floor":5.0,"gold_loss":0.0,"damage_taken":15.0,"relics_obtained":["Golden Idol"]},{"cards_removed":["Moonworks:Strike"],"damage_healed":0.0,"max_hp_gain":0.0,"max_hp_loss":0.0,"gold_gain":0.0,"event_name":"Purifier","player_choice":"Purged","floor":13.0,"gold_loss":0.0,"damage_taken":0.0},{"damage_healed":0.0,"max_hp_gain":0.0,"max_hp_loss":0.0,"gold_gain":0.0,"event_name":"∞Æµƒ…Ò •ª®‘∞","player_choice":"Choice 2","floor":19.0,"gold_loss":0.0,"damage_taken":0.0,"relics_obtained":["alterego_mod:SomeoneToFightFor"]},{"damage_healed":0.0,"max_hp_gain":0.0,"max_hp_loss":0.0,"gold_gain":0.0,"event_name":"The Mausoleum","player_choice":"Ignored","floor":20.0,"gold_loss":0.0,"damage_taken":0.0},{"damage_healed":0.0,"max_hp_gain":0.0,"max_hp_loss":0.0,"gold_gain":333.0,"event_name":"The Moai Head","player_choice":"Gave Idol","floor":37.0,"relics_lost":["Golden Idol"],"gold_loss":0.0,"damage_taken":0.0},{"damage_healed":0.0,"max_hp_gain":0.0,"max_hp_loss":0.0,"gold_gain":0.0,"event_name":"SensoryStone","player_choice":"Memory 1","floor":39.0,"gold_loss":0.0,"damage_taken":0.0},{"cards_removed":["Moonworks:NicePresent"],"damage_healed":0,"gold_gain":0,"player_choice":"Took Card","damage_taken":0,"max_hp_gain":0,"max_hp_loss":0,"event_name":"NoteForYourself","floor":42,"gold_loss":0,"cards_obtained":["FairyDestructionRay"]},{"cards_removed":["Moonworks:Strike"],"damage_healed":0,"gold_gain":0,"player_choice":"Removed Attack","damage_taken":0,"max_hp_gain":0,"max_hp_loss":0,"event_name":"Falling","floor":48,"gold_loss":0}],"is_beta":false,"boss_relics":[{"not_picked":["SacredBark","Ring of Chaos"],"picked":"Honey Jar"},{"not_picked":["Snecko Heart","RedLine:ReiMu"],"picked":"Replay:Grab Bag"},{"not_picked":["Velvet Choker","ChewingGum"],"picked":"Cursed Key"},{"not_picked":["Busted Crown","Runic Dome"],"picked":"Philosopher\u0027s Stone"},{"not_picked":["Calling Bell","Black Star"],"picked":"Moonworks:SBBomb"}],"items_purged_floors":[22,30,36,45],"is_endless":false,"potions_floor_spawned":[2,7,11,18,21,29,33,38],"ascension_level":0}}