{"host":"eswokialmqjd9jwx","time":1611754372,"event":{"mods":["AchievementEnabler","BaseMod","Colored Map","DeckTracker","KOR Keyword Fix","Minty Spire (QoL Compilation)","StSLib","SuperFastMode"],"gold_per_floor":[122,143,162,188,213,213,213,241,241,241,264,264,289,289,289,375,375,399,399,58,58,67,104,104,139,139,155,155,155],"floor_reached":28,"language":"KOR","playtime":630,"items_purged":[],"score":500,"play_id":"f3d7dd16-6d6e-4aca-9532-b31a9c6e2dc2","local_time":"20210127223252","is_ascension_mode":true,"campfire_choices":[{"floor":6,"key":"REST"},{"floor":10,"key":"REST"},{"floor":12,"key":"REST"},{"data":"Static Discharge","floor":15,"key":"SMITH"},{"floor":24,"key":"REST"}],"circlet_count":0,"master_deck":["AscendersBane","Strike_B","Strike_B","Strike_B","Defend_B","Defend_B","Defend_B","Defend_B","Zap","Dualcast","Turbo","Melter","Static Discharge+1","Barrage","Conserve Battery","Barrage","Coolheaded","Core Surge","Compile Driver","Static Discharge","Writhe","Self Repair","Cold Snap+1"],"relics":["Cracked Core","CeramicFish","Question Card","Black Star","Enchiridion","Mummified Hand","Omamori","Tiny Chest","Emotion Chip","Kunai","Bag of Preparation","Ice Cream"],"acts_visited":["Exordium","TheCity"],"potions_floor_usage":[8,8,16,16,27],"damage_taken":[{"damage":9,"enemies":"Jaw Worm","floor":1,"turns":3},{"damage":7,"enemies":"Cultist","floor":2,"turns":4},{"damage":8,"enemies":"2 Louse","floor":3,"turns":3},{"damage":13,"enemies":"Exordium Thugs","floor":4,"turns":4},{"damage":21,"enemies":"3 Louse","floor":5,"turns":4},{"damage":26,"enemies":"Large Slime","floor":8,"turns":6},{"damage":11,"enemies":"Blue Slaver","floor":11,"turns":3},{"damage":23,"enemies":"Lots of Slimes","floor":13,"turns":3},{"damage":54,"enemies":"Hexaghost","floor":16,"turns":9},{"damage":4,"enemies":"Spheric Guardian","floor":18,"turns":3},{"damage":39,"enemies":"Book of Stabbing","floor":23,"turns":3},{"damage":25,"enemies":"Gremlin Leader","floor":25,"turns":4},{"damage":10,"enemies":"3 Byrds","floor":27,"turns":5},{"damage":21,"enemies":"Slavers","floor":28,"turns":1}],"seed_played":"8769167656737753090","potions_obtained":[{"floor":4,"key":"Swift Potion"},{"floor":5,"key":"Fruit Juice"},{"floor":8,"key":"SkillPotion"},{"floor":11,"key":"BlessingOfTheForge"},{"floor":18,"key":"SteroidPotion"},{"floor":25,"key":"Fire Potion"}],"is_trial":false,"path_per_floor":["M","M","M","M","M","R","?","M","T","R","M","R","M","?","R","B",null,"M","?","$","?","?","E","R","E","T","M","E"],"character_chosen":"DEFECT","items_purchased":["Mummified Hand","Static Discharge"],"campfire_rested":4,"item_purchase_floors":[20,20],"current_hp_per_floor":[55,48,40,27,6,27,27,6,6,28,17,39,16,86,86,32,73,69,48,48,48,48,9,34,16,16,13,0,0],"gold":155,"neow_bonus":"RANDOM_COMMON_RELIC","is_daily":false,"chose_seed":false,"campfire_upgraded":1,"win_rate":0.0,"timestamp":1611754372,"path_taken":["M","M","M","M","M","R","?","?","T","R","M","R","M","?","R","BOSS","M","?","$","?","?","E","R","E","T","M","E"],"items_purchased_type":["Relic","Card"],"build_version":"2020-12-22","purchased_purges":0,"victory":false,"max_hp_per_floor":[71,71,71,71,71,71,71,76,76,76,76,76,76,86,86,86,86,86,86,86,86,86,86,86,86,86,86,86,86],"card_choices":[{"not_picked":["Rebound","Leap"],"picked":"Turbo","floor":1},{"not_picked":["Double Energy","Turbo"],"picked":"Melter","floor":2},{"not_picked":["Redo","Glacier"],"picked":"Static Discharge","floor":3},{"not_picked":["Steam Power","Beam Cell"],"picked":"Barrage","floor":4},{"not_picked":["Rip and Tear","Leap"],"picked":"Conserve Battery","floor":5},{"not_picked":["Consume","Barrage"],"picked":"Core Surge","floor":8},{"not_picked":["Conserve Battery","Double Energy","Scrape"],"picked":"Barrage","floor":11},{"not_picked":["Compile Driver","Beam Cell","Sweeping Beam"],"picked":"Coolheaded","floor":13},{"not_picked":["All For One","Thunder Strike","Multi-Cast"],"picked":"Core Surge","floor":16},{"not_picked":["Sweeping Beam+1","Reinforced Body","Aggregate"],"picked":"Compile Driver","floor":18},{"not_picked":["Redo","Tempest","Leap"],"picked":"Self Repair","floor":23},{"not_picked":["Beam Cell","Streamline+1","Hologram"],"picked":"Cold Snap+1","floor":25},{"not_picked":["Conserve Battery","Steam Power","Coolheaded","Ball Lightning"],"picked":"SKIP","floor":27}],"player_experience":1169147,"relics_obtained":[{"floor":9,"key":"Question Card"},{"floor":19,"key":"Enchiridion"},{"floor":23,"key":"Tiny Chest"},{"floor":23,"key":"Emotion Chip"},{"floor":25,"key":"Kunai"},{"floor":25,"key":"Bag of Preparation"},{"floor":26,"key":"Ice Cream"}],"event_choices":[{"cards_removed":["Strike_B"],"damage_healed":0,"gold_gain":0,"player_choice":"Purged","damage_taken":0,"max_hp_gain":0,"max_hp_loss":0,"event_name":"Purifier","floor":7,"gold_loss":0},{"cards_removed":["Core Surge"],"damage_healed":60,"gold_gain":0,"player_choice":"Offered Rare","damage_taken":0,"max_hp_gain":10,"max_hp_loss":0,"event_name":"Bonfire Elementals","floor":14,"gold_loss":0},{"damage_healed":0,"gold_gain":0,"player_choice":"Obtained Book","damage_taken":21,"max_hp_gain":0,"max_hp_loss":0,"event_name":"Cursed Tome","floor":19,"gold_loss":0},{"damage_healed":0,"gold_gain":0,"player_choice":"Ignored","damage_taken":0,"max_hp_gain":0,"max_hp_loss":0,"event_name":"Vampires","floor":21,"gold_loss":0},{"damage_healed":0,"gold_gain":0,"player_choice":"Opened","damage_taken":0,"relics_obtained":["Omamori"],"max_hp_gain":0,"max_hp_loss":0,"event_name":"The Mausoleum","floor":22,"gold_loss":0,"cards_obtained":["Writhe"]}],"is_beta":false,"boss_relics":[{"not_picked":["Philosopher\u0027s Stone","Velvet Choker"],"picked":"Black Star"}],"items_purged_floors":[],"is_endless":false,"potions_floor_spawned":[4,5,8,11,18,25],"killed_by":"Slavers","ascension_level":20}}