{"host":"9709z2dy8v1s63sm","time":1611731971,"event":{"mods":["AchievementEnabler","BaseMod","Minty Spire (QoL Compilation)","StSLib","SuperFastMode"],"gold_per_floor":[116,134,209,222,222,222,237,270,270,284,284,300,300,310,310,384,384,398,126,126,126,91,125,125,125,125],"floor_reached":25,"language":"KOR","playtime":1188,"items_purged":["Strike_R"],"score":393,"play_id":"f551bd1a-05ab-490d-a05d-5e591670411c","local_time":"20210127161931","is_ascension_mode":true,"campfire_choices":[{"data":"Feed","floor":6.0,"key":"SMITH"},{"data":"Barricade","floor":11.0,"key":"SMITH"},{"data":"Shockwave","floor":13.0,"key":"SMITH"},{"data":"Intimidate","floor":15.0,"key":"SMITH"},{"data":"Apotheosis","floor":24.0,"key":"SMITH"}],"circlet_count":0,"master_deck":["AscendersBane","Strike_R","Strike_R","Strike_R","Defend_R","Defend_R","Defend_R","Defend_R","Bash","Barricade+1","Feed+1","Reaper","Shockwave+1","Impervious","Intimidate+1","Juggernaut","Disarm","Apotheosis+1","Heavy Blade","Feel No Pain","Dark Embrace"],"relics":["Burning Blood","Anchor","Bronze Scales","SlaversCollar","HornCleat"],"acts_visited":["Exordium","TheCity"],"potions_floor_usage":[25],"damage_taken":[{"damage":9.0,"enemies":"2 Louse","floor":1.0,"turns":3.0},{"damage":11.0,"enemies":"Cultist","floor":2.0,"turns":4.0},{"damage":12.0,"enemies":"Jaw Worm","floor":4.0,"turns":3.0},{"damage":25.0,"enemies":"Exordium Thugs","floor":7.0,"turns":6.0},{"damage":15.0,"enemies":"Gremlin Nob","floor":8.0,"turns":4.0},{"damage":1.0,"enemies":"2 Fungi Beasts","floor":10.0,"turns":4.0},{"damage":4.0,"enemies":"Looter","floor":12.0,"turns":4.0},{"damage":12.0,"enemies":"Lots of Slimes","floor":14.0,"turns":4.0},{"damage":75.0,"enemies":"Slime Boss","floor":16.0,"turns":17.0},{"damage":21.0,"enemies":"Chosen","floor":18.0,"turns":8.0},{"damage":37.0,"enemies":"2 Thieves","floor":22.0,"turns":5.0},{"damage":33.0,"enemies":"Book of Stabbing","floor":23.0,"turns":8.0},{"damage":42,"enemies":"Centurion and Healer","floor":25,"turns":13}],"seed_played":"-6692732310513901428","potions_obtained":[{"floor":4.0,"key":"Strength Potion"},{"floor":7.0,"key":"Regen Potion"},{"floor":10.0,"key":"SpeedPotion"},{"floor":16.0,"key":"SkillPotion"},{"floor":23.0,"key":"Energy Potion"}],"is_trial":false,"path_per_floor":["M","M","?","M","?","R","M","E","T","M","R","M","R","M","R","B",null,"M","$","?","?","M","E","R","M"],"character_chosen":"IRONCLAD","items_purchased":["Apotheosis"],"campfire_rested":0,"item_purchase_floors":[19],"current_hp_per_floor":[69,64,53,47,47,47,36,41,41,57,57,59,59,73,73,9,71,66,66,47,47,32,12,12,0,0],"gold":125,"neow_bonus":"ONE_RANDOM_RARE_CARD","is_daily":false,"chose_seed":false,"campfire_upgraded":5,"win_rate":0.0,"timestamp":1611731971,"path_taken":["M","M","?","M","?","R","M","E","T","M","R","?","R","M","R","BOSS","M","$","?","?","?","E","R","M"],"items_purchased_type":["Card"],"build_version":"2020-12-22","purchased_purges":1,"victory":false,"max_hp_per_floor":[80,80,80,80,80,80,84,84,84,88,88,88,88,92,92,92,92,96,96,101,101,105,105,105,105,105],"card_choices":[{"not_picked":["Clothesline","Sentinel","Cleave"],"picked":"SKIP","floor":1.0},{"not_picked":["Anger","True Grit"],"picked":"Feed","floor":2.0},{"not_picked":["Pommel Strike","Perfected Strike","Twin Strike"],"picked":"SKIP","floor":4.0},{"not_picked":["Perfected Strike","Warcry","True Grit"],"picked":"SKIP","floor":7.0},{"not_picked":["Iron Wave","Carnage"],"picked":"Impervious","floor":8.0},{"not_picked":["Twin Strike","Fire Breathing"],"picked":"Intimidate","floor":10.0},{"not_picked":["Shockwave","Headbutt","Warcry"],"picked":"SKIP","floor":12.0},{"not_picked":["Anger","Bloodletting","Flex"],"picked":"SKIP","floor":14.0},{"not_picked":["Reaper","Barricade"],"picked":"Juggernaut","floor":16.0},{"not_picked":["Perfected Strike+1","Inflame"],"picked":"Disarm","floor":18.0},{"not_picked":["Hemokinesis","Metallicize"],"picked":"Feel No Pain","floor":22.0},{"not_picked":["Rupture","Bloodletting"],"picked":"Dark Embrace","floor":23.0}],"player_experience":99054,"relics_obtained":[{"floor":8.0,"key":"Anchor"},{"floor":9.0,"key":"Bronze Scales"},{"floor":23.0,"key":"HornCleat"}],"event_choices":[{"damage_healed":0.0,"max_hp_gain":0.0,"max_hp_loss":0.0,"gold_gain":75.0,"event_name":"World of Goop","player_choice":"Gather Gold","floor":3.0,"gold_loss":0.0,"damage_taken":11.0},{"damage_healed":0.0,"max_hp_gain":0.0,"max_hp_loss":0.0,"gold_gain":0.0,"event_name":"Match and Keep!","player_choice":"2 cards matched","floor":5.0,"gold_loss":0.0,"damage_taken":0.0,"cards_obtained":["Reaper","Shockwave"]},{"damage_healed":0.0,"max_hp_gain":5.0,"max_hp_loss":0.0,"gold_gain":0.0,"event_name":"Forgotten Altar","player_choice":"Shed Blood","floor":20.0,"gold_loss":0.0,"damage_taken":24.0},{"damage_healed":0.0,"max_hp_gain":0.0,"max_hp_loss":0.0,"gold_gain":0.0,"cards_transformed":["Strike_R"],"event_name":"Transmorgrifier","player_choice":"Transformed","floor":21.0,"gold_loss":0.0,"damage_taken":0.0,"cards_obtained":["Heavy Blade"]}],"is_beta":false,"boss_relics":[{"not_picked":["SacredBark","Empty Cage"],"picked":"SlaversCollar"}],"items_purged_floors":[19],"is_endless":false,"potions_floor_spawned":[4,7,10,16,18,23],"killed_by":"Centurion and Healer","ascension_level":13}}