{"host":"ktoxvvst1mwxww91","time":1611764381,"event":{"mods":["BaseMod","Downfall","Minty Spire (QoL Compilation)","StSLib"],"gold_per_floor":[99,111,111,111,36,49,49,49,34,60,10,24,24,54,64,162,162,12,23,37,48,48,74,74,74,101,118,28,54,4,31,45,145,145,95,113,163,176,264,280,280,142,173,185,215,165,182,199,214,214],"floor_reached":51,"language":"ENG","playtime":2776,"items_purged":["downfall:Icky","Slimebound:Strike_Slimebound","Slimebound:SplitBruiser"],"score":937,"play_id":"6eb77e00-ad6f-4017-bfca-72be95e7e4fa","local_time":"20210127171941","is_ascension_mode":true,"campfire_choices":[{"data":"Slimebound:Split","floor":1,"key":"SMITH"},{"data":"Slimebound:CorrosiveSpit","floor":8,"key":"SMITH"},{"data":"Slimebound:RejuvenatingLick","floor":11,"key":"SMITH"},{"data":"Slimebound:RollThrough","floor":18,"key":"SMITH"},{"floor":30,"key":"REST"},{"data":"Slimebound:Teamwork","floor":35,"key":"SMITH"},{"data":"Slimebound:FlameTackle","floor":46,"key":"SMITH"}],"circlet_count":0,"master_deck":["Slimebound:Tackle","Slimebound:Defend_Slimebound","Slimebound:Defend_Slimebound","Slimebound:Defend_Slimebound","Slimebound:Defend_Slimebound","Slimebound:CorrosiveSpit+1","Slimebound:SlimeSpikes","Slimebound:RollThrough+1","Slimebound:SplitSpecialist","Slimebound:RejuvenatingLick+1","Slimebound:LeechLife","Slimebound:OneTwoCombo","Clumsy","Slimebound:MegaLick","Slimebound:ItLooksTasty","Slimebound:SlimeSpikes","Slimebound:RallyTheTroops","Slimebound:FlameTackle+1","Slimebound:SlimeSpikes","Slimebound:LeechEnergy","Necronomicurse","Slimebound:RollThrough+1","Slimebound:Equalize","Slimebound:DisruptingSlam+1","Slimebound:FinishingTackle","Slimebound:LeechingTouch","Slimebound:RollThrough","Slimebound:GrowthPunch","Slimebound:Teamwork+1","CurseOfTheBell","Slimebound:Equalize","Slimebound:FormOfPuddle+1","Slimebound:FlameTackle+1","expansioncontent:InvincibleStrength+1","Slimebound:TongueLash","Slimebound:SamplingLick","Parasite","Slimebound:ComboTackle+1","Slimebound:Gluttony+1","Slimebound:FlameTackle","Slimebound:SpikyOuterGoop+1","Slimebound:Recollect+1"],"relics":["Slimebound:TarBlob","Dream Catcher","Slimebound:GreedOozeRelic","Incense Burner","Oddly Smooth Stone","Vajra","Runic Pyramid","downfall:HeartBlessingGreen","Necronomicon","Frozen Egg 2","Slimebound:AggressiveSlimeRelic","Bag of Marbles","Bottled Flame","Happy Flower","Calling Bell","Orichalcum","Mercury Hourglass","Mango","Slimebound:SlimedTailRelic","Membership Card","Bronze Scales","Slimebound:SelfDamagePreventRelic","Blood Vial","Toxic Egg 2"],"acts_visited":["Exordium","TheCity","TheBeyond"],"potions_floor_usage":[16,16,16,23,23,33,45,45,50,50],"damage_taken":[{"damage":0,"enemies":"Small Slimes","floor":2,"turns":4},{"damage":1,"enemies":"Jaw Worm","floor":6,"turns":3},{"damage":0,"enemies":"downfall:FleeingMerchant","floor":9,"turns":4},{"damage":9,"enemies":"3 Sentries","floor":10,"turns":9},{"damage":0,"enemies":"Cultist","floor":12,"turns":2},{"damage":6,"enemies":"Lagavulin","floor":14,"turns":4},{"damage":0,"enemies":"2 Fungi Beasts","floor":15,"turns":3},{"damage":14,"enemies":"WA_ARCHETYPE_RETAIN","floor":16,"turns":7},{"damage":0,"enemies":"3 Byrds","floor":19,"turns":2},{"damage":5,"enemies":"Centurion and Healer","floor":20,"turns":4},{"damage":6,"enemies":"3 Cultists","floor":21,"turns":4},{"damage":0,"enemies":"Gremlin Leader","floor":23,"turns":4},{"damage":22,"enemies":"Book of Stabbing","floor":26,"turns":3},{"damage":3,"enemies":"Cultist and Chosen","floor":27,"turns":4},{"damage":0,"enemies":"downfall:FleeingMerchant","floor":28,"turns":4},{"damage":19,"enemies":"Gremlin Leader","floor":29,"turns":5},{"damage":2,"enemies":"Slavers","floor":31,"turns":3},{"damage":13,"enemies":"Centurion and Healer","floor":32,"turns":4},{"damage":38,"enemies":"DF_ARCHETYPE_CLAW","floor":33,"turns":7},{"damage":6,"enemies":"3 Shapes","floor":36,"turns":2},{"damage":0,"enemies":"3 Shapes","floor":37,"turns":3},{"damage":3,"enemies":"Orb Walker","floor":38,"turns":2},{"damage":0,"enemies":"downfall:FleeingMerchant","floor":39,"turns":4},{"damage":0,"enemies":"Sphere and 2 Shapes","floor":40,"turns":3},{"damage":0,"enemies":"Nemesis","floor":43,"turns":5},{"damage":12,"enemies":"Writhing Mass","floor":44,"turns":3},{"damage":16,"enemies":"Giant Head","floor":45,"turns":7},{"damage":12,"enemies":"Jaw Worm Horde","floor":47,"turns":3},{"damage":0,"enemies":"3 Darklings","floor":48,"turns":3},{"damage":1,"enemies":"Writhing Mass","floor":49,"turns":4},{"damage":37,"enemies":"IC_BLOCK_ARCHETYPE","floor":50,"turns":9}],"seed_played":"-6499660470623877839","potions_obtained":[{"floor":2,"key":"LiquidMemories"},{"floor":10,"key":"Strength Potion"},{"floor":12,"key":"Energy Potion"},{"floor":14,"key":"Dexterity Potion"},{"floor":20,"key":"Slimebound:SlimyTonguePotion"},{"floor":21,"key":"Slimebound:SlimyTonguePotion"},{"floor":26,"key":"FearPotion"},{"floor":32,"key":"BlessingOfTheForge"},{"floor":38,"key":"GamblersBrew"},{"floor":40,"key":"DuplicationPotion"},{"floor":49,"key":"BlessingOfTheForge"}],"is_trial":false,"path_per_floor":["R","M","?","?","?","M","T","R","$","E","R","M","?","E","M","B",null,"R","M","M","M","?","E","T","?","E","M","$","E","R","E","M","B",null,"R","M","?","M","?","M","T","$","E","M","E","R","M","M","M","B",null],"character_chosen":"SLIMEBOUND","items_purchased":["Membership Card","expansioncontent:InvincibleStrength","Slimebound:SelfDamagePreventRelic"],"campfire_rested":1,"item_purchase_floors":[39,39,42],"current_hp_per_floor":[65,65,65,70,70,69,69,69,69,60,60,60,60,54,54,46,70,70,70,65,59,43,51,51,51,47,48,60,45,66,70,61,38,84,84,78,78,79,83,84,84,84,84,80,68,68,58,68,81,63],"gold":214,"neow_bonus":"BOSS_RELIC","is_daily":false,"chose_seed":false,"campfire_upgraded":6,"win_rate":0.0,"timestamp":1611764381,"path_taken":["R","M","?","?","?","M","T","R","?","E","R","M","?","E","M","BOSS","R","M","M","?","?","E","T","?","E","?","$","E","R","E","M","BOSS","R","M","?","M","?","M","T","$","E","M","E","R","M","M","M","BOSS"],"items_purchased_type":["Relic","Card","Relic"],"build_version":"2020-12-22","purchased_purges":3,"victory":true,"max_hp_per_floor":[65,65,65,70,70,70,70,70,70,70,70,70,70,70,70,70,70,70,70,70,70,70,70,70,70,70,70,70,70,70,70,70,70,84,84,84,84,84,84,84,84,84,84,84,84,84,84,84,84,84],"card_choices":[{"not_picked":["Slimebound:LivingWall","Slimebound:ServeAndProtect"],"picked":"Slimebound:SlimeSpikes","floor":2},{"not_picked":["Slimebound:SplitSpecialist","Slimebound:Schlurp"],"picked":"Slimebound:RollThrough","floor":6},{"not_picked":["Slimebound:RainOfGoop","Slimebound:Schlurp"],"picked":"Slimebound:SplitSpecialist","floor":9},{"not_picked":["Slimebound:SplitMire","Slimebound:LivingWall"],"picked":"Slimebound:RejuvenatingLick","floor":10},{"not_picked":["Slimebound:Replication","Slimebound:MegaLick"],"picked":"Slimebound:LeechLife","floor":12},{"not_picked":["Slimebound:SplitAcid","Slimebound:RainOfGoop"],"picked":"Slimebound:ItLooksTasty","floor":14},{"not_picked":["Slimebound:Schlurp","Slimebound:SplitBruiser"],"picked":"Slimebound:SlimeSpikes","floor":15},{"not_picked":["Slimebound:SelfFormingGoo","Slimebound:Darklings"],"picked":"Slimebound:RallyTheTroops","floor":16},{"not_picked":["Slimebound:GoopTackle","Slimebound:SplitLeeching+1"],"picked":"Slimebound:FlameTackle","floor":19},{"not_picked":["Slimebound:Schlurp+1","Slimebound:Prepare"],"picked":"Slimebound:SlimeSpikes","floor":20},{"not_picked":["Slimebound:PressTheAttack","Slimebound:LivingWall+1"],"picked":"Slimebound:LeechEnergy","floor":21},{"not_picked":["Slimebound:SlimeSpikes+1","Slimebound:SplitBruiser"],"picked":"Slimebound:RollThrough+1","floor":23},{"not_picked":["Slimebound:LeechEnergy+1","Slimebound:MassRepurpose"],"picked":"Slimebound:DisruptingSlam+1","floor":26},{"not_picked":["Slimebound:SplitMire+1","Slimebound:HungryTackle"],"picked":"Slimebound:FinishingTackle","floor":27},{"not_picked":["Slimebound:SplitMire","Slimebound:Repurpose"],"picked":"Slimebound:LeechingTouch","floor":28},{"not_picked":["Slimebound:GoopSpray","Slimebound:SplitLeeching","Slimebound:SplitBruiser+1"],"picked":"SKIP","floor":29},{"not_picked":["Slimebound:MinionMaster+1","Slimebound:Prepare"],"picked":"Slimebound:RollThrough","floor":30},{"not_picked":["Slimebound:BestDefense+1","Slimebound:LeechEnergy"],"picked":"Slimebound:GrowthPunch","floor":31},{"not_picked":["Slimebound:Grow+1","Slimebound:LevelUp+1","Slimebound:ItLooksTasty"],"picked":"SKIP","floor":32},{"not_picked":["Slimebound:SlimeSlap","Slimebound:MinionMaster+1"],"picked":"Slimebound:Teamwork","floor":33},{"not_picked":["Slimebound:LeechingTouch","Slimebound:LeechEnergy"],"picked":"Slimebound:Equalize","floor":36},{"not_picked":["Slimebound:Overexert+1","Slimebound:LeechingTouch+1"],"picked":"Slimebound:FormOfPuddle+1","floor":38},{"not_picked":["Slimebound:LeechEnergy","Slimebound:RollThrough"],"picked":"Slimebound:FlameTackle+1","floor":39},{"not_picked":["Slimebound:OneTwoCombo","Slimebound:PressTheAttack+1"],"picked":"Slimebound:TongueLash","floor":40},{"not_picked":["Slimebound:DouseInSlime","Slimebound:PressTheAttack"],"picked":"Slimebound:SamplingLick","floor":43},{"not_picked":["Slimebound:GoopSpray+1","Slimebound:MinionMaster+1"],"picked":"Slimebound:ComboTackle+1","floor":44},{"not_picked":["Slimebound:Equalize","Slimebound:SplitAcid+1"],"picked":"Slimebound:Gluttony+1","floor":45},{"not_picked":["Slimebound:GoopSpray+1","Slimebound:SamplingLick+1"],"picked":"Slimebound:FlameTackle","floor":47},{"not_picked":["Slimebound:Chomp+1","Slimebound:Prepare+1"],"picked":"Slimebound:SpikyOuterGoop+1","floor":48},{"not_picked":["Slimebound:Repurpose+1","Slimebound:SplitLeeching+1"],"picked":"Slimebound:Recollect+1","floor":49}],"player_experience":857989,"relics_obtained":[{"floor":7,"key":"Incense Burner"},{"floor":10,"key":"Oddly Smooth Stone"},{"floor":14,"key":"Vajra"},{"floor":22,"key":"Necronomicon"},{"floor":23,"key":"Frozen Egg 2"},{"floor":24,"key":"Slimebound:AggressiveSlimeRelic"},{"floor":26,"key":"Bag of Marbles"},{"floor":29,"key":"Bottled Flame"},{"floor":31,"key":"Happy Flower"},{"floor":34,"key":"Orichalcum"},{"floor":34,"key":"Mercury Hourglass"},{"floor":34,"key":"Mango"},{"floor":37,"key":"Slimebound:SlimedTailRelic"},{"floor":41,"key":"Bronze Scales"},{"floor":43,"key":"Blood Vial"},{"floor":45,"key":"Toxic Egg 2"}],"event_choices":[{"damage_healed":0,"gold_gain":0,"player_choice":"Donut","damage_taken":0,"max_hp_gain":5,"max_hp_loss":0,"event_name":"Big Fish","floor":4,"gold_loss":0}],"is_beta":false,"boss_relics":[{"not_picked":["Philosopher\u0027s Stone","SacredBark"],"picked":"Runic Pyramid"},{"not_picked":["bronze:MakeshiftBattery","Velvet Choker"],"picked":"Calling Bell"}],"items_purged_floors":[28,39,42],"is_endless":false,"potions_floor_spawned":[2,10,12,14,20,21,26,32,38,40,44,49],"ascension_level":1}}