{"host":"oj3cc73ik9xduq0d","time":1611781016,"event":{"mods":["AchievementEnabler","BaseMod","Minty Spire (QoL Compilation)","StSLib"],"gold_per_floor":[3113,3113,100,3100,168,205,205,235,260,295,295],"floor_reached":10,"language":"ENG","playtime":530,"items_purged":[],"score":539,"play_id":"5490dfe0-5978-4710-aec5-43504cf744c4","local_time":"20210128022656","daily_mods":["Shiny","Heirloom","Flight","DeadlyEvents","Elite Swarm"],"is_ascension_mode":true,"campfire_choices":[{"floor":7,"key":"REST"}],"circlet_count":1,"master_deck":["Demon Form","Wraith Form v2","Echo Form","DevaForm","AscendersBane","Multi-Cast","Hyperbeam","Thunder Strike+1","Biased Cognition","Machine Learning","Electrodynamics","Buffer","Rainbow","Seek","Meteor Strike","Echo Form","All For One+1","Reboot","Amplify+1","Creative AI","Fission+1","Core Surge","Defragment+1","Capacitor+1","Capacitor+1","Hello World+1","Heatsinks+1","Machine Learning+1","Capacitor+1","Heatsinks+1","Static Discharge+1","Heatsinks+1","Self Repair+1","Hello World+1","Defragment+1","Meteor Strike+1"],"relics":["Snecko Eye","Unceasing Top","The Courier","Membership Card","Torii","Circlet","Mummified Hand","Singing Bowl","Whetstone","TungstenRod","Toy Ornithopter","Pear","Cables","Letter Opener","StoneCalendar","Shovel","Strawberry","Meat on the Bone","Shuriken","Blood Vial","Frozen Egg 2","Bag of Marbles","MealTicket","Happy Flower","Thread and Needle","Peace Pipe","InkBottle","Gremlin Horn","Anchor","Orichalcum","War Paint","Regal Pillow","Question Card","Mercury Hourglass","Oddly Smooth Stone","White Beast Statue","HornCleat","Molten Egg 2","Ice Cream","Ornamental Fan","StrikeDummy","Pen Nib","Incense Burner","Bottled Tornado","Dead Branch","Ancient Tea Set","DataDisk","DollysMirror","Art of War","Prayer Wheel","Potion Belt","Vajra","Eternal Feather","CeramicFish","Omamori","Centennial Puzzle","Boot","Gambling Chip","Tiny Chest","Dream Catcher","Akabeko","PreservedInsect","Kunai","Mummified Hand","Matryoshka","Bag of Preparation","Lantern","Nunchaku","Pantograph","Toxic Egg 2","Bronze Scales","Bird Faced Urn","Symbiotic Virus","Lizard Tail","Du-Vu Doll","CaptainsWheel","Ginger","Calipers"],"acts_visited":["Exordium"],"potions_floor_usage":[],"damage_taken":[{"damage":0,"enemies":"2 Louse","floor":1,"turns":2},{"damage":0,"enemies":"Gremlin Nob","floor":6,"turns":2},{"damage":0,"enemies":"3 Sentries","floor":8,"turns":1},{"damage":0,"enemies":"Gremlin Nob","floor":10,"turns":1}],"seed_played":"9072395411429363525","potions_obtained":[{"floor":6,"key":"GamblersBrew"},{"floor":8,"key":"FocusPotion"}],"is_trial":true,"path_per_floor":["M","?","$","?","$","E","R","E","T","E"],"character_chosen":"DEFECT","items_purchased":["Whetstone","TungstenRod","Toy Ornithopter","Pear","Cables","Letter Opener","StoneCalendar","Shovel","Strawberry","Meat on the Bone","Shuriken","Blood Vial","Frozen Egg 2","Bag of Marbles","MealTicket","Happy Flower","Thread and Needle","Peace Pipe","InkBottle","Gremlin Horn","Anchor","Orichalcum","War Paint","Regal Pillow","Question Card","Mercury Hourglass","Oddly Smooth Stone","White Beast Statue","HornCleat","Molten Egg 2","Ice Cream","Ornamental Fan","StrikeDummy","Pen Nib","Defragment+1","Capacitor+1","Capacitor+1","Hello World+1","Heatsinks+1","Machine Learning+1","Capacitor+1","Heatsinks+1","Static Discharge+1","Heatsinks+1","Self Repair+1","Hello World+1","Incense Burner","Bottled Tornado","Dead Branch","Ancient Tea Set","DataDisk","DollysMirror","Art of War","Prayer Wheel","Potion Belt","Vajra","Eternal Feather","PotionOfCapacity","CeramicFish","Omamori","Centennial Puzzle","Boot","Gambling Chip","Tiny Chest","Dream Catcher","Akabeko","PreservedInsect","Kunai","Mummified Hand","Matryoshka","Bag of Preparation","Lantern","Nunchaku","Pantograph","Toxic Egg 2","Bronze Scales","Bird Faced Urn","Symbiotic Virus"],"campfire_rested":1,"item_purchase_floors":[3,3,3,3,3,3,3,3,3,3,3,3,3,3,3,3,3,3,3,3,3,3,3,3,3,3,3,3,3,3,3,3,3,3,5,5,5,5,5,5,5,5,5,5,5,5,5,5,5,5,5,5,5,5,5,5,5,5,5,5,5,5,5,5,5,5,5,5,5,5,5,5,5,5,5,5,5,5],"current_hp_per_floor":[64,38,55,55,70,88,90,90,90,90,90],"gold":295,"neow_bonus":"","is_daily":false,"chose_seed":false,"campfire_upgraded":0,"win_rate":0.0,"timestamp":1611781016,"path_taken":["M","?","$","?","$","E","R","E","T","E"],"items_purchased_type":["Relic","Relic","Relic","Relic","Relic","Relic","Relic","Relic","Relic","Relic","Relic","Relic","Relic","Relic","Relic","Relic","Relic","Relic","Relic","Relic","Relic","Relic","Relic","Relic","Relic","Relic","Relic","Relic","Relic","Relic","Relic","Relic","Relic","Relic","Card","Card","Card","Card","Card","Card","Card","Card","Card","Card","Card","Card","Relic","Relic","Relic","Relic","Relic","Relic","Relic","Relic","Relic","Relic","Relic","Potion","Relic","Relic","Relic","Relic","Relic","Relic","Relic","Relic","Relic","Relic","Relic","Relic","Relic","Relic","Relic","Relic","Relic","Relic","Relic","Relic"],"build_version":"2020-12-22","purchased_purges":0,"victory":false,"max_hp_per_floor":[71,71,88,88,88,88,90,90,90,90,90],"card_choices":[{"not_picked":["Compile Driver","Leap","Auto Shields"],"picked":"SKIP","floor":1},{"not_picked":["Thunder Strike+1","Buffer+1","Electrodynamics+1"],"picked":"Meteor Strike+1","floor":6},{"not_picked":["Hologram+1","Turbo+1","Barrage+1","Streamline+1"],"picked":"Singing Bowl","floor":7},{"not_picked":["Multi-Cast+1","Amplify+1","Hyperbeam+1","Reboot+1"],"picked":"SKIP","floor":8}],"player_experience":1228641,"relics_obtained":[{"floor":6,"key":"Lizard Tail"},{"floor":8,"key":"Du-Vu Doll"},{"floor":9,"key":"CaptainsWheel"},{"floor":9,"key":"Ginger"},{"floor":10,"key":"Calipers"}],"event_choices":[{"damage_healed":0,"gold_gain":0,"player_choice":"Success","damage_taken":26,"relics_obtained":["Singing Bowl"],"max_hp_gain":0,"max_hp_loss":0,"event_name":"Scrap Ooze","floor":2,"gold_loss":0},{"damage_healed":0,"gold_gain":0,"player_choice":"Ignored","damage_taken":0,"max_hp_gain":0,"max_hp_loss":0,"event_name":"Shining Light","floor":4,"gold_loss":0}],"is_beta":false,"boss_relics":[],"items_purged_floors":[],"is_endless":false,"potions_floor_spawned":[6,8,10],"killed_by":"Gremlin Nob","ascension_level":20}}