{"host":"5ddwedapke4fsx0r","time":1611785068,"event":{"mods":["BaseMod","Downfall","Infinite Spire","Minty Spire (QoL Compilation)","StSLib","The Dragon Tamer"],"gold_per_floor":[99,114,114,127,139,155,155,187,31,66,66,83,97,129,147,147,147,147],"floor_reached":16,"language":"ENG","playtime":1361,"items_purged":[],"score":149,"play_id":"1ef95168-18cd-4334-9f74-b74d85ab9ae3","local_time":"20210127230428","is_ascension_mode":false,"metric_token":403,"campfire_choices":[{"data":"DTMod:DoubleHit","floor":1,"key":"SMITH"},{"floor":11,"key":"REST"}],"dtmod_dragon_data":[1,50,-1,-1,0,0],"circlet_count":0,"master_deck":["DTMod:Strike","DTMod:Strike","DTMod:Strike","DTMod:DoubleHit+1","DTMod:TargetDefense","DTMod:TargetDefense","DTMod:TargetDefense","DTMod:TargetDefense","DTMod:SwitchingTactic","DTMod:CalculatedDefense","Iron Wave","DTMod:Weaken","DTMod:Conduct","DTMod:BurningEnergy","DTMod:HeatWave","DTMod:Weaken","DTMod:MagicField","DTMod:GearUp","DTMod:QuickFly","DTMod:SealedStrike"],"relics":["DTMod:PactStone","Anchor","Singing Bowl","Vajra","Regal Pillow","DTMod:BasicTextbook"],"acts_visited":["Exordium"],"potions_floor_usage":[10,16],"damage_taken":[{"damage":0,"enemies":"Cultist","floor":2,"turns":3},{"damage":0,"enemies":"Small Slimes","floor":4,"turns":3},{"damage":0,"enemies":"Jaw Worm","floor":5,"turns":3},{"damage":0,"enemies":"Large Slime","floor":6,"turns":8},{"damage":0,"enemies":"Lagavulin","floor":8,"turns":8},{"damage":0,"enemies":"downfall:FleeingMerchant","floor":9,"turns":4},{"damage":16,"enemies":"Gremlin Nob","floor":10,"turns":6},{"damage":0,"enemies":"Exordium Wildlife","floor":12,"turns":6},{"damage":0,"enemies":"3 Louse","floor":13,"turns":5},{"damage":10,"enemies":"3 Sentries","floor":14,"turns":21},{"damage":0,"enemies":"Blue Slaver","floor":15,"turns":4},{"damage":41,"enemies":"IC_STATUS_ARCHETYPE","floor":16,"turns":10}],"seed_played":"-4833301932809311586","potions_obtained":[{"floor":6,"key":"SteroidPotion"},{"floor":8,"key":"Ancient Potion"},{"floor":10,"key":"sneckomod:MuddlingPotion"},{"floor":14,"key":"champ:CounterPotion"}],"is_trial":false,"path_per_floor":["R","M","?","M","M","M","T","E","$","E","R","M","M","E","M","B"],"character_chosen":"THE_DT","items_purchased":["Vajra"],"campfire_rested":1,"item_purchase_floors":[9],"current_hp_per_floor":[49,49,49,49,49,49,49,49,49,33,49,51,51,41,41,0,0,0],"gold":147,"neow_bonus":"TEN_PERCENT_HP_BONUS","is_daily":false,"chose_seed":false,"campfire_upgraded":1,"win_rate":0.0,"timestamp":1611785068,"path_taken":["R","M","?","?","M","M","T","E","$","E","R","M","M","E","M","BOSS"],"items_purchased_type":["Relic"],"build_version":"2020-12-22","purchased_purges":0,"victory":false,"max_hp_per_floor":[49,49,49,49,49,49,49,49,49,49,49,51,51,51,51,51,51,51],"card_choices":[{"not_picked":["DTMod:Threaten","DTMod:Hide"],"picked":"DTMod:CalculatedDefense","floor":2},{"not_picked":["DTMod:Observe","DTMod:CrossStep"],"picked":"DTMod:Weaken","floor":4},{"not_picked":["DTMod:ComboAttack","DTMod:Hide"],"picked":"DTMod:Conduct","floor":5},{"not_picked":["DTMod:BlazingStrike","DTMod:BurningForce"],"picked":"DTMod:BurningEnergy","floor":6},{"not_picked":["DTMod:Prediction","DTMod:DeepFocus"],"picked":"DTMod:HeatWave","floor":8},{"not_picked":["DTMod:BreakAttack","DTMod:TauntingStrike"],"picked":"DTMod:Weaken","floor":9},{"not_picked":["DTMod:MasterPlan","DTMod:SneakAttack"],"picked":"DTMod:MagicField","floor":10},{"not_picked":["DTMod:MagicField","DTMod:Punisher","DTMod:BuildUp"],"picked":"Singing Bowl","floor":12},{"not_picked":["DTMod:MagicField","DTMod:ShieldDrain"],"picked":"DTMod:GearUp","floor":13},{"not_picked":["DTMod:Dissolve","DTMod:MasterPlan"],"picked":"DTMod:QuickFly","floor":14},{"not_picked":["DTMod:BlazingStrike","DTMod:BurningForce"],"picked":"DTMod:SealedStrike","floor":15}],"player_experience":451582,"relics_obtained":[{"floor":7,"key":"Anchor"},{"floor":8,"key":"Singing Bowl"},{"floor":10,"key":"Regal Pillow"},{"floor":14,"key":"DTMod:BasicTextbook"}],"event_choices":[{"cards_removed":["DTMod:Strike"],"damage_healed":0,"gold_gain":0,"player_choice":"Took Card","damage_taken":0,"max_hp_gain":0,"max_hp_loss":0,"event_name":"NoteForYourself","floor":3,"gold_loss":0,"cards_obtained":["Iron Wave"]}],"is_beta":false,"boss_relics":[],"items_purged_floors":[],"is_endless":false,"potions_floor_spawned":[6,8,10,14],"killed_by":"IC_STATUS_ARCHETYPE","ascension_level":0}}