{"host":"hn99riirbf0lv0ml","time":1611757029,"event":{"mods":["AchievementEnabler","Act Like it!","Bard","BaseMod","Beaked The Cultist","Colored Map","Colored Powertips","Conspire","Curses Come First","Downfall","Duelist Mod","Friendly Minions","Gensokyo","GifTheSpireLib","Glutton Mod","Halation","Jorbs\u0027s Wanderer Trilogy","Mad Scientist","Marisa????????","Minty Spire (QoL Compilation)","Rare Cards Sparkle","Replay The Spire","StSLib","The Blackbeard","The Bug Knight","The Construct","The Cursed","The Disciple","The Mystic","The Runesmith","The Servant 0.9.4","The Witch"],"gold_per_floor":[117,152,52,72,90,90,101,419,442,459,459,459,473,473,473,572,572,591,591,591,591,591,610,621,638,50,61,131,131,131,143,160,160,160,459,459,477,494,160,173,183,183,183],"floor_reached":42,"language":"ENG","playtime":8707,"items_purged":["Strike_Br"],"score":471,"play_id":"fd4ee49e-0e8d-4cb1-9b4b-aebd542ce14e","local_time":"20210127091709","is_ascension_mode":false,"campfire_choices":[{"data":"Backlash","floor":6,"key":"SMITH"},{"floor":11,"key":"REST"},{"floor":15,"key":"REST"},{"floor":30,"key":"REST"},{"floor":34,"key":"REST"}],"circlet_count":0,"master_deck":["Strike_Br","Defend_Br","Defend_Br","SecondHand","PatternShift","Backlash+1","BiteCommand","LockedBlood","DaylightSavings+18","Allegretto","DaylightSavings","HandsUpC","LockedMedicine","ExoVibe+6","BackFourSeconds","BiteCommand+1","Goo+11","Engulf+1","Keepsakes","Dash","VestedLegacy+1","BiteCommand+1","TickedOff+1","Recurrance","Gensokyo:MenInBlack","HandsUpB+1","HandsUpB+1","PrimeTime+1","Gensokyo:MissMary","LockedAstrolabe","Parity+1","LockedPlans+1","The Bomb","Madness","ReapSow+2","Echoward"],"relics":["Chronometer","NeowsBlessing","halation:AfternoonTea","Happy Flower","Astrolabe","conspire:DeflatedDodgeball","War Paint","Cursed Key","Gensokyo:Companionship","conspire:Dentures"],"acts_visited":["Gensokyo:Gensokyo","Gensokyo:Gensokyoer","Gensokyo:Gensokyoest"],"potions_floor_usage":[13,16,16,16,25,35,35,35,35,35,42],"damage_taken":[{"damage":0,"enemies":"Gensokyo:3_Fairies","floor":1,"turns":1},{"damage":0,"enemies":"conspire:MimicChest","floor":2,"turns":1},{"damage":0,"enemies":"Gensokyo:Python","floor":4,"turns":1},{"damage":15,"enemies":"Gensokyo:2_Kodama","floor":5,"turns":6},{"damage":11,"enemies":"Gensokyo:2_Rabbits","floor":7,"turns":4},{"damage":19,"enemies":"Gensokyo:Python_and_Kodama","floor":8,"turns":5},{"damage":9,"enemies":"Gensokyo:VengefulSpirit","floor":10,"turns":6},{"damage":29,"enemies":"Gensokyo:2_Rabbits","floor":13,"turns":7},{"damage":65,"enemies":"Gensokyo:Kokoro","floor":16,"turns":13},{"damage":14,"enemies":"Gensokyo:CosmicMonolith","floor":18,"turns":6},{"damage":20,"enemies":"Gensokyo:2_Gloops","floor":23,"turns":7},{"damage":31,"enemies":"Gensokyo:Wraith","floor":24,"turns":5},{"damage":0,"enemies":"Gensokyo:Swordslinger","floor":25,"turns":4},{"damage":8,"enemies":"Gensokyo:Slime_Group","floor":27,"turns":6},{"damage":35,"enemies":"Gensokyo:Wraith","floor":31,"turns":8},{"damage":27,"enemies":"Gensokyo:Chomper_and_Gloop","floor":32,"turns":9},{"damage":51,"enemies":"Gensokyo:Eternal_Rivals","floor":35,"turns":11},{"damage":6,"enemies":"Gensokyo:AncientGuardian","floor":37,"turns":9},{"damage":18,"enemies":"Gensokyo:3_Bats","floor":38,"turns":4},{"damage":0,"enemies":"Gensokyo:AtlasGolem","floor":40,"turns":5},{"damage":1,"enemies":"Gensokyo:3_Boulders","floor":41,"turns":5},{"damage":43,"enemies":"Gensokyo:Kasen","floor":42,"turns":2}],"seed_played":"-6490103428308598850","potions_obtained":[{"floor":2,"key":"ColorlessPotion"},{"floor":4,"key":"hexamod:SoulburnPotion"},{"floor":7,"key":"DuplicationPotion"},{"floor":13,"key":"PowerPotion"},{"floor":23,"key":"Energy Potion"},{"floor":27,"key":"construct:ShiftPotion"},{"floor":32,"key":"EntropicBrew"},{"floor":40,"key":"BlessingOfTheForge"},{"floor":41,"key":"PowerPotion"}],"is_trial":false,"path_per_floor":["M","?","COS","M","M","R","M","M","T","M","R","?","M","?","R","B",null,"M","?","?","PTL","PTL","M","M","M","COS","M","T","?","R","M","M","?","R","B",null,"M","M","$","M","M","E"],"character_chosen":"CHRONO_CLASS","items_purchased":["The Bomb","Madness"],"campfire_rested":4,"item_purchase_floors":[39,39],"current_hp_per_floor":[65,65,65,65,52,52,43,30,30,27,46,46,38,38,57,8,65,55,55,55,55,55,48,23,23,23,19,19,24,45,34,23,23,41,18,63,57,39,39,39,38,0,0],"gold":183,"neow_bonus":"THREE_ENEMY_KILL","is_daily":false,"chose_seed":false,"campfire_upgraded":1,"win_rate":0.0,"timestamp":1611757029,"path_taken":["M","?","COS","M","?","R","M","?","T","M","R","?","M","?","R","BOSS","M","?","?","PTL","PTL","M","M","M","COS","M","T","?","R","M","M","?","R","BOSS","M","?","$","M","M","E"],"items_purchased_type":["Card","Card"],"build_version":"2020-12-22","purchased_purges":1,"victory":false,"max_hp_per_floor":[65,65,65,65,65,65,65,65,65,65,65,65,65,65,65,65,65,65,65,65,65,65,65,65,65,65,65,65,70,70,70,70,63,63,63,63,63,63,63,63,63,63,63],"card_choices":[{"not_picked":["ResonantCall","HandsUpB"],"picked":"Backlash","floor":1},{"not_picked":["BlueShift","Cuckoo"],"picked":"BiteCommand","floor":2},{"not_picked":["HandsUpC","LockedPlans"],"picked":"LockedBlood","floor":4},{"not_picked":["PrimeTime+1","BlueShift+1"],"picked":"DaylightSavings+1","floor":5},{"not_picked":["LockedScales","LockedFlame"],"picked":"Tempo","floor":5},{"not_picked":["LockedAnchor","LockedMedicine"],"picked":"DaylightSavings","floor":7},{"not_picked":["PrimeTime","LockedWhetstone"],"picked":"HandsUpC","floor":8},{"not_picked":["DaylightSavings","LockedOrichalcum"],"picked":"LockedMedicine","floor":10},{"not_picked":["ResonantCall","Engulf"],"picked":"ExoVibe","floor":13},{"not_picked":["Chronoelasticity","OracleForm"],"picked":"BackFourSeconds","floor":16},{"not_picked":["TickedOff","ResonantCall"],"picked":"Keepsakes","floor":18},{"not_picked":["HandsUpB+1","EscortCommand"],"picked":"BiteCommand+1","floor":23},{"not_picked":["LockedScales","WindUp"],"picked":"TickedOff+1","floor":24},{"not_picked":["LockedMedicine","WindUp+1"],"picked":"Recurrance","floor":25},{"not_picked":["ExoVibe","Cuckoo+1"],"picked":"HandsUpB+1","floor":27},{"not_picked":["LockedBell","Facsimile+1"],"picked":"HandsUpB+1","floor":31},{"not_picked":["BiteCommand+1","LockedTornado"],"picked":"PrimeTime+1","floor":32},{"not_picked":["Gensokyo:HAARP","Gensokyo:TurboGranny"],"picked":"Gensokyo:MissMary","floor":33},{"not_picked":["Chronoelasticity","OldTimer"],"picked":"LockedAstrolabe","floor":35},{"not_picked":["ReapSow","ExoVibe"],"picked":"Parity+1","floor":37},{"not_picked":["Break+1","SlimeSpray"],"picked":"LockedPlans+1","floor":38},{"not_picked":["SlimeSpray+1","LockedMercury"],"picked":"ReapSow+1","floor":40},{"not_picked":["LockedScales+1","OracleForm"],"picked":"Echoward","floor":41}],"player_experience":251638,"relics_obtained":[{"floor":2,"key":"halation:AfternoonTea"},{"floor":9,"key":"Happy Flower"},{"floor":28,"key":"conspire:DeflatedDodgeball"}],"event_choices":[],"is_beta":false,"boss_relics":[{"not_picked":["halation:IncompleteEncyclopedia","Kintsugi"],"picked":"Astrolabe"},{"not_picked":["Fusion Hammer","Coffee Dripper"],"picked":"Cursed Key"}],"items_purged_floors":[39],"is_endless":false,"potions_floor_spawned":[2,4,7,13,23,27,32,40,41],"killed_by":"Gensokyo:Kasen","ascension_level":0}}