{"host":"58njlu7hme3ojrlz","time":1611718515,"event":{"mods":["Act Like it!","Arknights The Spire","BaseMod","Block Reminder","Colored Map","Colored Powertips","DeckTracker","Downfall","Gensokyo","Hallownest","Highlight Path","Marisa????????","Minty Spire (QoL Compilation)","Relic Sorter","StSLib","The Alterego","The Bug Knight","The Servant 0.9.4","The Wild Card"],"gold_per_floor":[118,118,118,134,7,7,7,26,26,26,57,75,87,98,98,196,196,206,206,34,47,47,47,6,6,33,33,33,33,51,75,75,175,175,194,4,4,54,72,72,11,11,11,11,25,25,41,59,59,59,59,59,29,29,29],"floor_reached":54,"language":"ENG","playtime":3534,"items_purged":["ats:Neurotoxin","ats:Defend"],"score":683,"play_id":"56e9a5a2-dc54-4eff-a6d2-0820fd463503","local_time":"20210127103515","is_ascension_mode":false,"campfire_choices":[{"data":"ats:Closed Bolt Burst Fire","floor":6,"key":"SMITH"},{"data":"theWildCard:Metatron","floor":10,"key":"SMITH"},{"floor":15,"key":"REST"},{"data":"Apotheosis","floor":23,"key":"SMITH"},{"data":"ats:Assault Order","floor":25,"key":"SMITH"},{"data":"ats:Assault Order","floor":27,"key":"SMITH"},{"data":"ats:Assault Order","floor":29,"key":"SMITH"},{"data":"ats:Closed Bolt Burst Fire","floor":32,"key":"SMITH"},{"data":"ats:Closed Bolt Burst Fire","floor":40,"key":"SMITH"},{"data":"ats:Overload","floor":42,"key":"SMITH"},{"data":"ats:Overload","floor":44,"key":"SMITH"},{"floor":49,"key":"RECALL"},{"floor":52,"key":"DIG"}],"circlet_count":0,"master_deck":["ats:Strike C","ats:Strike V","ats:Armor Crushing Shot","ats:Defend","ats:Defend","ats:Defend","ats:Emotion Absorption","ats:Closed Bolt Burst Fire+1","theWildCard:Metatron+1","ats:Consecutive Shot Auto","ats:Cat Scratch","ats:Ignite","ats:Soul Rend","ats:Hammer On","ats:Assault Order+1","ats:Assault Order+1","ats:Nebulous Foxfire","ats:Assault Order+1","ats:Song Of Battle","ats:Revitalization","ats:Volcano","ats:Red Shift","Apotheosis+1","ats:Closed Bolt Burst Fire+1","ats:Defend Order+1","ats:Curse Doll","ats:Closed Bolt Burst Fire+1","ats:Support Order","ats:Magnetic Hammer","ats:Nebulous Foxfire","ats:Closed Bolt Burst Fire","ats:Overload+1","Panache","Dark Shackles","ats:Overload+1","ats:Leaping Hammer","ats:Soul Absorption","ats:Soul Absorption"],"relics":["ats:Sanity Plus","The Courier","ats:Originium","Shovel","ats:Omniscience","MealTicket","Strawberry","Bird Faced Urn","Kunai"],"acts_visited":["Exordium","TheCity","TheBeyond","TheEnding"],"potions_floor_usage":[16,33,45,50,50,50,50],"damage_taken":[{"damage":20,"enemies":"Jaw Worm","floor":1,"turns":5},{"damage":0,"enemies":"Small Slimes","floor":4,"turns":3},{"damage":0,"enemies":"2 Louse","floor":8,"turns":2},{"damage":39,"enemies":"Lagavulin","floor":11,"turns":7},{"damage":2,"enemies":"Looter","floor":12,"turns":3},{"damage":0,"enemies":"Lots of Slimes","floor":13,"turns":1},{"damage":5,"enemies":"Exordium Thugs","floor":14,"turns":4},{"damage":42,"enemies":"Slime Boss","floor":16,"turns":8},{"damage":0,"enemies":"3 Byrds","floor":18,"turns":3},{"damage":18,"enemies":"2 Thieves","floor":21,"turns":4},{"damage":5,"enemies":"3 Cultists","floor":30,"turns":4},{"damage":45,"enemies":"Collector","floor":33,"turns":10},{"damage":12,"enemies":"3 Shapes","floor":35,"turns":3},{"damage":24,"enemies":"Mind Bloom Boss Battle","floor":38,"turns":10},{"damage":35,"enemies":"3 Darklings","floor":39,"turns":4},{"damage":14,"enemies":"Maw","floor":45,"turns":8},{"damage":21,"enemies":"Jaw Worm Horde","floor":47,"turns":3},{"damage":0,"enemies":"Transient","floor":48,"turns":5},{"damage":101,"enemies":"Awakened One","floor":50,"turns":13},{"damage":98,"enemies":"Shield and Spear","floor":54,"turns":5}],"seed_played":"2419667790000469640","potions_obtained":[{"floor":4,"key":"EntropicBrew"},{"floor":8,"key":"Regen Potion"},{"floor":11,"key":"Dexterity Potion"},{"floor":12,"key":"Guardian:BlockOnCardUsePotion"},{"floor":18,"key":"PowerPotion"},{"floor":33,"key":"Dexterity Potion"},{"floor":47,"key":"DistilledChaos"}],"is_trial":false,"path_per_floor":["M","?","?","M","$","R","?","M","T","R","E","M","M","M","R","B",null,"M","?","$","M","?","R","$","R","T","R","?","R","M","T","R","B",null,"M","$","?","?","M","R","$","R","T","R","M","$","M","M","R","B",null,"R","$","E"],"character_chosen":"DOCTOR_CLASS","items_purchased":["ats:Assault Order","Apotheosis","ats:Closed Bolt Burst Fire","ats:Closed Bolt Burst Fire","Slimebound:ThreeZeroPotion","ats:Overload","ats:Overload","ats:Soul Absorption"],"campfire_rested":1,"item_purchase_floors":[5,20,20,24,36,36,41,53],"current_hp_per_floor":[59,59,59,63,63,63,68,68,68,68,37,35,35,30,55,54,84,84,84,84,68,68,68,68,68,68,68,68,68,67,74,74,83,91,79,91,81,86,58,58,73,73,73,73,77,91,70,91,91,48,91,91,91,0,0],"gold":29,"neow_bonus":"TEN_PERCENT_HP_BONUS","is_daily":false,"chose_seed":false,"campfire_upgraded":10,"win_rate":0.0,"timestamp":1611718515,"path_taken":["M","?","?","M","$","R","?","M","T","R","E","?","M","M","R","BOSS","M","?","$","M","?","R","$","R","T","R","?","R","?","?","R","BOSS","M","$","?","?","M","R","$","R","T","R","M","?","M","?","R","BOSS","R","$","E"],"items_purchased_type":["Card","Card","Card","Card","Potion","Card","Card","Card"],"build_version":"2020-12-22","purchased_purges":2,"victory":false,"max_hp_per_floor":[79,79,79,79,79,79,84,84,84,84,84,84,84,84,84,84,84,84,84,84,84,84,84,84,84,84,84,84,84,84,91,91,91,91,91,91,91,91,91,91,91,91,91,91,91,91,91,91,91,91,91,91,91,91,91],"card_choices":[{"not_picked":["ats:Blood Oath","ats:Consecutive Shot Auto"],"picked":"ats:Closed Bolt Burst Fire","floor":1},{"not_picked":["ats:Very Hot Blade","ats:Ignite"],"picked":"ats:Hammer On","floor":4},{"not_picked":["ats:Cat Scratch","ats:Blood Oath"],"picked":"ats:Assault Order","floor":8},{"not_picked":["ats:Counter Healing Mode","ats:Hammer On"],"picked":"ats:Nebulous Foxfire","floor":11},{"not_picked":["ats:Consecutive Shot Auto","ats:Apocalypse"],"picked":"ats:Assault Order","floor":12},{"not_picked":["ats:Soul Absorption","ats:Assault Order"],"picked":"ats:Song Of Battle","floor":13},{"not_picked":["ats:Literary Storm","ats:Very Hot Blade"],"picked":"ats:Revitalization","floor":14},{"not_picked":["ats:True Silver Slash","ats:Disruption Kick"],"picked":"ats:Volcano","floor":16},{"not_picked":["ats:Absolute Focus","ats:Neurotoxin"],"picked":"ats:Red Shift","floor":18},{"not_picked":["ats:Closed Bolt Burst Fire+1","ats:Curse Doll"],"picked":"ats:Defend Order+1","floor":21},{"not_picked":["ats:Spore Proliferation","ats:Guard Mode"],"picked":"ats:Magnetic Hammer","floor":30},{"not_picked":["ats:Calcification","ats:Volcano"],"picked":"ats:Nebulous Foxfire","floor":33},{"not_picked":["ats:Poison Spread+1","ats:Revitalization"],"picked":"ats:Closed Bolt Burst Fire","floor":35},{"not_picked":["Dramatic Entrance","Master of Strategy"],"picked":"Panache","floor":37},{"not_picked":["Good Instincts","Discovery"],"picked":"Dark Shackles","floor":37},{"not_picked":["ats:Part Time Job","ats:Chain Hook+1","ats:Magnetic Hammer"],"picked":"SKIP","floor":39},{"not_picked":["ats:Shell Defense+1","ats:Very Hot Blade"],"picked":"ats:Leaping Hammer","floor":45},{"not_picked":["ats:LN2 Cannon+1","ats:Consecutive Shot Auto"],"picked":"ats:Soul Absorption","floor":47},{"not_picked":["ats:Flame Of Heaven","ats:Automatic Cover+1","ats:Flexible Camouflage"],"picked":"SKIP","floor":48}],"player_experience":112104,"relics_obtained":[{"floor":9,"key":"The Courier"},{"floor":11,"key":"ats:Originium"},{"floor":11,"key":"Shovel"},{"floor":26,"key":"MealTicket"},{"floor":31,"key":"Strawberry"},{"floor":38,"key":"Bird Faced Urn"},{"floor":52,"key":"Kunai"}],"event_choices":[{"damage_healed":0,"gold_gain":0,"player_choice":"Donut","damage_taken":0,"max_hp_gain":5,"max_hp_loss":0,"event_name":"Big Fish","floor":7,"gold_loss":0},{"damage_healed":0,"gold_gain":0,"player_choice":"Ignored","damage_taken":0,"max_hp_gain":0,"max_hp_loss":0,"event_name":"Ghosts","floor":19,"gold_loss":0},{"damage_healed":0,"gold_gain":0,"cards_transformed":["ats:Strike S","ats:Strike G"],"player_choice":"Became Test Subject","damage_taken":0,"max_hp_gain":0,"max_hp_loss":0,"event_name":"Drug Dealer","floor":22,"gold_loss":0,"cards_obtained":["ats:Curse Doll","ats:Composite Medical Shells"]},{"damage_healed":0,"gold_gain":0,"cards_transformed":["ats:Composite Medical Shells"],"player_choice":"Transformed","damage_taken":0,"max_hp_gain":0,"max_hp_loss":0,"event_name":"Transmorgrifier","floor":28,"gold_loss":0,"cards_obtained":["ats:Support Order"]},{"damage_healed":0,"gold_gain":0,"player_choice":"Memory 3","damage_taken":10,"max_hp_gain":0,"max_hp_loss":0,"event_name":"SensoryStone","floor":37,"gold_loss":0},{"damage_healed":0,"gold_gain":0,"player_choice":"Fight","damage_taken":0,"max_hp_gain":0,"max_hp_loss":0,"event_name":"MindBloom","floor":38,"gold_loss":0}],"is_beta":false,"boss_relics":[{"not_picked":["Coffee Dripper","Sozu"],"picked":"ats:Omniscience"},{"not_picked":["Black Star","Runic Pyramid"],"picked":"ats:Sanity Plus"}],"items_purged_floors":[5,36],"is_endless":false,"potions_floor_spawned":[4,8,11,12,18,33,38,39,47],"killed_by":"Shield and Spear","ascension_level":0}}