{"host":"z7byfb4bpt09dh7e","time":1611715758,"event":{"mods":["Aspiration","BaseMod","BetterRewards","Displayed Cursed Tome","Downfall","Infinite Spire","Minty Spire (QoL Compilation)","StSLib","The Blue Laboratory","Uncapped"],"gold_per_floor":[110,84,84,95,107,107,121,156,156,156,156,169,231,249,249,349,349,369,369,369,369,381,381,398,411,457,488,503,521,64,79,79,175,175,188,233,49,69,81,81,92,92,92,92,106,121,148,148,148,148],"floor_reached":51,"language":"ENG","playtime":3023,"items_purged":["Regret"],"score":728,"play_id":"35dbaf1c-9043-45f9-a051-75e44bf32afa","local_time":"20210126214918","is_ascension_mode":false,"campfire_choices":[{"floor":6,"key":"REST"},{"floor":15,"key":"REST"},{"data":"infinitespire:Oblivion","floor":23,"key":"SMITH"},{"data":"Seek","floor":32,"key":"SMITH"},{"floor":40,"key":"REST"},{"data":"Echo Form","floor":40,"key":"SMITH"},{"floor":49,"key":"REST"},{"data":"Fission","floor":49,"key":"SMITH"}],"circlet_count":0,"master_deck":["Defend_B","Defend_B","Defend_B","Zap","Dualcast","Loop","Cold Snap+1","infinitespire:Oblivion+1","Cold Snap","Hologram","Redo","Amplify","Turbo","Chill","Storm","Seek+1","Turbo+1","Bite","Bite","Bite+1","Bite","Bite","Go for the Eyes+1","Stack","Skim","Sunder","Heatsinks+1","Chill","Rebound","Gash","Self Repair","Beam Cell","Echo Form+1","Sunder+1","Capacitor","Double Energy","Defragment","Sweeping Beam+1","Chill+1","Fission+1","Heatsinks+1","FTL+1","Gash+1"],"relics":["Cracked Core","PreservedInsect","Question Card","Meat on the Bone","DataDisk","Omamori","Blue Candle","aspiration:PoetsPen_weak","sneckomod:BabySnecko","infinitespire:Freezer","Blood Vial","aspiration:MysteriousAuxiliaryCore","Black Star","infinitespire:Magic Flask","infinitespire:Satchel","aspiration:BursterCore","Whetstone","Singing Bowl","Turnip"],"acts_visited":["Exordium","TheCity","TheBeyond"],"potions_floor_usage":[16,16,33,33,33,50],"damage_taken":[{"damage":2,"enemies":"Small Slimes","floor":1,"turns":3},{"damage":5,"enemies":"2 Louse","floor":4,"turns":2},{"damage":1,"enemies":"Jaw Worm","floor":5,"turns":3},{"damage":0,"enemies":"Exordium Wildlife","floor":7,"turns":2},{"damage":16,"enemies":"Lagavulin","floor":8,"turns":5},{"damage":1,"enemies":"2 Fungi Beasts","floor":12,"turns":4},{"damage":13,"enemies":"3 Sentries","floor":13,"turns":4},{"damage":9,"enemies":"Large Slime","floor":14,"turns":4},{"damage":24,"enemies":"The Guardian","floor":16,"turns":8},{"damage":1,"enemies":"Shell Parasite","floor":18,"turns":6},{"damage":8,"enemies":"Chosen","floor":22,"turns":4},{"damage":0,"enemies":"Snake Plant","floor":24,"turns":2},{"damage":0,"enemies":"3 Cultists","floor":25,"turns":3},{"damage":9,"enemies":"Slavers","floor":27,"turns":2},{"damage":0,"enemies":"Centurion and Healer","floor":28,"turns":4},{"damage":1,"enemies":"Cultist and Chosen","floor":29,"turns":4},{"damage":1,"enemies":"Snecko","floor":31,"turns":4},{"damage":57,"enemies":"Automaton","floor":33,"turns":8},{"damage":7,"enemies":"3 Shapes","floor":35,"turns":3},{"damage":14,"enemies":"2 Orb Walkers","floor":36,"turns":3},{"damage":16,"enemies":"3 Darklings","floor":38,"turns":6},{"damage":23,"enemies":"Jaw Worm Horde","floor":39,"turns":4},{"damage":14,"enemies":"Transient","floor":41,"turns":5},{"damage":3,"enemies":"Writhing Mass","floor":45,"turns":4},{"damage":37,"enemies":"Spire Growth","floor":46,"turns":4},{"damage":18,"enemies":"Nemesis","floor":47,"turns":3},{"damage":27,"enemies":"Donu and Deca","floor":50,"turns":7}],"seed_played":"4534045250160273715","potions_obtained":[{"floor":1,"key":"Regen Potion"},{"floor":4,"key":"blueLaboratory:BubblePotion"},{"floor":8,"key":"Dexterity Potion"},{"floor":16,"key":"DistilledChaos"},{"floor":22,"key":"blueLaboratory:ConsumingVoid"},{"floor":24,"key":"blueLaboratory:SystemWipe"},{"floor":35,"key":"blueLaboratory:SavagePotion"},{"floor":36,"key":"blueLaboratory:EnragingPotion"},{"floor":45,"key":"champ:CounterPotion"},{"floor":46,"key":"Energy Potion"},{"floor":47,"key":"blueLaboratory:BubblePotion"}],"is_trial":false,"path_per_floor":["M","$","?","M","M","R","M","E","T","?","?","M","?","M","R","B",null,"M","?","?","?","M","R","M","M","T","E","M","M","$","M","R","B",null,"M","?","$","M","M","R","M","?","T","AVR","M","M","E","?","R","B",null],"character_chosen":"DEFECT","items_purchased":["Cold Snap","aspiration:MysteriousAuxiliaryCore","Rebound","Gash","Self Repair","Double Energy","Defragment"],"campfire_rested":4,"item_purchase_floors":[2,30,30,30,30,37,37],"current_hp_per_floor":[73,73,55,50,49,71,71,55,55,55,48,47,46,49,71,59,75,74,74,52,52,51,51,52,52,52,47,52,52,52,52,52,24,52,52,51,51,51,46,52,51,51,51,51,52,43,35,35,50,40],"gold":148,"neow_bonus":"RANDOM_COMMON_RELIC","is_daily":false,"chose_seed":false,"campfire_upgraded":4,"win_rate":0.0,"timestamp":1611715758,"path_taken":["M","$","?","M","M","R","M","E","T","?","?","M","?","M","R","BOSS","M","?","?","?","M","R","M","M","T","E","M","?","$","M","R","BOSS","M","?","$","M","M","R","M","?","T","AVR","M","M","E","?","R","BOSS"],"items_purchased_type":["Card","Relic","Card","Card","Card","Card","Card"],"build_version":"2020-12-22","purchased_purges":1,"victory":true,"max_hp_per_floor":[75,75,75,75,75,75,75,75,75,75,75,75,75,75,75,75,75,75,75,52,52,52,52,52,52,52,52,52,52,52,52,52,52,52,52,52,52,52,52,52,52,52,52,52,52,52,52,52,52,52],"card_choices":[{"not_picked":["Beam Cell","Streamline"],"picked":"Loop","floor":1},{"not_picked":["infinitespire:Fortify","infinitespire:Collect"],"picked":"infinitespire:Oblivion","floor":3},{"not_picked":["Glacier","Coolheaded"],"picked":"Cold Snap","floor":4},{"not_picked":["Tempest","Compile Driver"],"picked":"Hologram","floor":5},{"not_picked":["Recycle","Gash"],"picked":"Redo","floor":7},{"not_picked":["Hologram","Hyperbeam"],"picked":"Amplify","floor":8},{"not_picked":["Beam Cell","Stack","Redo"],"picked":"Turbo","floor":12},{"not_picked":["FTL","Beam Cell","Cold Snap"],"picked":"Chill","floor":13},{"not_picked":["Tempest","Reboot","Leap"],"picked":"Storm","floor":14},{"not_picked":["Core Surge","Multi-Cast","Hyperbeam"],"picked":"Seek","floor":16},{"not_picked":["Gash","Cold Snap","Streamline+1"],"picked":"Turbo+1","floor":18},{"not_picked":["Barrage","Leap","Redo"],"picked":"Go for the Eyes+1","floor":22},{"not_picked":["Gash","Streamline","Force Field+1"],"picked":"Stack","floor":24},{"not_picked":["Ball Lightning+1","Gash","Amplify"],"picked":"Skim","floor":25},{"not_picked":["Lockon+1","Conserve Battery","Fission"],"picked":"Sunder","floor":27},{"not_picked":["Turbo+1","Scrape","Barrage+1"],"picked":"Heatsinks+1","floor":28},{"not_picked":["Conserve Battery","FTL","Cold Snap+1"],"picked":"Chill","floor":29},{"not_picked":["Consume","Streamline","Conserve Battery"],"picked":"Beam Cell","floor":31},{"not_picked":["Thunder Strike","Hyperbeam","All For One"],"picked":"Echo Form","floor":33},{"not_picked":["Rebound+1","Loop","Cold Snap"],"picked":"Sunder+1","floor":35},{"not_picked":["Defragment+1","Cold Snap+1","BootSequence"],"picked":"Capacitor","floor":36},{"not_picked":["Steam","Conserve Battery+1","Coolheaded+1"],"picked":"Sweeping Beam+1","floor":38},{"not_picked":["Doom and Gloom+1","Leap+1","Streamline"],"picked":"Chill+1","floor":39},{"not_picked":["Compile Driver","Go for the Eyes","Undo"],"picked":"Fission","floor":41},{"not_picked":["Undo+1","Ball Lightning+1","Auto Shields"],"picked":"Heatsinks+1","floor":45},{"not_picked":["Go for the Eyes+1","Compile Driver+1","Beam Cell+1"],"picked":"FTL+1","floor":46},{"not_picked":["Sweeping Beam","Biased Cognition","Rebound"],"picked":"Gash+1","floor":47}],"player_experience":302002,"relics_obtained":[{"floor":8,"key":"Question Card"},{"floor":9,"key":"Meat on the Bone"},{"floor":13,"key":"Blue Candle"},{"floor":26,"key":"infinitespire:Freezer"},{"floor":27,"key":"Blood Vial"},{"floor":36,"key":"infinitespire:Magic Flask"},{"floor":43,"key":"infinitespire:Satchel"},{"floor":47,"key":"Singing Bowl"},{"floor":47,"key":"Turnip"}],"event_choices":[{"damage_healed":0,"gold_gain":0,"player_choice":"Box","damage_taken":0,"relics_obtained":["DataDisk"],"max_hp_gain":0,"max_hp_loss":0,"event_name":"Big Fish","floor":10,"gold_loss":0,"cards_obtained":["Regret"]},{"damage_healed":0,"gold_gain":0,"player_choice":"Success","damage_taken":7,"relics_obtained":["Omamori"],"max_hp_gain":0,"max_hp_loss":0,"event_name":"Scrap Ooze","floor":11,"gold_loss":0},{"damage_healed":0,"gold_gain":0,"player_choice":"Searched \u00272\u0027 times","damage_taken":0,"max_hp_gain":0,"max_hp_loss":0,"event_name":"Dead Adventurer","floor":13,"gold_loss":0},{"damage_healed":0,"gold_gain":0,"player_choice":"Ignored","damage_taken":0,"max_hp_gain":0,"max_hp_loss":0,"event_name":"Ghosts","floor":19,"gold_loss":0},{"damage_healed":0,"gold_gain":0,"player_choice":"Became a vampire","damage_taken":0,"max_hp_gain":0,"max_hp_loss":23,"event_name":"Vampires","floor":20,"gold_loss":0,"cards_obtained":["Bite","Bite","Bite","Bite","Bite"]},{"damage_healed":0,"gold_gain":0,"player_choice":"Fight","damage_taken":0,"max_hp_gain":0,"max_hp_loss":0,"event_name":"Mysterious Sphere","floor":36,"gold_loss":0},{"cards_removed":["Defend_B"],"damage_healed":0,"gold_gain":0,"player_choice":"Purged","damage_taken":0,"max_hp_gain":0,"max_hp_loss":0,"event_name":"Purifier","floor":48,"gold_loss":0}],"is_beta":false,"boss_relics":[{"not_picked":["Calling Bell","Snecko Eye"],"picked":"aspiration:PoetsPen_weak"},{"not_picked":["Tiny House","bronze:MakeshiftBattery"],"picked":"Black Star"}],"items_purged_floors":[37],"is_endless":false,"potions_floor_spawned":[1,4,8,12,16,22,24,27,29,35,36,45,46,47],"ascension_level":0}}