{"host":"dpbezu80jg8zk7un","time":1611768428,"event":{"mods":["BaseMod","Colored Map","Colored Powertips","Custom Start","DeckTracker","Minty Spire (QoL Compilation)","Quick Restart","StSLib","SuperFastMode"],"gold_per_floor":[114,114,138,156,136,136,156,174,174,174,187,221,235,116,116,209,209,234,247,37,62,62,98,98,139,139,139,264,264,279,117,117,213,213,236,259,209,228,561,588,616,650,725,725,725,756,290,345,345,345,345,345,345,75,110,110],"floor_reached":57,"language":"KOR","playtime":2521,"items_purged":["Strike_P","Defend_P","ThirdEye","SignatureMove+1","Evaluate"],"score":3491,"play_id":"48fc0d6a-5e8e-4f48-877e-532fdf7277f9","local_time":"20210128022708","is_ascension_mode":true,"campfire_choices":[{"data":"Eruption","floor":6.0,"key":"SMITH"},{"data":"Meditate","floor":10.0,"key":"SMITH"},{"data":"Adaptation","floor":15.0,"key":"SMITH"},{"data":"Scrawl","floor":24.0,"key":"SMITH"},{"floor":27.0,"key":"REST"},{"data":"MentalFortress","floor":29.0,"key":"SMITH"},{"data":"Adaptation","floor":32.0,"key":"SMITH"},{"floor":44.0,"key":"RECALL"},{"data":"Establishment","floor":49,"key":"SMITH"},{"data":"Master of Strategy","floor":53,"key":"SMITH"}],"circlet_count":0,"master_deck":["AscendersBane","Eruption+1","Vigilance","Crescendo","EmptyFist","Meditate+1","FearNoEvil","Adaptation+1","Scrawl+1","LikeWater+1","SpiritShield+1","MentalFortress+1","Establishment+1","Adaptation+1","Master of Strategy+1","CrushJoints+1"],"relics":["HolyWater","InkBottle","WingedGreaves","Astrolabe","Membership Card","Bottled Lightning","The Courier","Smiling Mask","Pocketwatch","Pantograph","Medical Kit","Pear","MealTicket","Bronze Scales","Boot","Mummified Hand","Pen Nib","Mercury Hourglass","Oddly Smooth Stone","CloakClasp","Kunai","Strawberry","HornCleat"],"acts_visited":["Exordium","TheCity","TheBeyond","TheEnding"],"potions_floor_usage":[46,56],"damage_taken":[{"damage":0.0,"enemies":"Jaw Worm","floor":1.0,"turns":3.0},{"damage":0.0,"enemies":"Small Slimes","floor":3.0,"turns":1.0},{"damage":0.0,"enemies":"Cultist","floor":4.0,"turns":2.0},{"damage":0.0,"enemies":"Red Slaver","floor":7.0,"turns":1.0},{"damage":0.0,"enemies":"3 Louse","floor":8.0,"turns":2.0},{"damage":1.0,"enemies":"Large Slime","floor":11.0,"turns":4.0},{"damage":11.0,"enemies":"Gremlin Nob","floor":12.0,"turns":3.0},{"damage":0.0,"enemies":"2 Fungi Beasts","floor":13.0,"turns":2.0},{"damage":6.0,"enemies":"The Guardian","floor":16.0,"turns":11.0},{"damage":0.0,"enemies":"3 Byrds","floor":18.0,"turns":3.0},{"damage":0.0,"enemies":"Spheric Guardian","floor":19.0,"turns":4.0},{"damage":5.0,"enemies":"Snake Plant","floor":21.0,"turns":2.0},{"damage":18.0,"enemies":"Slavers","floor":23.0,"turns":4.0},{"damage":10.0,"enemies":"Gremlin Leader","floor":25.0,"turns":3.0},{"damage":1.0,"enemies":"Colosseum Slavers","floor":28.0,"turns":2.0},{"damage":10.0,"enemies":"Colosseum Nobs","floor":28.0,"turns":3.0},{"damage":0.0,"enemies":"Centurion and Healer","floor":30.0,"turns":2.0},{"damage":0.0,"enemies":"Automaton","floor":33.0,"turns":4.0},{"damage":0.0,"enemies":"3 Darklings","floor":35.0,"turns":3.0},{"damage":0.0,"enemies":"Orb Walker","floor":36.0,"turns":2.0},{"damage":0.0,"enemies":"Writhing Mass","floor":38.0,"turns":1.0},{"damage":0.0,"enemies":"Reptomancer","floor":40.0,"turns":2.0},{"damage":0.0,"enemies":"Giant Head","floor":41.0,"turns":1.0},{"damage":0.0,"enemies":"Nemesis","floor":42.0,"turns":3.0},{"damage":0,"enemies":"Reptomancer","floor":46,"turns":2},{"damage":0,"enemies":"2 Orb Walkers","floor":48,"turns":1},{"damage":0,"enemies":"Awakened One","floor":50,"turns":2},{"damage":0,"enemies":"Donu and Deca","floor":51,"turns":2},{"damage":0,"enemies":"Shield and Spear","floor":55,"turns":2},{"damage":0,"enemies":"The Heart","floor":56,"turns":5}],"seed_played":"3866505925075343156","potions_obtained":[{"floor":1.0,"key":"SpeedPotion"},{"floor":5.0,"key":"DistilledChaos"},{"floor":8.0,"key":"BottledMiracle"},{"floor":13.0,"key":"Dexterity Potion"},{"floor":16.0,"key":"EssenceOfSteel"},{"floor":23.0,"key":"StancePotion"},{"floor":33.0,"key":"EssenceOfSteel"},{"floor":35.0,"key":"LiquidBronze"},{"floor":40.0,"key":"EntropicBrew"},{"floor":42.0,"key":"Swift Potion"}],"is_trial":false,"path_per_floor":["M","?","M","M","?","R","M","M","T","R","M","E","M","$","R","B",null,"M","M","$","M","?","E","R","E","T","R","?","R","M","$","R","B",null,"M","M","$","M","?","E","E","E","T","R","?","E","$","?","R","B","B",null,"R","$","E","B",null],"character_chosen":"WATCHER","items_purchased":["Adaptation","Membership Card","MentalFortress","Medical Kit","Fruit Juice","Master of Strategy","Mummified Hand","Pen Nib","Mercury Hourglass","Oddly Smooth Stone","Kunai","Strawberry","Block Potion","Swift Potion"],"campfire_rested":1,"item_purchase_floors":[14,20,20,31,31,47,47,47,47,47,54,54,54,54],"current_hp_per_floor":[61,56,56,56,56,56,56,56,56,56,55,44,44,44,44,38,52,52,52,52,47,47,29,29,19,19,35,24,24,24,29,29,54,59,59,59,59,59,59,69,69,69,69,69,69,69,71,71,71,71,71,71,71,78,78,78],"gold":110,"neow_bonus":"TRANSFORM_TWO_CARDS","is_daily":false,"chose_seed":false,"campfire_upgraded":8,"win_rate":0.0,"timestamp":1611768428,"path_taken":["M","?","M","M","?","R","M","?","T","R","M","E","M","?","R","BOSS","M","M","$","M","?","E","R","E","T","R","?","R","M","$","R","BOSS","M","M","$","M","?","E","E","E","T","R","?","E","$","?","R","BOSS","BOSS","R","$","E","BOSS"],"items_purchased_type":["Card","Relic","Card","Relic","Potion","Card","Relic","Relic","Relic","Relic","Relic","Relic","Potion","Potion"],"build_version":"2020-12-22","purchased_purges":5,"victory":true,"max_hp_per_floor":[62,56,56,56,56,56,56,56,56,56,56,56,56,56,56,56,56,56,56,56,56,56,56,56,56,56,56,56,56,56,61,61,61,61,61,61,61,61,61,71,71,71,71,71,71,71,71,71,71,71,71,71,71,78,78,78],"card_choices":[{"not_picked":["TalkToTheHand","JustLucky"],"picked":"EmptyFist","floor":1.0},{"not_picked":["EmptyBody","Consecrate","BowlingBash"],"picked":"SKIP","floor":3.0},{"not_picked":["FollowUp","Halt"],"picked":"Meditate","floor":4.0},{"not_picked":["Perseverance","ThirdEye","BowlingBash"],"picked":"SKIP","floor":7.0},{"not_picked":["CutThroughFate","Halt","Wish"],"picked":"SKIP","floor":8.0},{"not_picked":["Protect","ClearTheMind"],"picked":"FearNoEvil","floor":11.0},{"not_picked":["Evaluate","Meditate","ClearTheMind"],"picked":"SKIP","floor":12.0},{"not_picked":["EmptyMind","Meditate","Vengeance"],"picked":"SKIP","floor":13.0},{"not_picked":["Vault","Ragnarok"],"picked":"Scrawl","floor":16.0},{"not_picked":["BattleHymn","JustLucky","ClearTheMind"],"picked":"SKIP","floor":18.0},{"not_picked":["SignatureMove","FlurryOfBlows","SashWhip"],"picked":"SKIP","floor":19.0},{"not_picked":["BattleHymn","SashWhip+1","Protect"],"picked":"SKIP","floor":21.0},{"not_picked":["EmptyFist","Halt","BowlingBash"],"picked":"SKIP","floor":23.0},{"not_picked":["WreathOfFlame","Wireheading","Fasting2"],"picked":"SKIP","floor":25.0},{"not_picked":["Protect","CutThroughFate"],"picked":"Establishment","floor":28.0},{"not_picked":["JustLucky","FlyingSleeves"],"picked":"Adaptation","floor":30.0},{"not_picked":["Evaluate+1","Worship+1","EmptyFist"],"picked":"SKIP","floor":35.0},{"not_picked":["EmptyBody","TalkToTheHand","FollowUp"],"picked":"SKIP","floor":36.0},{"not_picked":["ThirdEye","FollowUp","EmptyFist"],"picked":"SKIP","floor":38.0},{"not_picked":["DeusExMachina","FollowUp","EmptyFist+1"],"picked":"SKIP","floor":40.0},{"not_picked":["EmptyFist","Sanctity","ThirdEye"],"picked":"SKIP","floor":41.0},{"not_picked":["Protect+1","EmptyFist","Swivel+1"],"picked":"SKIP","floor":42.0},{"not_picked":["Establishment","Pray","PathToVictory"],"picked":"SKIP","floor":46},{"not_picked":["Alpha","CutThroughFate+1"],"picked":"CrushJoints+1","floor":55}],"player_experience":2933256,"relics_obtained":[{"floor":9.0,"key":"InkBottle"},{"floor":12.0,"key":"WingedGreaves"},{"floor":23.0,"key":"Bottled Lightning"},{"floor":25.0,"key":"The Courier"},{"floor":26.0,"key":"Smiling Mask"},{"floor":28.0,"key":"Pocketwatch"},{"floor":28.0,"key":"Pantograph"},{"floor":40.0,"key":"Pear"},{"floor":41.0,"key":"MealTicket"},{"floor":42.0,"key":"Bronze Scales"},{"floor":46,"key":"Boot"},{"floor":48,"key":"CloakClasp"},{"floor":55,"key":"HornCleat"}],"event_choices":[{"damage_healed":0.0,"max_hp_gain":0.0,"max_hp_loss":6.0,"gold_gain":0.0,"event_name":"Golden Idol","player_choice":"Lose Max HP","floor":2.0,"gold_loss":0.0,"damage_taken":0.0,"relics_obtained":["Golden Idol"]},{"damage_healed":0.0,"max_hp_gain":0.0,"max_hp_loss":0.0,"gold_gain":0.0,"event_name":"The Woman in Blue","player_choice":"Bought 1 Potion","floor":5.0,"gold_loss":0.0,"damage_taken":0.0},{"damage_healed":0.0,"max_hp_gain":0.0,"max_hp_loss":0.0,"gold_gain":0.0,"cards_transformed":["FlyingSleeves","Defend_P"],"event_name":"Drug Dealer","player_choice":"Became Test Subject","floor":22.0,"gold_loss":0.0,"damage_taken":0.0,"cards_obtained":["ThirdEye","Evaluate"]},{"damage_healed":0.0,"max_hp_gain":0.0,"max_hp_loss":0.0,"gold_gain":0.0,"event_name":"Colosseum","player_choice":"Fight","floor":28.0,"gold_loss":0.0,"damage_taken":0.0},{"damage_healed":0.0,"max_hp_gain":0.0,"max_hp_loss":0.0,"gold_gain":0.0,"event_name":"Colosseum","player_choice":"Fought Nobs","floor":28.0,"gold_loss":0.0,"damage_taken":0.0},{"damage_healed":0.0,"max_hp_gain":0.0,"max_hp_loss":0.0,"gold_gain":333.0,"event_name":"The Moai Head","player_choice":"Gave Idol","floor":39.0,"relics_lost":["Golden Idol"],"gold_loss":0.0,"damage_taken":0.0},{"damage_healed":0,"gold_gain":0,"player_choice":"Memory 1","damage_taken":0,"max_hp_gain":0,"max_hp_loss":0,"event_name":"SensoryStone","floor":45,"gold_loss":0},{"damage_healed":0,"gold_gain":0,"player_choice":"Fight","damage_taken":0,"max_hp_gain":0,"max_hp_loss":0,"event_name":"Mysterious Sphere","floor":48,"gold_loss":0}],"is_beta":false,"boss_relics":[{"not_picked":["Black Star","SlaversCollar"],"picked":"Astrolabe"},{"not_picked":["Velvet Choker","Tiny House"],"picked":"HolyWater"}],"items_purged_floors":[14,31,37,47,54],"is_endless":false,"potions_floor_spawned":[1,8,13,16,19,23,33,35,38,40,42,55],"ascension_level":20}}