{"host":"jpcy2bclvs7juczu","time":1611751851,"event":{"mods":["Alarm Clock","BaseMod","Bestiary","Block Reminder","Colored Map","Colored Powertips","Curses Come First","Dark Map","Minty Spire (QoL Compilation)","Quick Restart","RNG Fix","Relic Stats","Slay the Relics Exporter","StSLib","ojb\u0027s Better Paths Mod","ojb\u0027s Info Mod","slay the spire mod where everything is the same but ironclad has a cowboy hat"],"gold_per_floor":[118,135,285,285,0,27,40,40,65,101,101,122,138,138,138,224,224,247,256,256,282,282,282,315,78,78,98,133,133,242,157,157,232,232,254,263,2,22,56,56,89,110,134,146,158,170,218,250,262,274,286,298,310,7,45,45,45],"floor_reached":56,"language":"ENG","playtime":5639,"items_purged":["Doubt","Strike_G+1"],"score":2123,"play_id":"88f60f83-347c-4860-bce2-0f95a19a0103","local_time":"20210127075051","is_ascension_mode":true,"campfire_choices":[{"data":"Dagger Spray","floor":8,"key":"SMITH"},{"data":"Deadly Poison","floor":11,"key":"SMITH"},{"data":"Crippling Poison","floor":15,"key":"SMITH"},{"data":"Catalyst","floor":23,"key":"SMITH"},{"data":"Well Laid Plans","floor":29,"key":"SMITH"},{"data":"Outmaneuver","floor":32,"key":"SMITH"},{"data":"Catalyst","floor":40,"key":"SMITH"},{"data":"Leg Sweep","floor":45,"key":"SMITH"},{"floor":49,"key":"RECALL"},{"data":"Footwork","floor":53,"key":"SMITH"}],"circlet_count":0,"master_deck":["AscendersBane","Strike_G+1","Strike_G+1","Defend_G+1","Defend_G+1","Defend_G+1","Defend_G+1","Defend_G+1","Survivor","Neutralize","Terror","Poisoned Stab+1","Crippling Poison+1","Dagger Spray+1","Deadly Poison+1","PiercingWail","Adrenaline","Catalyst+1","Catalyst+1","Footwork+1","Well Laid Plans+1","Blur","Corpse Explosion","Outmaneuver+1","Acrobatics+1","Panacea","Leg Sweep+1","Venomology","Backflip","Dodge and Roll+1","Bouncing Flask+1","Blur"],"relics":["Ring of the Snake","NeowsBlessing","Calipers","Lantern","Matryoshka","CeramicFish","Orichalcum","Whetstone","Empty Cage","MealTicket","Thread and Needle","PreservedInsect","Toolbox","Potion Belt","Girya","InkBottle","Anchor","Coffee Dripper","Strange Spoon","Torii","Omamori","MawBank","Molten Egg 2","Incense Burner","Letter Opener"],"acts_visited":["Exordium","TheCity","TheBeyond","TheEnding"],"potions_floor_usage":[16,27,30,33,41,42,51,55,55,55,56,56,56,56],"damage_taken":[{"damage":0,"enemies":"Small Slimes","floor":1,"turns":1},{"damage":0,"enemies":"Cultist","floor":2,"turns":1},{"damage":0,"enemies":"Lagavulin","floor":6,"turns":1},{"damage":0,"enemies":"2 Louse","floor":7,"turns":4},{"damage":13,"enemies":"3 Sentries","floor":10,"turns":7},{"damage":0,"enemies":"Gremlin Gang","floor":12,"turns":2},{"damage":1,"enemies":"Blue Slaver","floor":13,"turns":3},{"damage":14,"enemies":"The Guardian","floor":16,"turns":9},{"damage":16,"enemies":"2 Thieves","floor":18,"turns":4},{"damage":5,"enemies":"Shell Parasite","floor":21,"turns":3},{"damage":3,"enemies":"Slavers","floor":24,"turns":5},{"damage":12,"enemies":"Shelled Parasite and Fungi","floor":27,"turns":3},{"damage":0,"enemies":"Book of Stabbing","floor":28,"turns":3},{"damage":9,"enemies":"Colosseum Slavers","floor":30,"turns":3},{"damage":0,"enemies":"Colosseum Nobs","floor":30,"turns":2},{"damage":14,"enemies":"Automaton","floor":33,"turns":7},{"damage":0,"enemies":"3 Shapes","floor":35,"turns":3},{"damage":0,"enemies":"3 Darklings","floor":38,"turns":3},{"damage":0,"enemies":"Mind Bloom Boss Battle","floor":39,"turns":5},{"damage":0,"enemies":"Nemesis","floor":41,"turns":7},{"damage":0,"enemies":"Maw","floor":42,"turns":5},{"damage":1,"enemies":"Giant Head","floor":47,"turns":6},{"damage":0,"enemies":"Sphere and 2 Shapes","floor":48,"turns":4},{"damage":13,"enemies":"Awakened One","floor":50,"turns":15},{"damage":30,"enemies":"Donu and Deca","floor":51,"turns":7},{"damage":35,"enemies":"Shield and Spear","floor":55,"turns":8},{"damage":37,"enemies":"The Heart","floor":56,"turns":6}],"seed_played":"8533667719160830992","potions_obtained":[{"floor":1,"key":"Swift Potion"},{"floor":2,"key":"SneckoOil"},{"floor":10,"key":"EssenceOfSteel"},{"floor":21,"key":"Dexterity Potion"},{"floor":27,"key":"Strength Potion"},{"floor":30,"key":"Regen Potion"},{"floor":35,"key":"BlessingOfTheForge"},{"floor":38,"key":"ColorlessPotion"},{"floor":42,"key":"Swift Potion"},{"floor":47,"key":"GamblersBrew"}],"is_trial":false,"path_per_floor":["M","M","?","?","$","E","M","R","T","E","R","M","M","?","R","B",null,"M","?","?","M","T","R","E","$","T","M","E","R","?","?","R","B",null,"M","?","$","M","?","R","E","M","T","?","R","$","E","M","R","B","B",null,"R","$","E","B"],"character_chosen":"THE_SILENT","items_purchased":["Lantern","Crippling Poison","Toolbox","Well Laid Plans","Strange Spoon","Incense Burner"],"campfire_rested":0,"item_purchase_floors":[5,5,25,25,37,54],"current_hp_per_floor":[59,59,59,48,48,48,48,48,48,35,35,35,34,39,39,25,60,44,44,44,39,39,39,36,51,51,39,39,39,30,30,30,16,57,57,47,62,62,62,62,62,62,62,71,71,71,70,70,70,57,27,60,60,71,36,0,0],"gold":45,"neow_bonus":"THREE_ENEMY_KILL","is_daily":false,"chose_seed":false,"campfire_upgraded":9,"win_rate":0.0,"timestamp":1611751851,"path_taken":["M","M","?","?","$","E","M","R","T","E","R","?","M","?","R","BOSS","M","?","?","M","?","R","E","$","T","M","E","R","?","?","R","BOSS","M","?","$","M","?","R","E","M","T","?","R","$","E","M","R","BOSS","BOSS","R","$","E","BOSS"],"items_purchased_type":["Relic","Card","Relic","Card","Relic","Relic"],"build_version":"2020-12-22","purchased_purges":2,"victory":false,"max_hp_per_floor":[66,66,66,66,66,66,66,66,66,66,66,66,66,71,71,71,71,71,71,71,71,71,71,71,71,71,71,71,71,71,71,71,71,71,71,71,71,71,71,71,71,71,71,71,71,71,71,71,71,71,71,71,71,71,71,71,71],"relic_stats":{"Torii":17,"counters":[27,127],"CeramicFish":162,"PreservedInsect":339,"Whetstone":["Poisoned Stab","Strike_G"],"Letter Opener":[35],"Orichalcum":[252],"MawBank":132,"Strange Spoon":[36],"MealTicket":41,"obtain_stats":[{"Lantern":5,"Calipers":4,"Torii":39,"CeramicFish":9,"Incense Burner":54,"Whetstone":10,"Empty Cage":17,"Matryoshka":6,"Toolbox":25,"MealTicket":22,"InkBottle":30,"Ring of the Snake":0,"Potion Belt":28,"Girya":30,"NeowsBlessing":0,"Thread and Needle":22,"PreservedInsect":24,"Omamori":41,"Letter Opener":55,"Orichalcum":9,"MawBank":43,"Strange Spoon":37,"Anchor":31,"Molten Egg 2":47,"Coffee Dripper":34},{"Lantern":2,"Calipers":2,"Torii":19,"CeramicFish":4,"Incense Burner":25,"Whetstone":5,"Empty Cage":8,"Matryoshka":3,"Toolbox":11,"MealTicket":10,"InkBottle":15,"Ring of the Snake":0,"Potion Belt":13,"Girya":15,"NeowsBlessing":0,"Thread and Needle":10,"PreservedInsect":11,"Omamori":20,"Letter Opener":26,"Orichalcum":4,"MawBank":21,"Strange Spoon":17,"Anchor":15,"Molten Egg 2":22,"Coffee Dripper":16},{"Lantern":2,"Calipers":2,"Torii":69,"CeramicFish":7,"Incense Burner":113,"Whetstone":14,"Empty Cage":28,"Matryoshka":3,"Toolbox":40,"MealTicket":35,"InkBottle":51,"Ring of the Snake":0,"Potion Belt":46,"Girya":51,"NeowsBlessing":0,"Thread and Needle":35,"PreservedInsect":40,"Omamori":76,"Letter Opener":121,"Orichalcum":7,"MawBank":81,"Strange Spoon":61,"Anchor":51,"Molten Egg 2":87,"Coffee Dripper":58}],"InkBottle":[36],"Ring of the Snake":[54]},"card_choices":[{"not_picked":["Finisher","PiercingWail"],"picked":"Terror","floor":1},{"not_picked":["Expertise","Leg Sweep"],"picked":"Poisoned Stab","floor":2},{"not_picked":["Prepared","Calculated Gamble"],"picked":"Dagger Spray","floor":6},{"not_picked":["Distraction","Accuracy","PiercingWail"],"picked":"SKIP","floor":7},{"not_picked":["Infinite Blades","Dash"],"picked":"Deadly Poison","floor":10},{"not_picked":["Dodge and Roll","Underhanded Strike"],"picked":"PiercingWail","floor":12},{"not_picked":["Distraction","Expertise","Endless Agony"],"picked":"SKIP","floor":13},{"not_picked":["Envenom","Bullet Time"],"picked":"Adrenaline","floor":16},{"not_picked":["Deadly Poison","Dodge and Roll"],"picked":"Catalyst","floor":18},{"not_picked":["Cloak And Dagger","Slice"],"picked":"Footwork","floor":21},{"not_picked":["Bane","Slice","Quick Slash+1"],"picked":"SKIP","floor":24},{"not_picked":["Flying Knee","Accuracy"],"picked":"Blur","floor":27},{"not_picked":["Outmaneuver","Footwork"],"picked":"Corpse Explosion","floor":28},{"not_picked":["Accuracy","Deflect"],"picked":"Outmaneuver","floor":30},{"not_picked":["Bane+1","Slice+1"],"picked":"Acrobatics+1","floor":35},{"not_picked":["Trip","Transmutation"],"picked":"Panacea","floor":36},{"not_picked":["Poisoned Stab","Acrobatics"],"picked":"Leg Sweep","floor":38},{"not_picked":["Quick Slash","Poisoned Stab"],"picked":"Venomology","floor":39},{"not_picked":["Noxious Fumes","Flying Knee","Expertise"],"picked":"SKIP","floor":41},{"not_picked":["Deadly Poison","Skewer"],"picked":"Backflip","floor":42},{"not_picked":["Infinite Blades","Endless Agony+1"],"picked":"Dodge and Roll+1","floor":47},{"not_picked":["Bane+1","Deadly Poison+1"],"picked":"Bouncing Flask+1","floor":48},{"not_picked":["Masterful Stab+1","Sucker Punch+1"],"picked":"Blur","floor":55}],"player_experience":1487964,"relics_obtained":[{"floor":6,"key":"Matryoshka"},{"floor":9,"key":"CeramicFish"},{"floor":9,"key":"Orichalcum"},{"floor":10,"key":"Whetstone"},{"floor":22,"key":"MealTicket"},{"floor":22,"key":"Thread and Needle"},{"floor":24,"key":"PreservedInsect"},{"floor":28,"key":"Potion Belt"},{"floor":30,"key":"Girya"},{"floor":30,"key":"InkBottle"},{"floor":39,"key":"Torii"},{"floor":41,"key":"Omamori"},{"floor":43,"key":"MawBank"},{"floor":47,"key":"Molten Egg 2"},{"floor":55,"key":"Letter Opener"}],"event_choices":[{"damage_healed":0,"gold_gain":150,"player_choice":"AGREE","damage_taken":0,"max_hp_gain":0,"max_hp_loss":0,"event_name":"Liars Game","floor":3,"gold_loss":0,"cards_obtained":["Doubt"]},{"damage_healed":0,"gold_gain":0,"player_choice":"Success","damage_taken":11,"relics_obtained":["Calipers"],"max_hp_gain":0,"max_hp_loss":0,"event_name":"Scrap Ooze","floor":4,"gold_loss":0},{"damage_healed":0,"gold_gain":0,"player_choice":"Donut","damage_taken":0,"max_hp_gain":5,"max_hp_loss":0,"event_name":"Big Fish","floor":14,"gold_loss":0},{"damage_healed":0,"gold_gain":0,"player_choice":"Copied","damage_taken":0,"max_hp_gain":0,"max_hp_loss":0,"event_name":"Duplicator","floor":19,"gold_loss":0,"cards_obtained":["Catalyst"]},{"damage_healed":0,"gold_gain":0,"player_choice":"Simplicity","damage_taken":0,"max_hp_gain":0,"max_hp_loss":0,"event_name":"Back to Basics","floor":20,"gold_loss":0,"cards_upgraded":["Strike_G","Strike_G","Defend_G","Defend_G","Defend_G","Defend_G","Defend_G"]},{"damage_healed":0,"gold_gain":0,"player_choice":"Fight","damage_taken":0,"max_hp_gain":0,"max_hp_loss":0,"event_name":"Colosseum","floor":30,"gold_loss":0},{"damage_healed":0,"gold_gain":0,"player_choice":"Fought Nobs","damage_taken":0,"max_hp_gain":0,"max_hp_loss":0,"event_name":"Colosseum","floor":30,"gold_loss":0},{"damage_healed":0,"gold_gain":0,"player_choice":"Obtained Relic","damage_taken":0,"relics_obtained":["Anchor"],"max_hp_gain":0,"max_hp_loss":0,"event_name":"Addict","floor":31,"gold_loss":85},{"damage_healed":0,"gold_gain":0,"player_choice":"Memory 3","damage_taken":10,"max_hp_gain":0,"max_hp_loss":0,"event_name":"SensoryStone","floor":36,"gold_loss":0},{"damage_healed":0,"gold_gain":0,"player_choice":"Fight","damage_taken":0,"max_hp_gain":0,"max_hp_loss":0,"event_name":"MindBloom","floor":39,"gold_loss":0},{"damage_healed":14,"gold_gain":0,"player_choice":"Writhe","damage_taken":0,"max_hp_gain":0,"max_hp_loss":0,"event_name":"Winding Halls","floor":44,"gold_loss":0,"cards_obtained":["Writhe"]}],"is_beta":false,"boss_relics":[{"not_picked":["Tiny House","WristBlade"],"picked":"Empty Cage"},{"not_picked":["SacredBark","SlaversCollar"],"picked":"Coffee Dripper"}],"items_purged_floors":[5,37],"is_endless":false,"potions_floor_spawned":[1,2,10,21,27,30,35,38,42,47],"killed_by":"The Heart","ascension_level":20}}