{"host":"81vb4cbob60wa1na","time":1611777550,"event":{"mods":["BaseMod","Bestiary","Colored Map","Colored Powertips","Downfall","Highlight Path","Minty Spire (QoL Compilation)","Quick Restart","Rare Cards Sparkle","StSLib"],"gold_per_floor":[112,112,45,65,65,96,96,126,149,149,175,185,135,410,410,510,510,527,213,231,246,246,246,279,128,210,210,229,246,258,268,268,268,268],"floor_reached":33,"language":"ENG","playtime":1216,"items_purged":["Regret"],"score":326,"play_id":"58381b1f-c06f-4366-ac91-8b4e171ec7c8","local_time":"20210127145910","is_ascension_mode":true,"campfire_choices":[{"data":"Buffer","floor":7.0,"key":"SMITH"},{"data":"Sunder","floor":10.0,"key":"SMITH"},{"data":"Beam Cell","floor":15.0,"key":"SMITH"},{"data":"Self Repair","floor":23,"key":"SMITH"},{"data":"Defragment","floor":27,"key":"SMITH"},{"floor":32,"key":"REST"}],"circlet_count":0,"master_deck":["Strike_B","Strike_B","Strike_B","Defend_B","Defend_B","Defend_B","Defend_B","Zap+1","Dualcast","Buffer+1","Self Repair+1","Sunder+1","Doom and Gloom","Beam Cell+1","Thunder Strike","Skim","Core Surge","Good Instincts","Hello World","Defragment+1","Heatsinks","Ball Lightning","Streamline+1","Melter","Rip and Tear"],"relics":["Cracked Core","DataDisk","StrikeDummy","Pen Nib","Tiny Chest","Bag of Marbles","Torii","Black Star","Blood Vial","Pantograph","Boot","Omamori","Matryoshka"],"acts_visited":["Exordium","TheCity"],"potions_floor_usage":[20,28,30,30,33],"damage_taken":[{"damage":0.0,"enemies":"Cultist","floor":1.0,"turns":4.0},{"damage":1.0,"enemies":"Jaw Worm","floor":4.0,"turns":4.0},{"damage":8.0,"enemies":"Lagavulin","floor":6.0,"turns":5.0},{"damage":0.0,"enemies":"Gremlin Nob","floor":8.0,"turns":2.0},{"damage":18.0,"enemies":"3 Sentries","floor":11.0,"turns":6.0},{"damage":0.0,"enemies":"Small Slimes","floor":12.0,"turns":2.0},{"damage":17.0,"enemies":"The Guardian","floor":16.0,"turns":7.0},{"damage":4,"enemies":"Chosen","floor":18,"turns":3},{"damage":10,"enemies":"Shell Parasite","floor":20,"turns":3},{"damage":0,"enemies":"Snake Plant","floor":21,"turns":1},{"damage":43,"enemies":"Slavers","floor":24,"turns":6},{"damage":20,"enemies":"Sentry and Sphere","floor":28,"turns":5},{"damage":10,"enemies":"Centurion and Healer","floor":29,"turns":6},{"damage":21,"enemies":"Snake Plant","floor":30,"turns":4},{"damage":23,"enemies":"Cultist and Chosen","floor":31,"turns":6},{"damage":58,"enemies":"Collector","floor":33,"turns":6}],"seed_played":"-5892586674579790406","potions_obtained":[{"floor":1.0,"key":"LiquidMemories"},{"floor":6.0,"key":"AttackPotion"},{"floor":8.0,"key":"Fire Potion"},{"floor":18,"key":"sneckomod:MuddlingPotion"},{"floor":28,"key":"AttackPotion"},{"floor":29,"key":"LiquidBronze"},{"floor":31,"key":"bronze:BurnAndBuffPotion"}],"is_trial":false,"path_per_floor":["M","?","?","M","?","E","R","E","T","R","E","M","?","?","R","B",null,"M","$","M","M","T","R","E","$","T","R","M","M","M","M","R","B"],"character_chosen":"DEFECT","items_purchased":["Blood Vial","Core Surge","Good Instincts","Heatsinks"],"campfire_rested":1,"item_purchase_floors":[19,19,19,25],"current_hp_per_floor":[75,75,75,75,68,67,67,67,67,67,56,63,63,63,63,53,75,71,71,70,72,72,72,41,41,41,41,33,35,26,5,27,0,0],"gold":268,"neow_bonus":"ONE_RANDOM_RARE_CARD","is_daily":false,"chose_seed":false,"campfire_upgraded":5,"win_rate":0.0,"timestamp":1611777550,"path_taken":["M","?","?","?","?","E","R","E","T","R","E","M","?","?","R","BOSS","M","$","M","M","?","R","E","$","T","R","M","M","M","M","R","BOSS"],"items_purchased_type":["Relic","Card","Card","Card"],"build_version":"2020-12-22","purchased_purges":1,"victory":false,"max_hp_per_floor":[75,75,75,75,75,75,75,75,75,75,75,75,75,75,75,75,75,75,75,75,75,75,75,75,75,75,75,75,75,75,75,75,75,75],"card_choices":[{"not_picked":["Rebound","Melter"],"picked":"Self Repair","floor":1.0},{"not_picked":["Beam Cell","Reinforced Body","Stack"],"picked":"SKIP","floor":4.0},{"not_picked":["Compile Driver","Streamline"],"picked":"Sunder","floor":6.0},{"not_picked":["FTL","Sunder","Cold Snap"],"picked":"SKIP","floor":8.0},{"not_picked":["Reboot","Reinforced Body"],"picked":"Doom and Gloom","floor":11.0},{"not_picked":["Redo","Barrage"],"picked":"Beam Cell","floor":12.0},{"not_picked":["Hyperbeam","Amplify"],"picked":"Thunder Strike","floor":16.0},{"not_picked":["Glacier+1","BootSequence"],"picked":"Skim","floor":18},{"not_picked":["Redo","Stack+1"],"picked":"Hello World","floor":20},{"not_picked":["Cold Snap","Reinforced Body","Compile Driver"],"picked":"SKIP","floor":21},{"not_picked":["Conserve Battery","Rip and Tear"],"picked":"Defragment","floor":24},{"not_picked":["Consume","FTL"],"picked":"Ball Lightning","floor":28},{"not_picked":["Go for the Eyes","Heatsinks+1"],"picked":"Streamline+1","floor":29},{"not_picked":["Rebound","Steam Power"],"picked":"Melter","floor":30},{"not_picked":["Recycle+1","Self Repair"],"picked":"Rip and Tear","floor":31}],"player_experience":216771,"relics_obtained":[{"floor":6.0,"key":"Pen Nib"},{"floor":8.0,"key":"Tiny Chest"},{"floor":9.0,"key":"Bag of Marbles"},{"floor":11.0,"key":"Torii"},{"floor":22,"key":"Pantograph"},{"floor":24,"key":"Boot"},{"floor":24,"key":"Omamori"},{"floor":26,"key":"Matryoshka"}],"event_choices":[{"damage_healed":0.0,"max_hp_gain":0.0,"max_hp_loss":0.0,"gold_gain":0.0,"event_name":"Living Wall","player_choice":"Grow","floor":2.0,"gold_loss":0.0,"damage_taken":0.0,"cards_upgraded":["Zap"]},{"damage_healed":0.0,"max_hp_gain":0.0,"max_hp_loss":0.0,"gold_gain":0.0,"event_name":"WeMeetAgain","player_choice":"Paid Gold","floor":3.0,"gold_loss":67.0,"damage_taken":0.0,"relics_obtained":["DataDisk"]},{"damage_healed":0.0,"max_hp_gain":0.0,"max_hp_loss":0.0,"gold_gain":0.0,"event_name":"Scrap Ooze","player_choice":"Success","floor":5.0,"gold_loss":0.0,"damage_taken":7.0,"relics_obtained":["StrikeDummy"]},{"cards_removed":["Strike_B"],"damage_healed":0.0,"max_hp_gain":0.0,"max_hp_loss":0.0,"gold_gain":0.0,"event_name":"The Cleric","player_choice":"Card Removal","floor":13.0,"gold_loss":50.0,"damage_taken":0.0},{"damage_healed":0.0,"max_hp_gain":0.0,"max_hp_loss":0.0,"gold_gain":275.0,"event_name":"Golden Shrine","player_choice":"Desecrate","floor":14.0,"gold_loss":0.0,"damage_taken":0.0,"cards_obtained":["Regret"]}],"is_beta":false,"boss_relics":[{"not_picked":["Coffee Dripper","FrozenCore"],"picked":"Black Star"}],"items_purged_floors":[25],"is_endless":false,"potions_floor_spawned":[1,6,8,18,28,29,31],"killed_by":"Collector","ascension_level":1}}