{"host":"qxeepl7ydvsgmfdb","time":1611755088,"event":{"mods":["AchievementEnabler","BaseMod","Colored Powertips","Minty Spire (QoL Compilation)","Quick Restart","slay the spire mod where everything is the same but ironclad has a cowboy hat"],"gold_per_floor":[116,116,291,308,308,308,334,299,299,299,312,312,326,60,60,165,165,185,185,196,111,128,128,128,128],"floor_reached":24,"language":"ENG","playtime":468,"items_purged":["Doubt"],"score":339,"play_id":"5ff8fef1-63d9-4f56-b580-7f59290f8a17","local_time":"20210127084448","is_ascension_mode":true,"campfire_choices":[{"data":"Blade Dance","floor":6,"key":"SMITH"},{"data":"Deadly Poison","floor":10,"key":"SMITH"},{"data":"Finisher","floor":12,"key":"SMITH"},{"data":"Terror","floor":15,"key":"SMITH"},{"floor":23,"key":"REST"}],"circlet_count":0,"master_deck":["AscendersBane","Strike_G","Strike_G","Strike_G","Strike_G","Defend_G","Defend_G","Defend_G","Defend_G","Defend_G","Survivor","Neutralize","Deadly Poison+1","Blade Dance+1","Finisher+1","PiercingWail","Terror+1","Poisoned Stab+1","Cloak And Dagger","Deadly Poison"],"relics":["Ring of the Snake","NeowsBlessing","Bag of Preparation","Mercury Hourglass","Ninja Scroll","Lee\u0027s Waffle","Nloth\u0027s Gift","Pantograph"],"acts_visited":["Exordium","TheCity"],"potions_floor_usage":[16,22,24],"damage_taken":[{"damage":0,"enemies":"Cultist","floor":1,"turns":1},{"damage":0,"enemies":"2 Louse","floor":4,"turns":1},{"damage":0,"enemies":"3 Sentries","floor":7,"turns":1},{"damage":0,"enemies":"Small Slimes","floor":11,"turns":3},{"damage":5,"enemies":"Gremlin Gang","floor":13,"turns":2},{"damage":38,"enemies":"The Guardian","floor":16,"turns":10},{"damage":43,"enemies":"Spheric Guardian","floor":18,"turns":6},{"damage":0,"enemies":"Chosen","floor":20,"turns":2},{"damage":0,"enemies":"3 Cultists","floor":22,"turns":3},{"damage":54,"enemies":"Slavers","floor":24,"turns":4}],"seed_played":"-8108326818380153827","potions_obtained":[{"floor":4,"key":"DuplicationPotion"},{"floor":7,"key":"AttackPotion"},{"floor":16,"key":"SkillPotion"},{"floor":18,"key":"CunningPotion"}],"is_trial":false,"path_per_floor":["M","?","?","M","?","R","E","?","T","R","M","R","M","$","R","B",null,"M","?","M","?","M","R","E"],"character_chosen":"THE_SILENT","items_purchased":["Lee\u0027s Waffle","Terror"],"campfire_rested":1,"item_purchase_floors":[14,14],"current_hp_per_floor":[63,56,56,56,53,53,53,70,70,70,70,70,65,77,77,39,68,25,25,25,25,25,48,0,0],"gold":128,"neow_bonus":"THREE_ENEMY_KILL","is_daily":false,"chose_seed":false,"campfire_upgraded":4,"win_rate":0.0,"timestamp":1611755088,"path_taken":["M","?","?","M","?","R","E","?","T","R","M","R","M","$","R","BOSS","M","?","?","?","M","R","E"],"items_purchased_type":["Relic","Card"],"build_version":"2020-12-22","purchased_purges":1,"victory":false,"max_hp_per_floor":[70,70,70,70,70,70,70,70,70,70,70,70,70,77,77,77,77,77,77,77,77,77,77,77,77],"card_choices":[{"not_picked":["Underhanded Strike","Sucker Punch"],"picked":"Deadly Poison","floor":1},{"not_picked":["Flying Knee","Choke"],"picked":"Blade Dance","floor":4},{"not_picked":["Escape Plan","Footwork","Quick Slash"],"picked":"SKIP","floor":7},{"not_picked":["Prepared","Deflect"],"picked":"Finisher","floor":11},{"not_picked":["Tactician","Crippling Poison"],"picked":"PiercingWail","floor":13},{"not_picked":["Deflect+1","Eviscerate+1"],"picked":"Poisoned Stab+1","floor":18},{"not_picked":["Deflect","Flechettes"],"picked":"Cloak And Dagger","floor":20},{"not_picked":["Eviscerate","Storm of Steel"],"picked":"Deadly Poison","floor":22}],"player_experience":238252,"relics_obtained":[{"floor":7,"key":"Mercury Hourglass"},{"floor":9,"key":"Ninja Scroll"}],"event_choices":[{"cards_removed":["Strike_G"],"damage_healed":0,"gold_gain":0,"player_choice":"Card Removal","damage_taken":7,"max_hp_gain":0,"max_hp_loss":0,"event_name":"Golden Wing","floor":2,"gold_loss":0},{"damage_healed":0,"gold_gain":175,"player_choice":"AGREE","damage_taken":0,"max_hp_gain":0,"max_hp_loss":0,"event_name":"Liars Game","floor":3,"gold_loss":0,"cards_obtained":["Doubt"]},{"damage_healed":0,"gold_gain":0,"player_choice":"Success","damage_taken":3,"relics_obtained":["Bag of Preparation"],"max_hp_gain":0,"max_hp_loss":0,"event_name":"Scrap Ooze","floor":5,"gold_loss":0},{"damage_healed":17,"gold_gain":0,"player_choice":"Healed","damage_taken":0,"max_hp_gain":0,"max_hp_loss":0,"event_name":"The Cleric","floor":8,"gold_loss":35},{"damage_healed":0,"gold_gain":0,"player_choice":"Traded Relic","damage_taken":0,"relics_obtained":["Nloth\u0027s Gift"],"max_hp_gain":0,"max_hp_loss":0,"event_name":"N\u0027loth","floor":19,"relics_lost":["Philosopher\u0027s Stone"],"gold_loss":0},{"damage_healed":0,"gold_gain":0,"player_choice":"Obtained Relic","damage_taken":0,"relics_obtained":["Pantograph"],"max_hp_gain":0,"max_hp_loss":0,"event_name":"Addict","floor":21,"gold_loss":85}],"is_beta":false,"boss_relics":[{"not_picked":["Snecko Eye","SlaversCollar"],"picked":"Philosopher\u0027s Stone"}],"items_purged_floors":[14],"is_endless":false,"potions_floor_spawned":[4,7,16,18],"killed_by":"Slavers","ascension_level":11}}