{"host":"9d9dhukr2jywmy0f","time":1611740465,"event":{"mods":["2.2 Compatiblity","Alarm Clock","BaseMod","Bestiary","Block Reminder","Colored Map","Colored Powertips","Curses Come First","DeckTracker","Energized Spire","Highlight Path","Key Reminder","Minty Spire (QoL Compilation)","Quick Restart","Rare Cards Sparkle","Relic Sorter","Relic Stats","Reliquary","Spire Birthday Party","StSLib","SuperFastMode","Synergy Search","Unceasing Turn Reminder","Unknown Chances"],"gold_per_floor":[114,114,114,162,174,205,205,223,302,302,322,247,247,247,247,324,324,337,387,407,417,107,107,123,137,160,191,191,191,81,101,101,175,175,188,188,208,208,83,83,116,127,172,200,200,200,95,106,106,106,106,106,106,56,88,88],"floor_reached":57,"language":"ZHS","playtime":3819,"items_purged":["Strike_R","Strike_R","Limit Break","Whirlwind+1","Bash+1"],"score":2881,"play_id":"79f59f77-aba4-4437-aafd-a4ec1e29356f","local_time":"20210127174105","is_ascension_mode":true,"campfire_choices":[{"data":"Whirlwind","floor":7.0,"key":"SMITH"},{"data":"Armaments","floor":10.0,"key":"SMITH"},{"data":"Body Slam","floor":13.0,"key":"SMITH"},{"data":"Inflame","floor":15.0,"key":"SMITH"},{"data":"Barricade","floor":23.0,"key":"SMITH"},{"data":"Strike_R","floor":32.0,"key":"PURGE"},{"data":"Strike_R","floor":40.0,"key":"PURGE"},{"data":"Entrench","floor":46.0,"key":"SMITH"},{"floor":49.0,"key":"RECALL"},{"data":"Feed+1","floor":53.0,"key":"PURGE"}],"circlet_count":0,"master_deck":["AscendersBane","Defend_R","Defend_R","Defend_R","Defend_R","Body Slam+1","Barricade+1","Armaments+1","Body Slam","Battle Trance+1","True Grit","Entrench+1","Warcry+1"],"relics":["Burning Blood","NeowsBlessing","Anchor","Bag of Preparation","reliquary:TridentHead","Ancient Tea Set","SlaversCollar","reliquary:Buckler","PreservedInsect","Peace Pipe","energizedSpire:DeadBattery","Smiling Mask","reliquary:OuijaBoard","StrikeDummy"],"acts_visited":["Exordium","TheCity","TheBeyond","TheEnding"],"potions_floor_usage":[56,56],"damage_taken":[{"damage":0.0,"enemies":"Small Slimes","floor":1.0,"turns":1.0},{"damage":0.0,"enemies":"Jaw Worm","floor":5.0,"turns":1.0},{"damage":0.0,"enemies":"Lagavulin","floor":6.0,"turns":1.0},{"damage":2.0,"enemies":"Cultist","floor":8.0,"turns":4.0},{"damage":0.0,"enemies":"3 Louse","floor":11.0,"turns":1.0},{"damage":12.0,"enemies":"The Guardian","floor":16.0,"turns":9.0},{"damage":22.0,"enemies":"Spheric Guardian","floor":18.0,"turns":8.0},{"damage":0.0,"enemies":"2 Thieves","floor":20.0,"turns":2.0},{"damage":0.0,"enemies":"Sentry and Sphere","floor":21.0,"turns":2.0},{"damage":52.0,"enemies":"Shelled Parasite and Fungi","floor":24.0,"turns":6.0},{"damage":8.0,"enemies":"Snake Plant","floor":25.0,"turns":5.0},{"damage":19.0,"enemies":"Slavers","floor":27.0,"turns":2.0},{"damage":28.0,"enemies":"Chosen and Byrds","floor":31.0,"turns":7.0},{"damage":14.0,"enemies":"Automaton","floor":33.0,"turns":8.0},{"damage":0.0,"enemies":"3 Shapes","floor":35.0,"turns":5.0},{"damage":16.0,"enemies":"3 Darklings","floor":37.0,"turns":3.0},{"damage":0.0,"enemies":"Nemesis","floor":41.0,"turns":1.0},{"damage":13.0,"enemies":"Transient","floor":42.0,"turns":6.0},{"damage":0.0,"enemies":"Giant Head","floor":44.0,"turns":6.0},{"damage":0.0,"enemies":"Writhing Mass","floor":48.0,"turns":6.0},{"damage":39.0,"enemies":"Donu and Deca","floor":50.0,"turns":12.0},{"damage":5.0,"enemies":"Awakened One","floor":51.0,"turns":11.0},{"damage":0.0,"enemies":"Shield and Spear","floor":55.0,"turns":1.0},{"damage":67,"enemies":"The Heart","floor":56,"turns":8}],"seed_played":"1175533011303842057","potions_obtained":[{"floor":1.0,"key":"DuplicationPotion"},{"floor":5.0,"key":"BlessingOfTheForge"},{"floor":11.0,"key":"Dexterity Potion"},{"floor":20.0,"key":"BloodPotion"},{"floor":27.0,"key":"Energy Potion"},{"floor":31.0,"key":"AttackPotion"},{"floor":37.0,"key":"DistilledChaos"},{"floor":41.0,"key":"Weak Potion"},{"floor":42.0,"key":"SmokeBomb"}],"is_trial":false,"path_per_floor":["M","?","?","T","M","E","R","M","T","R","M","$","R","?","R","B",null,"M","?","M","M","$","R","M","M","T","E","?","?","?","M","R","B",null,"M","?","M","?","$","R","E","M","T","E","?","R","$","M","R","B","B",null,"R","$","E","B",null],"character_chosen":"IRONCLAD","items_purchased":["Battle Trance","reliquary:Buckler","SpeedPotion"],"campfire_rested":0,"item_purchase_floors":[22,22,47],"current_hp_per_floor":[74,74,79,79,80,80,80,80,80,80,80,80,80,54,54,48,72,60,60,66,72,72,72,30,32,32,27,27,27,27,29,29,21,83,89,89,83,83,83,83,89,82,82,88,88,88,88,98,98,65,70,105,105,105,111,50],"gold":88,"neow_bonus":"THREE_ENEMY_KILL","is_daily":false,"chose_seed":false,"campfire_upgraded":6,"win_rate":0.0,"timestamp":1611740465,"path_taken":["M","?","?","?","?","E","R","M","T","R","M","?","R","?","R","BOSS","M","?","M","?","$","R","M","M","T","E","?","?","?","?","R","BOSS","M","?","M","?","?","R","E","M","T","E","?","R","$","M","R","BOSS","BOSS","R","$","E","BOSS"],"items_purchased_type":["Card","Relic","Potion"],"build_version":"2020-11-30","purchased_purges":5,"victory":true,"max_hp_per_floor":[75,75,80,80,80,80,80,80,80,80,80,80,80,80,80,80,80,84,84,84,84,84,84,88,92,92,100,100,100,100,104,104,104,104,104,104,108,108,108,108,108,108,108,108,108,108,108,112,112,112,116,116,116,116,116,116],"relic_stats":{"Peace Pipe":3,"counters":[24,116],"PreservedInsect":298,"Bag of Preparation":[42],"Smiling Mask":225,"obtain_stats":[{"reliquary:OuijaBoard":44,"NeowsBlessing":0,"PreservedInsect":26,"Bag of Preparation":6,"Ancient Tea Set":14,"energizedSpire:DeadBattery":34,"Smiling Mask":41,"Burning Blood":0,"Peace Pipe":27,"keyreminder:keyreminder":41,"reliquary:TridentHead":9,"SlaversCollar":17,"Anchor":4,"reliquary:Buckler":22,"StrikeDummy":55},{"reliquary:OuijaBoard":19,"NeowsBlessing":0,"PreservedInsect":11,"Bag of Preparation":3,"Ancient Tea Set":5,"energizedSpire:DeadBattery":14,"Smiling Mask":17,"Burning Blood":0,"Peace Pipe":12,"keyreminder:keyreminder":17,"reliquary:TridentHead":4,"SlaversCollar":6,"Anchor":1,"reliquary:Buckler":9,"StrikeDummy":23},{"reliquary:OuijaBoard":78,"NeowsBlessing":0,"PreservedInsect":40,"Bag of Preparation":3,"Ancient Tea Set":8,"energizedSpire:DeadBattery":57,"Smiling Mask":66,"Burning Blood":0,"Peace Pipe":42,"keyreminder:keyreminder":66,"reliquary:TridentHead":7,"SlaversCollar":17,"Anchor":1,"reliquary:Buckler":29,"StrikeDummy":108}],"Burning Blood":123},"card_choices":[{"not_picked":["Carnage","Dual Wield"],"picked":"Whirlwind","floor":1.0},{"not_picked":["Sword Boomerang","Warcry"],"picked":"Body Slam","floor":5.0},{"not_picked":["Clash","Dark Embrace"],"picked":"Barricade","floor":6.0},{"not_picked":["Combust","Power Through"],"picked":"Armaments","floor":8.0},{"not_picked":["Seeing Red","Flex"],"picked":"Inflame","floor":11.0},{"not_picked":["Exhume","Berserk"],"picked":"Feed","floor":16.0},{"not_picked":["Iron Wave+1","Flex"],"picked":"Body Slam","floor":18.0},{"not_picked":["Whirlwind+1","Feel No Pain+1","Cleave"],"picked":"SKIP","floor":20.0},{"not_picked":["Pommel Strike","Dual Wield","Sword Boomerang"],"picked":"SKIP","floor":21.0},{"not_picked":["Rage","Anger","Headbutt"],"picked":"SKIP","floor":24.0},{"not_picked":["Sword Boomerang","Feed"],"picked":"True Grit","floor":25.0},{"not_picked":["Hemokinesis","Twin Strike"],"picked":"Limit Break","floor":27.0},{"not_picked":["Headbutt","Clash","Body Slam"],"picked":"SKIP","floor":31.0},{"not_picked":["True Grit","Headbutt","Thunderclap"],"picked":"SKIP","floor":35.0},{"not_picked":["Clash+1","Reaper"],"picked":"Warcry+1","floor":37.0},{"not_picked":["Reaper","Flame Barrier","Fire Breathing+1"],"picked":"SKIP","floor":41.0},{"not_picked":["Perfected Strike","Pommel Strike+1","Infernal Blade"],"picked":"SKIP","floor":42.0},{"not_picked":["Headbutt","Sever Soul","Iron Wave+1"],"picked":"SKIP","floor":44.0},{"not_picked":["Body Slam+1","Cleave","Dropkick"],"picked":"SKIP","floor":48.0},{"not_picked":["Whirlwind","Sword Boomerang","Armaments"],"picked":"SKIP","floor":55.0}],"player_experience":864167,"relics_obtained":[{"floor":4.0,"key":"Anchor"},{"floor":6.0,"key":"Bag of Preparation"},{"floor":9.0,"key":"reliquary:TridentHead"},{"floor":26.0,"key":"PreservedInsect"},{"floor":27.0,"key":"Peace Pipe"},{"floor":41.0,"key":"Smiling Mask"},{"floor":44.0,"key":"reliquary:OuijaBoard"},{"floor":55.0,"key":"StrikeDummy"}],"event_choices":[{"damage_healed":0.0,"max_hp_gain":0.0,"max_hp_loss":0.0,"gold_gain":0.0,"event_name":"Liars Game","player_choice":"Ignored","floor":2.0,"gold_loss":0.0,"damage_taken":0.0},{"damage_healed":0.0,"max_hp_gain":5.0,"max_hp_loss":0.0,"gold_gain":0.0,"event_name":"Big Fish","player_choice":"Donut","floor":3.0,"gold_loss":0.0,"damage_taken":0.0},{"damage_healed":0.0,"max_hp_gain":0.0,"max_hp_loss":0.0,"gold_gain":0.0,"event_name":"Scrap Ooze","player_choice":"Success","floor":14.0,"gold_loss":0.0,"damage_taken":26.0,"relics_obtained":["Ancient Tea Set"]},{"damage_healed":0.0,"max_hp_gain":0.0,"max_hp_loss":0.0,"gold_gain":100.0,"event_name":"The Joust","player_choice":"Bet on Murderer","floor":19.0,"gold_loss":50.0,"damage_taken":0.0},{"damage_healed":0.0,"max_hp_gain":0.0,"max_hp_loss":0.0,"gold_gain":0.0,"event_name":"Vampires","player_choice":"Ignored","floor":28.0,"gold_loss":0.0,"damage_taken":0.0},{"damage_healed":0.0,"max_hp_gain":0.0,"max_hp_loss":0.0,"gold_gain":0.0,"event_name":"The Library","player_choice":"Read","floor":29.0,"gold_loss":0.0,"damage_taken":0.0,"cards_obtained":["Entrench"]},{"cards_removed":["Strike_R"],"damage_healed":0.0,"max_hp_gain":0.0,"max_hp_loss":0.0,"gold_gain":0.0,"event_name":"Designer","player_choice":"Upgrade and Remove","floor":30.0,"gold_loss":110.0,"damage_taken":0.0,"cards_upgraded":["Bash"]},{"damage_healed":0.0,"max_hp_gain":0.0,"max_hp_loss":0.0,"gold_gain":0.0,"event_name":"Tomb of Lord Red Mask","player_choice":"Ignored","floor":36.0,"gold_loss":0.0,"damage_taken":0.0},{"cards_removed":["Inflame"],"damage_healed":0.0,"max_hp_gain":0.0,"max_hp_loss":0.0,"gold_gain":0.0,"event_name":"Falling","player_choice":"Removed Power","floor":38.0,"gold_loss":0.0,"damage_taken":0.0},{"damage_healed":0.0,"max_hp_gain":0.0,"max_hp_loss":0.0,"gold_gain":0.0,"event_name":"SensoryStone","player_choice":"Memory 1","floor":45.0,"gold_loss":0.0,"damage_taken":0.0}],"is_beta":false,"boss_relics":[{"not_picked":["Busted Crown","Empty Cage"],"picked":"SlaversCollar"},{"not_picked":["Cursed Key","energizedSpire:SpiderWeb"],"picked":"energizedSpire:DeadBattery"}],"items_purged_floors":[12,22,39,47,54],"is_endless":false,"potions_floor_spawned":[1,5,11,20,27,31,37,41,42],"ascension_level":20}}