{"host":"y3h3n3f7seyagppx","time":1611772870,"event":{"mods":["AlwaysNeverKeys","BaseMod","Better Vampires","Colored Powertips","DeckTracker","Emptier Cage","Minty Spire (QoL Compilation)","Permanent Neow","Quick Restart","Rare Cards Sparkle","Relic Sorter","Relic Stats","StSLib","Transform Curses"],"gold_per_floor":[119,137,157,157,175,175,175,210,257,288,231,265,281,27,27,120,120,144,169,169,169,169,169,169],"floor_reached":23,"language":"ENG","playtime":1970,"items_purged":[],"score":418,"play_id":"a762c11f-c6b2-4206-9d13-3f458add4717","local_time":"20210127134110","is_ascension_mode":true,"campfire_choices":[{"data":"Bash","floor":6,"key":"SMITH"},{"data":"Inflame","floor":15,"key":"SMITH"}],"circlet_count":0,"master_deck":["AscendersBane","Strike_R","Strike_R","Strike_R","Strike_R","Defend_R","Defend_R","Defend_R","Defend_R","Bash+1","Double Tap","Clothesline","Shrug It Off","Feel No Pain","Twin Strike","Reaper","Inflame+1","Barricade","Ghostly Armor","RitualDagger","Entrench"],"relics":["Burning Blood","Golden Idol","StrikeDummy","Lantern","Strawberry","Ginger","OrangePellets","Mark of Pain"],"acts_visited":["Exordium","TheCity"],"potions_floor_usage":[8,11,12,16,18,23],"damage_taken":[{"damage":19,"enemies":"Jaw Worm","floor":1,"turns":5},{"damage":7,"enemies":"Small Slimes","floor":2,"turns":4},{"damage":0,"enemies":"2 Louse","floor":3,"turns":4},{"damage":41,"enemies":"Exordium Thugs","floor":5,"turns":7},{"damage":10,"enemies":"3 Sentries","floor":8,"turns":16},{"damage":11,"enemies":"Gremlin Nob","floor":10,"turns":3},{"damage":10,"enemies":"Lagavulin","floor":12,"turns":6},{"damage":0,"enemies":"Large Slime","floor":13,"turns":2},{"damage":46,"enemies":"Hexaghost","floor":16,"turns":9},{"damage":38,"enemies":"3 Byrds","floor":18,"turns":7},{"damage":52,"enemies":"Shell Parasite","floor":19,"turns":7},{"damage":21,"enemies":"Slavers","floor":23,"turns":1}],"seed_played":"5892767519528450394","potions_obtained":[{"floor":2,"key":"Block Potion"},{"floor":5,"key":"Fruit Juice"},{"floor":8,"key":"SpeedPotion"},{"floor":12,"key":"SteroidPotion"},{"floor":16,"key":"DuplicationPotion"}],"is_trial":false,"path_per_floor":["M","M","M","?","M","R","?","E","T","E","$","E","M","$","R","B",null,"M","M","?","?","?","E"],"character_chosen":"IRONCLAD","items_purchased":["Block Potion","OrangePellets","Inflame"],"campfire_rested":0,"item_purchase_floors":[11,14,14],"current_hp_per_floor":[55,54,60,60,25,25,25,21,21,23,28,24,30,30,30,10,63,62,26,20,20,20,0,0],"gold":169,"neow_bonus":"TRANSFORM_CARD","is_daily":false,"chose_seed":false,"campfire_upgraded":2,"win_rate":0.0,"timestamp":1611772870,"path_taken":["M","M","M","?","M","R","?","E","T","E","?","E","M","$","R","BOSS","M","M","?","?","?","E"],"items_purchased_type":["Potion","Relic","Card"],"build_version":"2020-12-22","purchased_purges":0,"victory":false,"max_hp_per_floor":[75,75,75,75,75,75,68,68,68,75,80,80,80,80,80,80,80,80,80,80,80,80,80,80],"relic_stats":{"OrangePellets":[2],"counters":[12,71],"Golden Idol":52,"Ginger":[4],"obtain_stats":[{"OrangePellets":14,"Lantern":9,"Golden Idol":7,"Strawberry":10,"Mark of Pain":17,"Ginger":12,"StrikeDummy":8,"Burning Blood":0},{"OrangePellets":8,"Lantern":5,"Golden Idol":4,"Strawberry":6,"Mark of Pain":9,"Ginger":7,"StrikeDummy":5,"Burning Blood":0},{"OrangePellets":47,"Lantern":36,"Golden Idol":20,"Strawberry":39,"Mark of Pain":56,"Ginger":45,"StrikeDummy":36,"Burning Blood":0}],"Burning Blood":66},"card_choices":[{"not_picked":["Heavy Blade","Second Wind"],"picked":"Clothesline","floor":1},{"not_picked":["Havoc","Pommel Strike"],"picked":"Shrug It Off","floor":2},{"not_picked":["Burning Pact","Heavy Blade","Body Slam"],"picked":"SKIP","floor":3},{"not_picked":["Burning Pact","Heavy Blade","Body Slam"],"picked":"SKIP","floor":3},{"not_picked":["Clash","Burning Pact"],"picked":"Feel No Pain","floor":5},{"not_picked":["Intimidate","Burning Pact"],"picked":"Twin Strike","floor":8},{"not_picked":["Thunderclap","Dual Wield","Infernal Blade"],"picked":"SKIP","floor":10},{"not_picked":["Rupture","Wild Strike"],"picked":"Reaper","floor":12},{"not_picked":["Body Slam","Havoc","Warcry"],"picked":"SKIP","floor":13},{"not_picked":["Double Tap","Brutality"],"picked":"Barricade","floor":16},{"not_picked":["Body Slam","Clothesline+1"],"picked":"Ghostly Armor","floor":18},{"not_picked":["Headbutt","Ghostly Armor","Uppercut"],"picked":"SKIP","floor":19}],"player_experience":21655054,"relics_obtained":[{"floor":8,"key":"StrikeDummy"},{"floor":9,"key":"Lantern"},{"floor":10,"key":"Strawberry"},{"floor":12,"key":"Ginger"}],"event_choices":[{"damage_healed":0,"gold_gain":0,"player_choice":"Ignored","damage_taken":0,"max_hp_gain":0,"max_hp_loss":0,"event_name":"Liars Game","floor":4,"gold_loss":0},{"damage_healed":0,"gold_gain":0,"player_choice":"Lose Max HP","damage_taken":0,"relics_obtained":["Golden Idol"],"max_hp_gain":0,"max_hp_loss":7,"event_name":"Golden Idol","floor":7,"gold_loss":0},{"damage_healed":0,"gold_gain":0,"player_choice":"Joined the Cult","damage_taken":6,"max_hp_gain":0,"max_hp_loss":0,"event_name":"Nest","floor":20,"gold_loss":0,"cards_obtained":["RitualDagger"]},{"damage_healed":0,"gold_gain":0,"player_choice":"Ignored","damage_taken":0,"max_hp_gain":0,"max_hp_loss":0,"event_name":"The Mausoleum","floor":21,"gold_loss":0},{"damage_healed":0,"gold_gain":0,"player_choice":"Read","damage_taken":0,"max_hp_gain":0,"max_hp_loss":0,"event_name":"The Library","floor":22,"gold_loss":0,"cards_obtained":["Entrench"]}],"is_beta":false,"boss_relics":[{"not_picked":["Velvet Choker","Empty Cage"],"picked":"Mark of Pain"}],"items_purged_floors":[],"is_endless":false,"potions_floor_spawned":[2,5,8,12,16],"killed_by":"Slavers","ascension_level":20}}