{"host":"agbyy69nq62afhwx","time":1611777451,"event":{"mods":["BaseMod","Colored Map","DeckTracker","Highlight Path","Keyboard Shortcuts","Minty Spire (QoL Compilation)","Quick Restart","StSLib","SuperFastMode","everything is the same but u backflip on backflip"],"gold_per_floor":[115,31,49,49,63,88,88,104,104,29,29,29,45,61,61,136,136,152,152,168,185,219,219,231,241,268,168,178,178,158,168,168,246,246,261,261,13,26,26,26,36,49,49,77,87,116,116,116,116,116],"floor_reached":51,"language":"KOR","playtime":1633,"items_purged":["Strike_P","Strike_P"],"score":1420,"play_id":"5bf69924-6ab8-43d8-83ed-67b68a4f5086","local_time":"20210128045731","is_ascension_mode":true,"campfire_choices":[{"data":"Eruption","floor":7.0,"key":"SMITH"},{"data":"ConjureBlade","floor":12.0,"key":"SMITH"},{"floor":15.0,"key":"REST"},{"floor":23.0,"key":"REST"},{"data":"Ghostly","floor":32.0,"key":"SMITH"},{"data":"Ghostly","floor":40.0,"key":"SMITH"},{"data":"Ghostly","floor":47,"key":"SMITH"},{"data":"Vault","floor":49,"key":"SMITH"}],"circlet_count":0,"master_deck":["AscendersBane","Strike_P+1","Defend_P","Defend_P","Defend_P","Eruption+1","Vigilance","Pray","Adaptation+1","EmptyFist","ConjureBlade+1","Prostrate","Scrawl","Consecrate+1","Indignation","FlurryOfBlows","Prostrate+1","Adaptation+1","SpiritShield","Ghostly+1","Ghostly+1","Ghostly+1","Vault+1","WheelKick"],"relics":["PureWater","TungstenRod","Sundial","InkBottle","Runic Pyramid","Red Mask","Bag of Preparation","Philosopher\u0027s Stone","Whetstone","Dream Catcher","Mercury Hourglass","Singing Bowl"],"acts_visited":["Exordium","TheCity","TheBeyond"],"potions_floor_usage":[],"damage_taken":[{"damage":1.0,"enemies":"Cultist","floor":1.0,"turns":3.0},{"damage":3.0,"enemies":"2 Louse","floor":3.0,"turns":5.0},{"damage":1.0,"enemies":"Jaw Worm","floor":5.0,"turns":4.0},{"damage":26.0,"enemies":"Gremlin Nob","floor":6.0,"turns":4.0},{"damage":9.0,"enemies":"Gremlin Gang","floor":8.0,"turns":5.0},{"damage":0.0,"enemies":"Looter","floor":13.0,"turns":3.0},{"damage":18.0,"enemies":"Exordium Wildlife","floor":14.0,"turns":4.0},{"damage":6.0,"enemies":"Hexaghost","floor":16.0,"turns":7.0},{"damage":10.0,"enemies":"2 Thieves","floor":18.0,"turns":4.0},{"damage":0.0,"enemies":"3 Byrds","floor":20.0,"turns":3.0},{"damage":10.0,"enemies":"Shelled Parasite and Fungi","floor":21.0,"turns":2.0},{"damage":12.0,"enemies":"Masked Bandits","floor":22.0,"turns":3.0},{"damage":5.0,"enemies":"3 Cultists","floor":24.0,"turns":4.0},{"damage":19.0,"enemies":"Centurion and Healer","floor":25.0,"turns":3.0},{"damage":3.0,"enemies":"Shelled Parasite and Fungi","floor":28.0,"turns":3.0},{"damage":0.0,"enemies":"Snake Plant","floor":31.0,"turns":4.0},{"damage":2.0,"enemies":"Automaton","floor":33.0,"turns":7.0},{"damage":0.0,"enemies":"3 Darklings","floor":35.0,"turns":4.0},{"damage":0.0,"enemies":"3 Shapes","floor":38.0,"turns":5.0},{"damage":0.0,"enemies":"Sphere and 2 Shapes","floor":41.0,"turns":4.0},{"damage":0.0,"enemies":"3 Darklings","floor":42.0,"turns":4.0},{"damage":0.0,"enemies":"Nemesis","floor":44.0,"turns":6.0},{"damage":0.0,"enemies":"Writhing Mass","floor":45.0,"turns":6.0},{"damage":0,"enemies":"Giant Head","floor":46,"turns":6},{"damage":0,"enemies":"Donu and Deca","floor":50,"turns":8}],"seed_played":"5614866919039655944","potions_obtained":[{"floor":1.0,"key":"LiquidMemories"},{"floor":14.0,"key":"SteroidPotion"},{"floor":16.0,"key":"CultistPotion"},{"floor":30.0,"key":"AttackPotion"}],"is_trial":false,"path_per_floor":["M","$","M","?","M","E","R","M","T","$","?","R","M","M","R","B",null,"M","?","M","M","?","R","M","M","T","$","M","?","?","M","R","B",null,"M","?","$","M","$","R","M","M","T","E","M","E","R","?","R","B",null],"character_chosen":"WATCHER","items_purchased":["Adaptation","WheelKick","Whetstone"],"campfire_rested":2,"item_purchase_floors":[2,37,37],"current_hp_per_floor":[60,60,57,57,56,30,30,21,21,21,21,21,21,3,21,15,50,40,40,40,30,18,36,31,12,12,12,9,9,9,9,9,7,25,25,25,25,25,25,25,25,25,25,25,25,27,27,27,27,27],"gold":116,"neow_bonus":"ONE_RARE_RELIC","is_daily":false,"chose_seed":false,"campfire_upgraded":6,"win_rate":0.0,"timestamp":1611777451,"path_taken":["M","?","M","?","M","E","R","M","T","$","?","R","?","M","R","BOSS","M","?","M","M","?","R","M","M","T","?","M","?","?","?","R","BOSS","M","?","$","M","?","R","M","M","T","E","?","E","R","?","R","BOSS"],"items_purchased_type":["Card","Card","Relic"],"build_version":"2020-12-22","purchased_purges":2,"victory":true,"max_hp_per_floor":[62,62,62,62,62,62,62,62,62,62,62,62,62,62,62,62,62,62,62,62,62,62,62,62,62,62,62,62,31,31,31,31,31,31,31,31,31,31,31,31,31,31,31,31,31,33,33,33,33,33],"card_choices":[{"not_picked":["EmptyBody","Evaluate"],"picked":"Pray","floor":1.0},{"not_picked":["FlyingSleeves","SashWhip","Worship"],"picked":"SKIP","floor":3.0},{"not_picked":["Wireheading","Protect"],"picked":"EmptyFist","floor":5.0},{"not_picked":["ClearTheMind","Pray"],"picked":"ConjureBlade","floor":6.0},{"not_picked":["ThirdEye","PathToVictory"],"picked":"Prostrate","floor":8.0},{"not_picked":["Sanctity","EmptyFist","ClearTheMind"],"picked":"SKIP","floor":13.0},{"not_picked":["FlurryOfBlows","Prostrate","DeceiveReality"],"picked":"SKIP","floor":14.0},{"not_picked":["Omniscience","LessonLearned"],"picked":"Scrawl","floor":16.0},{"not_picked":["Evaluate","Conclude"],"picked":"Consecrate+1","floor":18.0},{"not_picked":["BowlingBash","Nirvana"],"picked":"Prostrate+1","floor":20.0},{"not_picked":["SandsOfTime","JustLucky","CrushJoints"],"picked":"SKIP","floor":21.0},{"not_picked":["FollowUp","EmptyFist"],"picked":"Adaptation+1","floor":24.0},{"not_picked":["Crescendo","WreathOfFlame"],"picked":"SpiritShield","floor":25.0},{"not_picked":["JustLucky","Consecrate"],"picked":"TalkToTheHand","floor":28.0},{"not_picked":["BowlingBash+1","Prostrate","JustLucky"],"picked":"SKIP","floor":31.0},{"not_picked":["DevaForm","Judgement"],"picked":"Vault","floor":33.0},{"not_picked":["BowlingBash","FlyingSleeves","Prostrate"],"picked":"SKIP","floor":35.0},{"not_picked":["Collect","EmptyFist+1","FlyingSleeves"],"picked":"SKIP","floor":38.0},{"not_picked":["Evaluate","BowlingBash","PathToVictory"],"picked":"SKIP","floor":41.0},{"not_picked":["Protect+1","Fasting2","Nirvana"],"picked":"SKIP","floor":42.0},{"not_picked":["Ragnarok","BowlingBash","ForeignInfluence"],"picked":"SKIP","floor":44.0},{"not_picked":["FlurryOfBlows","Swivel+1","WindmillStrike"],"picked":"SKIP","floor":45.0},{"not_picked":["JustLucky","ForeignInfluence","WindmillStrike"],"picked":"Singing Bowl","floor":46}],"player_experience":487020,"relics_obtained":[{"floor":6.0,"key":"Sundial"},{"floor":9.0,"key":"InkBottle"},{"floor":22.0,"key":"Red Mask"},{"floor":26.0,"key":"Bag of Preparation"},{"floor":43.0,"key":"Dream Catcher"},{"floor":44.0,"key":"Mercury Hourglass"},{"floor":46,"key":"Singing Bowl"}],"event_choices":[{"damage_healed":0.0,"max_hp_gain":0.0,"max_hp_loss":0.0,"gold_gain":0.0,"event_name":"Liars Game","player_choice":"Ignored","floor":4.0,"gold_loss":0.0,"damage_taken":0.0},{"damage_healed":0.0,"max_hp_gain":0.0,"max_hp_loss":0.0,"gold_gain":0.0,"event_name":"Accursed Blacksmith","player_choice":"Forge","floor":11.0,"gold_loss":0.0,"damage_taken":0.0,"cards_upgraded":["Adaptation"]},{"damage_healed":0.0,"max_hp_gain":0.0,"max_hp_loss":0.0,"gold_gain":0.0,"cards_transformed":["Strike_P","Defend_P"],"event_name":"Drug Dealer","player_choice":"Became Test Subject","floor":19.0,"gold_loss":0.0,"damage_taken":0.0,"cards_obtained":["Indignation","FlurryOfBlows"]},{"damage_healed":0.0,"max_hp_gain":0.0,"max_hp_loss":0.0,"gold_gain":0.0,"event_name":"Masked Bandits","player_choice":"Fought Bandits","floor":22.0,"gold_loss":0.0,"damage_taken":0.0},{"damage_healed":0.0,"max_hp_gain":0.0,"max_hp_loss":31.0,"gold_gain":0.0,"event_name":"Ghosts","player_choice":"Became a Ghost","floor":29.0,"gold_loss":0.0,"damage_taken":0.0,"cards_obtained":["Ghostly","Ghostly","Ghostly"]},{"damage_healed":0.0,"max_hp_gain":0.0,"max_hp_loss":0.0,"gold_gain":0.0,"event_name":"The Woman in Blue","player_choice":"Bought 1 Potion","floor":30.0,"gold_loss":0.0,"damage_taken":0.0},{"damage_healed":0.0,"max_hp_gain":0.0,"max_hp_loss":0.0,"gold_gain":0.0,"event_name":"SecretPortal","player_choice":"Ignored","floor":36.0,"gold_loss":0.0,"damage_taken":0.0},{"cards_removed":["TalkToTheHand"],"damage_healed":0,"gold_gain":0,"player_choice":"Removed Attack","damage_taken":0,"max_hp_gain":0,"max_hp_loss":0,"event_name":"Falling","floor":48,"gold_loss":0}],"is_beta":false,"boss_relics":[{"not_picked":["SlaversCollar","Fusion Hammer"],"picked":"Runic Pyramid"},{"not_picked":["Empty Cage","Astrolabe"],"picked":"Philosopher\u0027s Stone"}],"items_purged_floors":[10,27],"is_endless":false,"potions_floor_spawned":[1,14,16,20,21,22,45,46],"ascension_level":16}}