{"host":"rih3m63woujmecfd","time":1611732914,"event":{"mods":["BaseMod","Colored Powertips","Conspire","Energized Spire","KinomotoSakuraMod(Ä¾Ö®±¾Ó£)","KomeijiMod","Marisa£¨ìFÓê¡¡Ä§ÀíÉ³£©","Minty Spire (QoL Compilation)","Reimu£¨²©ÀöÁéÃÎ£©","Relic Stats","Remilia£¨ÀÙÃ×ÀòÑÇ£©","Replay The Spire","RumiaBox-Â¶Ã×æ«µÄÉñÃØºÐ×Ó","Shop Mod","Spicy Shops","StSLib","The Hierophant","The Senshi","The Servant 0.9.4","Waifu the Spire","Youmu£¨»êÆÇÑýÃÎ£©","Yuyuko","[IsaacMod]ÒÔÈö¼âËþ"],"gold_per_floor":[109,127,139,153,168,201,201,201],"floor_reached":7,"language":"ZHS","playtime":692,"items_purged":[],"score":55,"play_id":"8d1b9c5c-3780-461b-aac8-a336ba7cea33","local_time":"20210127153514","daily_mods":["Heirloom","Time Dilation","Flight","Elite Swarm","Lethality"],"is_ascension_mode":false,"campfire_choices":[],"circlet_count":0,"master_deck":["theSenshi:SailorKick","theSenshi:SailorKick","theSenshi:SailorKick","theSenshi:SailorKick","theSenshi:SailorBlock","theSenshi:SailorBlock","theSenshi:SailorBlock","theSenshi:SailorBlock","theSenshi:RoseThrow","theSenshi:MoonPrismPowerMakeUp","theSenshi:StudyParty","theSenshi:LunasBite","theSenshi:LunasBite+1"],"relics":["theSenshi:TransformationBroochRelic","HushsDoor","Void","AddBug","SecretRecord","Baka2","SecretRecord"],"acts_visited":["Exordium"],"potions_floor_usage":[],"damage_taken":[{"damage":2,"enemies":"Jaw Worm","floor":1,"turns":2},{"damage":0,"enemies":"Small Slimes","floor":2,"turns":2},{"damage":10,"enemies":"2 Louse","floor":3,"turns":2},{"damage":6,"enemies":"2 Fungi Beasts","floor":4,"turns":3},{"damage":0,"enemies":"Large Slime","floor":5,"turns":2},{"damage":17,"enemies":"Gremlin Nob","floor":6,"turns":3},{"damage":53,"enemies":"3 Sentries","floor":7,"turns":4}],"seed_played":"-3640476706123011758","potions_obtained":[{"floor":1,"key":"FairyPotion"},{"floor":2,"key":"ZuzhouPotion:ReiMu"},{"floor":3,"key":"SteroidPotion"}],"is_trial":true,"path_per_floor":["M","M","M","M","M","E","E"],"character_chosen":"THE_SENSHI","items_purchased":[],"campfire_rested":0,"item_purchase_floors":[],"current_hp_per_floor":[73,73,63,57,57,40,10,10],"gold":201,"neow_bonus":"","is_daily":false,"chose_seed":false,"campfire_upgraded":0,"win_rate":0.0,"timestamp":1611732914,"path_taken":["M","M","M","M","M","E","E"],"items_purchased_type":[],"build_version":"2020-12-22","purchased_purges":0,"victory":false,"max_hp_per_floor":[75,75,75,75,75,75,75,75],"relic_stats":{"counters":[7,18],"obtain_stats":[{"KeepersGift":0,"Damocles":0,"Baka2":2,"theSenshi:TransformationBroochRelic":0,"AddBug":1,"SecretRecord":1,"Baka":1,"Void":0,"HushsDoor":0},{"KeepersGift":0,"Damocles":0,"Baka2":2,"theSenshi:TransformationBroochRelic":0,"AddBug":1,"SecretRecord":1,"Baka":1,"Void":0,"HushsDoor":0},{"KeepersGift":0,"Damocles":0,"Baka2":4,"theSenshi:TransformationBroochRelic":0,"AddBug":2,"SecretRecord":2,"Baka":2,"Void":0,"HushsDoor":0}]},"card_choices":[{"not_picked":["theSenshi:PlutosSolemnity","theSenshi:EncouragingSpeech"],"picked":"Bomb","floor":1},{"not_picked":["theSenshi:EncouragingSpeech","theSenshi:MoonPrincessHalation"],"picked":"Bomb","floor":2},{"not_picked":["theSenshi:SailorMarsAssists","theSenshi:SailorVenusAssists"],"picked":"theSenshi:StudyParty","floor":3},{"not_picked":["theSenshi:SailorUranusAssists","theSenshi:SailorChibiMoonAssists","theSenshi:TallSilhouette"],"picked":"SKIP","floor":4},{"not_picked":["theSenshi:SailorUranusAssists","theSenshi:SailorChibiMoonAssists","theSenshi:TallSilhouette"],"picked":"SKIP","floor":4},{"not_picked":["theSenshi:EncouragingSpeech","theSenshi:MoonsReflection"],"picked":"theSenshi:LunasBite","floor":5},{"not_picked":["theSenshi:ChibiMoonsLove","theSenshi:FatedKiss","theSenshi:LunaSensingAllies"],"picked":"SKIP","floor":6}],"player_experience":143652,"relics_obtained":[{"floor":1,"key":"AddBug"},{"floor":1,"key":"Baka"},{"floor":2,"key":"Baka2"},{"floor":4,"key":"SecretRecord"},{"floor":6,"key":"HowToJump"}],"event_choices":[],"is_beta":false,"boss_relics":[],"items_purged_floors":[],"is_endless":true,"potions_floor_spawned":[1,2,3],"killed_by":"3 Sentries","ascension_level":0}}