{"host":"cyiefo55v5hz1ih5","time":1611727075,"event":{"mods":["2.2 Compatiblity","AchievementEnabler","BaseMod","Downfall","GifTheSpireLib","Hubris","Minty Spire (QoL Compilation)","Replay The Spire","Spicy Shops","StSLib"],"gold_per_floor":[99,112,131,131,131,144,144,144,155,166,166,181,199,210,224,322,322,122,136,46,61,77,62,115,145,163,178,195,211,222,222,238,341,341,241,260,285,295,295,311,338,353,353,371,371,114,133,133,148,148,148,148],"floor_reached":50,"language":"ENG","playtime":5655,"items_purged":["bronze:Strike","bronze:Strike"],"score":520,"play_id":"01484c48-d8b7-4134-9e96-4954f15bdbf4","local_time":"20210127005755","is_ascension_mode":false,"campfire_choices":[{"floor":1,"key":"RECALL"},{"data":"bronze:Goto","floor":11,"key":"SMITH"},{"data":"bronze:MaxOutput","floor":18,"key":"SMITH"},{"data":"bronze:Mutator","floor":35,"key":"SMITH"},{"data":"bronze:Flail","floor":45,"key":"SMITH"}],"circlet_count":0,"master_deck":["bronze:Defend","bronze:Defend","bronze:Defend","bronze:Defend","bronze:Replicate","bronze:Goto+1","bronze:HardenedForm","bronze:Iterate","bronze:Branch","bronze:ChildClass","bronze:MaxOutput+1","bronze:InfiniteLoop","bronze:Flail+1","bronze:BronzeOrb","bronze:ForceShield","bronze:Optimize","Ghostly","Ghostly","Ghostly","Ghostly","Ghostly","bronze:Mutator+1","bronze:Shield+1","Ghostly","bronze:Terminator+1","Replay:SS_forest_2","ReplayUltimateDefense","Pot Of Greed","Pot Of Greed","Pot Of Greed","bronze:ItsAFeature"],"relics":["bronze:BronzeCore","Painkiller Herb","downfall:HeartBlessingRed","downfall:HeartBlessingBlue","ReplayTheSpireMod:Lightbulb","Art of War","hubris:Backtick","Burning Blood","downfall:HeartBlessingGreen","hubris:BundleOfHerbs","Gambling Chip","Boot","Grinning Jar","hubris:PeanutButter"],"acts_visited":["Exordium","TheCity","TheBeyond"],"potions_floor_usage":[16,16,16,27,33,33,46],"damage_taken":[{"damage":4,"enemies":"Jaw Worm","floor":2,"turns":4},{"damage":12,"enemies":"Small Slimes","floor":3,"turns":3},{"damage":0,"enemies":"Cultist","floor":6,"turns":3},{"damage":1,"enemies":"3 Louse","floor":9,"turns":4},{"damage":8,"enemies":"Exordium Thugs","floor":10,"turns":3},{"damage":0,"enemies":"2 Fungi Beasts","floor":12,"turns":4},{"damage":10,"enemies":"Exordium Wildlife","floor":13,"turns":5},{"damage":3,"enemies":"Exordium Thugs","floor":14,"turns":3},{"damage":1,"enemies":"2 Fungi Beasts","floor":15,"turns":3},{"damage":17,"enemies":"SI_SHIV_ARCHETYPE","floor":16,"turns":8},{"damage":0,"enemies":"Chosen","floor":19,"turns":3},{"damage":0,"enemies":"downfall:FleeingMerchant","floor":20,"turns":4},{"damage":1,"enemies":"Shell Parasite","floor":21,"turns":3},{"damage":1,"enemies":"Centurion and Healer","floor":22,"turns":3},{"damage":6,"enemies":"downfall:FleeingMerchant","floor":23,"turns":4},{"damage":9,"enemies":"Book of Stabbing","floor":25,"turns":4},{"damage":3,"enemies":"Snecko","floor":26,"turns":4},{"damage":3,"enemies":"Snake Plant","floor":27,"turns":4},{"damage":1,"enemies":"3 Cultists","floor":28,"turns":4},{"damage":0,"enemies":"Centurion and Healer","floor":29,"turns":3},{"damage":7,"enemies":"Snecko","floor":30,"turns":3},{"damage":0,"enemies":"3 Cultists","floor":32,"turns":4},{"damage":40,"enemies":"DF_ARCHETYPE_CLAW","floor":33,"turns":12},{"damage":14,"enemies":"3 Shapes","floor":36,"turns":5},{"damage":0,"enemies":"Orb Walker","floor":38,"turns":5},{"damage":3,"enemies":"Spire Growth","floor":40,"turns":5},{"damage":0,"enemies":"Maw","floor":42,"turns":7},{"damage":2,"enemies":"Jaw Worm Horde","floor":44,"turns":5},{"damage":0,"enemies":"downfall:FleeingMerchant","floor":46,"turns":3},{"damage":1,"enemies":"4 Shapes","floor":47,"turns":6},{"damage":0,"enemies":"Spire Growth","floor":49,"turns":5},{"damage":0,"enemies":"IC_BLOCK_ARCHETYPE","floor":50,"turns":8}],"seed_played":"-5202410143528177983","potions_obtained":[{"floor":2,"key":"SneckoOil"},{"floor":9,"key":"FearPotion"},{"floor":10,"key":"SkillPotion"},{"floor":12,"key":"CultistPotion"},{"floor":22,"key":"GamblersBrew"},{"floor":25,"key":"LifebloodPotion"},{"floor":26,"key":"Venom Potion"},{"floor":27,"key":"GamblersBrew"},{"floor":30,"key":"LiquidMemories"},{"floor":36,"key":"Languid Potion"},{"floor":38,"key":"Elixir"}],"is_trial":false,"path_per_floor":["R","M","M","?","?","M","T","?","M","M","R","M","M","M","M","B",null,"T","?","T","?","?","T","T","E","?","?","?","?","?","?","?","B",null,"T","?","?","?","T","?","T","?","?","?","T","T","?","?","?","B"],"character_chosen":"THE_AUTOMATON","items_purchased":["Replay:SS_forest_2","ReplayUltimateDefense","Grinning Jar"],"campfire_rested":0,"item_purchase_floors":[46,46,46],"current_hp_per_floor":[70,66,54,54,54,54,54,59,58,50,50,50,40,37,36,19,75,85,85,85,84,83,77,77,68,65,62,61,61,54,42,42,2,42,42,34,24,30,30,33,33,39,39,42,42,42,42,42,42,42,42,42],"gold":148,"neow_bonus":"ONE_RANDOM_RARE_CARD","is_daily":false,"chose_seed":false,"campfire_upgraded":4,"win_rate":0.0,"timestamp":1611727075,"path_taken":["R","M","M","?","?","?","T","?","M","M","R","M","M","M","M","BOSS","T","?","T","?","?","T","T","E","?","?","?","?","?","?","?","BOSS","T","?","?","?","?","?","T","?","?","?","T","T","?","?","?","BOSS"],"items_purchased_type":["Card","Card","Relic"],"build_version":"2020-12-22","purchased_purges":2,"victory":false,"max_hp_per_floor":[70,70,70,70,70,70,70,75,75,75,75,75,75,75,75,75,75,85,85,85,85,85,85,85,85,85,85,85,85,85,42,42,42,42,42,42,42,42,42,42,42,42,42,42,42,42,42,42,42,42,42,42],"card_choices":[{"not_picked":["bronze:Terminator","bronze:Overheat"],"picked":"bronze:Iterate","floor":2},{"not_picked":["bronze:BugBarrage","bronze:FineTuning"],"picked":"bronze:Branch","floor":3},{"not_picked":["bronze:OilSpill","bronze:Branch","bronze:Constructor"],"picked":"SKIP","floor":6},{"not_picked":["bronze:WildBeam","bronze:Repulsor"],"picked":"bronze:ChildClass","floor":9},{"not_picked":["bronze:Deprecate","bronze:Branch","bronze:CutThrough"],"picked":"SKIP","floor":10},{"not_picked":["bronze:FineTuning","bronze:Philosophize","bronze:BugBarrage"],"picked":"SKIP","floor":12},{"not_picked":["bronze:Allocate","bronze:BugBarrage"],"picked":"bronze:MaxOutput","floor":13},{"not_picked":["bronze:Iterate","bronze:Branch","bronze:Separator"],"picked":"SKIP","floor":14},{"not_picked":["bronze:Constructor","bronze:CutThrough","bronze:Return"],"picked":"SKIP","floor":15},{"not_picked":["bronze:HardenedForm","bronze:FindAndReplace"],"picked":"bronze:InfiniteLoop","floor":16},{"not_picked":["bronze:WhirlingStrike","bronze:Deprecate"],"picked":"bronze:Flail","floor":19},{"not_picked":["bronze:Iterate+1","bronze:HyperBeam","bronze:Shield"],"picked":"SKIP","floor":20},{"not_picked":["bronze:Turbo","bronze:WildBeam"],"picked":"bronze:BronzeOrb","floor":21},{"not_picked":["bronze:WhirlingStrike","bronze:OilSpill","bronze:Deprecate"],"picked":"SKIP","floor":22},{"not_picked":["bronze:FollowUp","bronze:Separator","bronze:ShipIt"],"picked":"SKIP","floor":23},{"not_picked":["bronze:CloningBeam","bronze:Shell","bronze:DelayedSlice"],"picked":"SKIP","floor":25},{"not_picked":["bronze:Overload","bronze:NullPointer","bronze:Repair"],"picked":"SKIP","floor":26},{"not_picked":["bronze:FollowUp","bronze:BugBarrage"],"picked":"bronze:ForceShield","floor":27},{"not_picked":["bronze:OilSpill","bronze:GetLatest+1","bronze:Return"],"picked":"SKIP","floor":28},{"not_picked":["bronze:Philosophize","bronze:Flail","bronze:Shield"],"picked":"SKIP","floor":29},{"not_picked":["bronze:CutThrough","bronze:BuggyMess"],"picked":"bronze:Optimize","floor":30},{"not_picked":["bronze:FineTuning+1","bronze:MaxOutput+1","bronze:Shield"],"picked":"SKIP","floor":32},{"not_picked":["bronze:RecursiveStrike","bronze:FindAndReplace"],"picked":"bronze:Mutator","floor":33},{"not_picked":["bronze:Deprecate+1","bronze:BugBarrage","bronze:BronzeArmor+1"],"picked":"SKIP","floor":36},{"not_picked":["bronze:Deprecate","bronze:BitShift+1"],"picked":"bronze:Shield+1","floor":37},{"not_picked":["bronze:FineTuning","bronze:Virus","bronze:Overheat"],"picked":"SKIP","floor":38},{"not_picked":["bronze:Turbo","bronze:Shell","bronze:Terminator+1"],"picked":"SKIP","floor":40},{"not_picked":["bronze:BuggyMess","bronze:Fortify","bronze:BronzeArmor"],"picked":"SKIP","floor":42},{"not_picked":["bronze:CloningBeam+1","bronze:Deprecate"],"picked":"bronze:Terminator+1","floor":44},{"not_picked":["bronze:DelayedSlice+1","bronze:ThunderWave","bronze:Iterate"],"picked":"SKIP","floor":46},{"not_picked":["bronze:Frontload+1","bronze:BuggyMess"],"picked":"bronze:ItsAFeature","floor":47},{"not_picked":["bronze:BuggyMess+1","bronze:Allocate+1","bronze:Shield+1"],"picked":"SKIP","floor":49}],"player_experience":792057,"relics_obtained":[{"floor":24,"key":"ReplayTheSpireMod:Lightbulb"},{"floor":25,"key":"Art of War"},{"floor":37,"key":"hubris:BundleOfHerbs"},{"floor":39,"key":"Gambling Chip"},{"floor":41,"key":"Boot"},{"floor":48,"key":"hubris:PeanutButter"}],"event_choices":[{"cards_removed":["bronze:Strike"],"damage_healed":0,"gold_gain":0,"player_choice":"Card Removal","damage_taken":0,"max_hp_gain":0,"max_hp_loss":0,"event_name":"Wheel of Change","floor":5,"gold_loss":0},{"damage_healed":0,"gold_gain":0,"player_choice":"Donut","damage_taken":0,"max_hp_gain":5,"max_hp_loss":0,"event_name":"Big Fish","floor":8,"gold_loss":0},{"damage_healed":0,"gold_gain":0,"player_choice":"Became a Ghost","damage_taken":0,"max_hp_gain":0,"max_hp_loss":43,"event_name":"Ghosts","floor":31,"gold_loss":0,"cards_obtained":["Ghostly","Ghostly","Ghostly","Ghostly","Ghostly"]}],"is_beta":false,"boss_relics":[{"not_picked":["bronze:PlatinumCore","Velvet Choker"],"picked":"Painkiller Herb"},{"not_picked":["Snecko Eye","SacredBark"],"picked":"hubris:Backtick"}],"items_purged_floors":[20,46],"is_endless":false,"potions_floor_spawned":[2,9,10,12,15,22,25,26,27,30,32,36,38,40],"killed_by":"IC_BLOCK_ARCHETYPE","ascension_level":0}}