{"host":"qy1e0kd24tpj3i2m","time":1611785323,"event":{"mods":["Act Like it!","Alarm Clock","BaseMod","Better Skull","Better Vampires","Colored Map","Colored Powertips","Custom Start","Faster Ascension Climbing","Friendly Minions","GifTheSpireLib","Gremlin Skip","Highlight Path","Minty Spire (QoL Compilation)","Permanent Neow","Poor People Problems","Quick Restart","Red Circlet Mod","Relic Filter Mod","Relic Sorter","Reorder Act Four","SacredBarkPlus","Shop Mod","StSLib","SuperFastMode","Transform Curses","没有小屋子和绿帽子啦"],"gold_per_floor":[116,116,41,41,41,68,68,97,97,97,142,162,162,172,172,251,251,271,282,282,282,207,236,236,236,284,294,313,40,40,65,65,139,139,156,169,180,180,192,192,211,211,211,211,211,257,257,257],"floor_reached":47,"language":"ZHS","playtime":1595,"items_purged":["Strike_R","Strike_R"],"score":1233,"play_id":"f21823fb-e7b7-4a44-92bf-1cb109d58945","local_time":"20210128070843","is_ascension_mode":true,"campfire_choices":[{"data":"Carnage","floor":7.0,"key":"SMITH"},{"data":"Whirlwind","floor":10.0,"key":"SMITH"},{"data":"Uppercut","floor":13.0,"key":"SMITH"},{"data":"Pommel Strike","floor":15.0,"key":"SMITH"},{"data":"Barricade","floor":24.0,"key":"SMITH"},{"floor":32.0,"key":"REST"},{"data":"Entrench","floor":40.0,"key":"SMITH"},{"data":"True Grit","floor":42,"key":"SMITH"},{"floor":44,"key":"RECALL"}],"circlet_count":0,"master_deck":["AscendersBane","Strike_R+1","Strike_R+1","Defend_R","Defend_R","Uppercut+1","Carnage+1","Whirlwind+1","Power Through","Pommel Strike+1","Juggernaut","Cleave+1","Body Slam+1","Barricade+1","Entrench+1","Rampage+1","Seeing Red","Juggernaut","Body Slam+1","True Grit+1","Madness","Madness"],"relics":["Burning Blood","NeowsBlessing","Ice Cream","Strawberry","Ornamental Fan","StoneCalendar","Mark of Pain","Whetstone","TheAbacus","Pear","Busted Crown","Centennial Puzzle","Dream Catcher"],"acts_visited":["Exordium","TheCity","TheBeyond"],"potions_floor_usage":[],"damage_taken":[{"damage":0.0,"enemies":"Jaw Worm","floor":1.0,"turns":1.0},{"damage":0.0,"enemies":"Gremlin Nob","floor":6.0,"turns":1.0},{"damage":0.0,"enemies":"3 Sentries","floor":8.0,"turns":2.0},{"damage":35.0,"enemies":"Lagavulin","floor":11.0,"turns":4.0},{"damage":0.0,"enemies":"2 Louse","floor":12.0,"turns":1.0},{"damage":0.0,"enemies":"Cultist","floor":14.0,"turns":2.0},{"damage":0.0,"enemies":"Slime Boss","floor":16.0,"turns":5.0},{"damage":13.0,"enemies":"Chosen","floor":18.0,"turns":4.0},{"damage":11.0,"enemies":"2 Thieves","floor":19.0,"turns":4.0},{"damage":41.0,"enemies":"Slavers","floor":23.0,"turns":4.0},{"damage":5.0,"enemies":"Centurion and Healer","floor":27.0,"turns":3.0},{"damage":27.0,"enemies":"Cultist and Chosen","floor":28.0,"turns":6.0},{"damage":0.0,"enemies":"Gremlin Leader","floor":31.0,"turns":6.0},{"damage":28.0,"enemies":"Collector","floor":33.0,"turns":7.0},{"damage":0.0,"enemies":"3 Darklings","floor":35.0,"turns":2.0},{"damage":4.0,"enemies":"3 Shapes","floor":36.0,"turns":5.0},{"damage":10.0,"enemies":"Transient","floor":37.0,"turns":6.0},{"damage":18.0,"enemies":"Sphere and 2 Shapes","floor":39.0,"turns":5.0},{"damage":35,"enemies":"Jaw Worm Horde","floor":41,"turns":4},{"damage":26,"enemies":"3 Darklings","floor":47,"turns":1}],"seed_played":"-8610100653085579210","potions_obtained":[{"floor":1.0,"key":"ColorlessPotion"},{"floor":12.0,"key":"BloodPotion"},{"floor":14.0,"key":"DistilledChaos"},{"floor":23.0,"key":"Energy Potion"},{"floor":25.0,"key":"ElixirPotion"},{"floor":28.0,"key":"Block Potion"},{"floor":33.0,"key":"Swift Potion"},{"floor":35.0,"key":"Dexterity Potion"},{"floor":37.0,"key":"Swift Potion"}],"is_trial":false,"path_per_floor":["M","?","?","$","?","E","R","E","T","R","E","M","R","M","R","B",null,"M","M","?","?","$","E","R","?","T","M","M","$","?","E","R","B",null,"M","M","M","?","M","R","M","R","T","R","?","T","M"],"character_chosen":"IRONCLAD","items_purchased":["TheAbacus"],"campfire_rested":1,"item_purchase_floors":[29],"current_hp_per_floor":[74,67,67,67,67,73,73,82,82,82,53,59,59,65,65,71,79,72,67,67,67,67,48,48,48,48,49,28,28,4,20,49,27,80,86,88,84,84,72,72,43,43,43,43,26,26,0,0],"gold":257,"neow_bonus":"THREE_ENEMY_KILL","is_daily":false,"chose_seed":false,"campfire_upgraded":7,"win_rate":0.0,"timestamp":1611785323,"path_taken":["M","?","?","$","?","E","R","E","T","R","E","M","R","M","R","BOSS","M","M","?","?","$","E","R","?","T","?","M","?","?","E","R","BOSS","M","M","M","?","M","R","?","R","T","R","?","?","?"],"items_purchased_type":["Relic"],"build_version":"2020-12-22","purchased_purges":2,"victory":false,"max_hp_per_floor":[75,75,75,75,75,75,75,82,82,82,82,82,82,82,82,82,82,82,82,82,82,82,82,82,82,82,82,82,82,87,97,97,97,97,97,97,97,97,97,97,97,97,97,97,97,97,97,97],"card_choices":[{"not_picked":["Body Slam","Perfected Strike"],"picked":"Uppercut","floor":1.0},{"not_picked":["Iron Wave","Cleave"],"picked":"Carnage","floor":6.0},{"not_picked":["Combust","Flex"],"picked":"Whirlwind","floor":8.0},{"not_picked":["Searing Blow","Flex","Heavy Blade"],"picked":"SKIP","floor":11.0},{"not_picked":["Armaments","Sentinel"],"picked":"Power Through","floor":12.0},{"not_picked":["Hemokinesis","Rampage"],"picked":"Pommel Strike","floor":14.0},{"not_picked":["Limit Break","Bludgeon"],"picked":"Juggernaut","floor":16.0},{"not_picked":["Twin Strike","Havoc"],"picked":"Cleave+1","floor":18.0},{"not_picked":["Anger","Armaments"],"picked":"Body Slam+1","floor":19.0},{"not_picked":["Sword Boomerang","Searing Blow"],"picked":"Barricade","floor":23.0},{"not_picked":["Heavy Blade","Disarm"],"picked":"Entrench","floor":27.0},{"not_picked":["Dual Wield","Searing Blow"],"picked":"Rampage+1","floor":28.0},{"not_picked":["Wild Strike","Headbutt"],"picked":"Seeing Red","floor":31.0},{"not_picked":["Double Tap","Bludgeon"],"picked":"Juggernaut","floor":33.0},{"not_picked":["Armaments+1"],"picked":"SKIP","floor":35.0},{"not_picked":["Searing Blow"],"picked":"SKIP","floor":36.0},{"not_picked":[],"picked":"Body Slam+1","floor":37.0},{"not_picked":["Body Slam"],"picked":"SKIP","floor":39.0},{"not_picked":[],"picked":"True Grit","floor":41}],"player_experience":959816,"relics_obtained":[{"floor":6.0,"key":"Ice Cream"},{"floor":8.0,"key":"Strawberry"},{"floor":9.0,"key":"Ornamental Fan"},{"floor":11.0,"key":"StoneCalendar"},{"floor":23.0,"key":"Whetstone"},{"floor":31.0,"key":"Pear"},{"floor":43,"key":"Centennial Puzzle"},{"floor":46,"key":"Dream Catcher"}],"event_choices":[{"cards_removed":["Bash"],"damage_healed":0.0,"max_hp_gain":0.0,"max_hp_loss":0.0,"gold_gain":0.0,"event_name":"Golden Wing","player_choice":"Card Removal","floor":2.0,"gold_loss":0.0,"damage_taken":7.0},{"cards_removed":["Defend_R"],"damage_healed":0.0,"max_hp_gain":0.0,"max_hp_loss":0.0,"gold_gain":0.0,"event_name":"The Cleric","player_choice":"Card Removal","floor":3.0,"gold_loss":75.0,"damage_taken":0.0},{"cards_removed":["Strike_R"],"damage_healed":0.0,"max_hp_gain":0.0,"max_hp_loss":0.0,"gold_gain":0.0,"event_name":"Bonfire Elementals","player_choice":"Offered Basic","floor":5.0,"gold_loss":0.0,"damage_taken":0.0},{"damage_healed":0.0,"max_hp_gain":0.0,"max_hp_loss":0.0,"gold_gain":0.0,"event_name":"Ghosts","player_choice":"Ignored","floor":20.0,"gold_loss":0.0,"damage_taken":0.0},{"damage_healed":0.0,"max_hp_gain":0.0,"max_hp_loss":0.0,"gold_gain":0.0,"event_name":"Vampires","player_choice":"Ignored","floor":21.0,"gold_loss":0.0,"damage_taken":0.0},{"damage_healed":0.0,"max_hp_gain":0.0,"max_hp_loss":0.0,"gold_gain":0.0,"event_name":"Lab","player_choice":"Got Potions","floor":25.0,"gold_loss":0.0,"damage_taken":0.0},{"damage_healed":0.0,"max_hp_gain":5.0,"max_hp_loss":0.0,"gold_gain":0.0,"event_name":"Forgotten Altar","player_choice":"Shed Blood","floor":30.0,"gold_loss":0.0,"damage_taken":29.0},{"cards_removed":["Defend_R"],"damage_healed":0.0,"max_hp_gain":0.0,"max_hp_loss":0.0,"gold_gain":0.0,"event_name":"Purifier","player_choice":"Purged","floor":38.0,"gold_loss":0.0,"damage_taken":0.0},{"damage_healed":0,"gold_gain":0,"player_choice":"Embrace Madness","damage_taken":17,"max_hp_gain":0,"max_hp_loss":0,"event_name":"Winding Halls","floor":45,"gold_loss":0,"cards_obtained":["Madness","Madness"]}],"is_beta":false,"boss_relics":[{"not_picked":["Philosopher\u0027s Stone","Velvet Choker"],"picked":"Mark of Pain"},{"not_picked":["Black Blood","Fusion Hammer"],"picked":"Busted Crown"}],"items_purged_floors":[22,29],"is_endless":false,"potions_floor_spawned":[1,12,14,23,28,33,35,37],"killed_by":"3 Darklings","ascension_level":20}}