{"host":"6he3f0ic6yesrium","time":1611706982,"event":{"mods":["BaseMod","Better Altar","Better Match","Better Note","Better Sensory Stone","Better Skull","Better Third Choice","Colored Map","Conspire","Duelist Mod","Hermit","Hubris","Marisa????????","Mimic Mod","Minty Spire (QoL Compilation)","Replay The Spire","Shade Mod","Somnambulant","Spire Arcade","Spire Birthday Party","StSLib","The Alterego","The Disciple","The Forsaken","The Hierophant","The Mystic","The Necromancer","The Runesmith","The Servant 0.9.4","The Valiant","TheVacant"],"gold_per_floor":[107,108,134,153,168,168,168,168,168,184,184,184,213,211,211,252,252,249,249,59,59,59,59,49,49,74,74,74,71,71,71,71,66,66,132,132,132,132,57,55,28,28,24,24,42,63,63,56,56,53,53,33,33],"floor_reached":52,"language":"ENG","playtime":2015,"items_purged":["hierophant:Defend_Hierophant"],"score":709,"play_id":"cf115dae-a447-40bb-aaa7-4cd95b8b80aa","local_time":"20210126192302","is_ascension_mode":false,"campfire_choices":[{"data":"hierophant:Flagellation","floor":6.0,"key":"SMITH"},{"data":"hierophant:Smite","floor":8.0,"key":"SMITH"},{"floor":12.0,"key":"REST"},{"floor":15.0,"key":"REST"},{"data":"hierophant:Punish","floor":23,"key":"SMITH"},{"data":"hierophant:Smite","floor":25,"key":"SMITH"},{"data":"hierophant:MorningPrayer","floor":34,"key":"SMITH"},{"data":"hierophant:LocustPlague","floor":42,"key":"SMITH"},{"floor":44,"key":"REST"},{"data":"hierophant:Batter","floor":51,"key":"SMITH"}],"circlet_count":0,"master_deck":["hierophant:Strike_Hierophant","hierophant:Strike_Hierophant","hierophant:Strike_Hierophant","hierophant:Strike_Hierophant","hierophant:Punish+1","hierophant:Defend_Hierophant","hierophant:Defend_Hierophant","hierophant:Defend_Hierophant","hierophant:ChurchCoffers+1","hierophant:MorningPrayer+1","hierophant:Smite+1","hierophant:Flagellation+1","hierophant:LocustPlague+1","hierophant:PassingBell+1","hierophant:Batter+1","hierophant:Zeal+1","hierophant:Smite+1","hierophant:Exaltation+1","hierophant:Determination","hierophant:PristineSoul+1","hierophant:Upheaval"],"relics":["hierophant:PropheticMaskRelic","Gambling Chip","hubris:Towel","Thread and Needle","Centennial Puzzle","Eternal Feather","Regal Pillow","Sling","Tiny Chest","betterThird:NestCultRelic","Philosopher\u0027s Stone","ReplayTheSpireMod:Ninjato","Art of War","Winged Necklace","Juzu Bracelet"],"acts_visited":["Exordium","TheCity","TheBeyond"],"potions_floor_usage":[24,35,35,52,52,52],"damage_taken":[{"damage":8.0,"enemies":"Jaw Worm","floor":1.0,"turns":3.0},{"damage":1.0,"enemies":"conspire:RoseBush","floor":2.0,"turns":4.0},{"damage":9.0,"enemies":"conspire:MimicChest","floor":3.0,"turns":4.0},{"damage":0.0,"enemies":"Small Slimes","floor":4.0,"turns":2.0},{"damage":12.0,"enemies":"Blue Slaver","floor":5.0,"turns":2.0},{"damage":0.0,"enemies":"conspire:2 RoseBushes","floor":10.0,"turns":2.0},{"damage":0.0,"enemies":"Gremlin Nob","floor":13.0,"turns":1.0},{"damage":0.0,"enemies":"Exordium Wildlife","floor":14.0,"turns":1.0},{"damage":50.0,"enemies":"Fading Forest","floor":16.0,"turns":11.0},{"damage":1.0,"enemies":"Chosen","floor":18.0,"turns":3.0},{"damage":8,"enemies":"Shell Parasite","floor":19,"turns":2},{"damage":17,"enemies":"Snake Plant","floor":24,"turns":2},{"damage":0,"enemies":"3 Cultists","floor":29,"turns":2},{"damage":13,"enemies":"conspire:HollyBat","floor":33,"turns":4},{"damage":64,"enemies":"Pondfish","floor":35,"turns":8},{"damage":0,"enemies":"Orb Walker","floor":37,"turns":1},{"damage":0,"enemies":"3 Darklings","floor":40,"turns":1},{"damage":50,"enemies":"Transient","floor":41,"turns":5},{"damage":13,"enemies":"Spire Growth","floor":43,"turns":3},{"damage":1,"enemies":"3 Darklings","floor":45,"turns":3},{"damage":0,"enemies":"Nemesis","floor":46,"turns":1},{"damage":0,"enemies":"3 Darklings","floor":48,"turns":3},{"damage":0,"enemies":"Jaw Worm Horde","floor":50,"turns":2},{"damage":98,"enemies":"Replay:Hell Engine","floor":52,"turns":6}],"seed_played":"1534929108247153633","potions_obtained":[{"floor":1.0,"key":"AttackPotion"},{"floor":5.0,"key":"DuplicationPotion"},{"floor":14.0,"key":"conspire:TimeTravelPotion"},{"floor":16.0,"key":"Fruit Juice"},{"floor":19,"key":"Dexterity Potion"},{"floor":33,"key":"ColorlessPotion"},{"floor":43,"key":"Venom Potion"},{"floor":46,"key":"Adrenaline Potion"},{"floor":50,"key":"Ancient Potion"}],"is_trial":false,"path_per_floor":["M","M","?","M","M","R","?","R","T","M","?","R","E","M","R","B",null,"M","M","$","?","?","R","M","R","T","PTL","PTL","M","$","?","?","M","R","B",null,"M","T","$","M","M","R","M","R","MIM","E","$","M","$","M","R","B"],"character_chosen":"HIEROPHANT","items_purchased":["Sling","hierophant:Smite"],"campfire_rested":3,"item_purchase_floors":[20,20],"current_hp_per_floor":[74,73,64,64,52,52,52,52,52,52,6,36,36,36,82,49,87,86,78,78,78,78,87,87,87,87,87,87,87,87,87,87,74,83,19,87,87,87,87,87,37,49,36,87,86,86,86,87,87,87,87,0,0],"gold":33,"neow_bonus":"TEN_PERCENT_HP_BONUS","is_daily":false,"chose_seed":false,"campfire_upgraded":7,"win_rate":0.0,"timestamp":1611706982,"path_taken":["M","M","?","M","M","R","?","R","T","M","?","R","E","M","R","BOSS","M","M","$","?","?","R","M","R","T","PTL","PTL","M","$","?","?","?","R","BOSS","M","?","?","M","M","R","M","R","MIM","E","$","M","$","M","R","BOSS"],"items_purchased_type":["Relic","Card"],"build_version":"2020-12-22","purchased_purges":1,"victory":false,"max_hp_per_floor":[82,82,82,82,82,82,82,82,82,82,82,82,82,82,82,82,87,87,87,87,87,87,87,87,87,87,87,87,87,87,87,87,87,87,87,87,87,87,87,87,87,87,87,87,87,87,87,87,87,87,87,87,87],"card_choices":[{"not_picked":["hierophant:AuricShield","hierophant:AuricBeam"],"picked":"hierophant:MorningPrayer","floor":1.0},{"not_picked":["hierophant:HammerAndAnvil","hierophant:Glossolalia"],"picked":"hierophant:Smite","floor":2.0},{"not_picked":["hierophant:SealAway","hierophant:MorningPrayer"],"picked":"hierophant:Flagellation","floor":3.0},{"not_picked":["hierophant:Refuge","hierophant:DisplayOfPower"],"picked":"hierophant:LocustPlague","floor":4.0},{"not_picked":["hierophant:SecretStash","hierophant:Dazzle","hierophant:ThreeLashes"],"picked":"SKIP","floor":5.0},{"not_picked":["hierophant:Remorse","hierophant:Refuge","hierophant:Encroach"],"picked":"SKIP","floor":10.0},{"not_picked":["hierophant:BulkyChest","hierophant:Shelter","hierophant:MorningPrayer"],"picked":"SKIP","floor":13.0},{"not_picked":["hierophant:RecallFunds","hierophant:Purify"],"picked":"hierophant:PassingBell","floor":14.0},{"not_picked":["hierophant:Cornucopia","hierophant:DivineIntervention"],"picked":"hierophant:Batter","floor":16.0},{"not_picked":["hierophant:ArchangelShield+1","hierophant:AuricBeam+1"],"picked":"hierophant:Zeal+1","floor":18.0},{"not_picked":["hierophant:Dazzle","hierophant:Purify+1","hierophant:Zeal+1"],"picked":"SKIP","floor":19},{"not_picked":["hierophant:Alms","hierophant:AuricBeam+1","hierophant:Remorse"],"picked":"SKIP","floor":24},{"not_picked":["hierophant:Doomsaying+1","hierophant:AuricBeam","hierophant:Doubloon"],"picked":"SKIP","floor":29},{"not_picked":["hierophant:ThreeLashes","hierophant:Smite"],"picked":"hierophant:Exaltation+1","floor":33},{"not_picked":["hierophant:Anathema","hierophant:LocustPlague"],"picked":"hierophant:Determination","floor":35},{"not_picked":["hierophant:Glossolalia","hierophant:Sermon+1","hierophant:Kindle"],"picked":"SKIP","floor":37},{"not_picked":["hierophant:Alms+1","hierophant:Encroach+1","hierophant:OrnateBuckler"],"picked":"SKIP","floor":40},{"not_picked":["hierophant:Alms","hierophant:Purify"],"picked":"hierophant:PristineSoul+1","floor":41},{"not_picked":["hierophant:AuricBeam","hierophant:MintersHammer","hierophant:Embezzle"],"picked":"SKIP","floor":43},{"not_picked":["hierophant:DivineIntervention","hierophant:HammerAndAnvil","hierophant:Martyrdom"],"picked":"SKIP","floor":46},{"not_picked":["hierophant:Smite","hierophant:AuricBeam+1","hierophant:Remorse"],"picked":"SKIP","floor":48},{"not_picked":["hierophant:Bribe+1","hierophant:HammerAndAnvil"],"picked":"hierophant:Upheaval","floor":50}],"player_experience":374045,"relics_obtained":[{"floor":3.0,"key":"Gambling Chip"},{"floor":9.0,"key":"Thread and Needle"},{"floor":13.0,"key":"Regal Pillow"},{"floor":26,"key":"Tiny Chest"},{"floor":38,"key":"ReplayTheSpireMod:Ninjato"},{"floor":45,"key":"Art of War"},{"floor":45,"key":"Winged Necklace"},{"floor":46,"key":"Juzu Bracelet"}],"event_choices":[{"damage_healed":0.0,"max_hp_gain":0.0,"max_hp_loss":0.0,"gold_gain":1.0,"event_name":"betterThird:BetterScrap","player_choice":"Relic Relic ","floor":11.0,"gold_loss":0.0,"damage_taken":46.0,"cards_obtained":["Bouncing Flask"]},{"cards_removed":["hierophant:LocustPlague"],"damage_healed":0,"gold_gain":0,"player_choice":"Give","damage_taken":0,"max_hp_gain":0,"max_hp_loss":0,"event_name":"betterNote:BetterNote","floor":21,"gold_loss":0,"cards_obtained":["theForsaken:TheForsaken_Strike"]},{"damage_healed":0,"gold_gain":0,"player_choice":"Madness","damage_taken":0,"relics_obtained":["betterThird:NestCultRelic"],"max_hp_gain":0,"max_hp_loss":0,"event_name":"betterThird:BetterNest","floor":31,"gold_loss":0},{"damage_healed":0,"gold_gain":0,"player_choice":"Forge","damage_taken":0,"max_hp_gain":0,"max_hp_loss":0,"event_name":"Accursed Blacksmith","floor":32,"gold_loss":0,"cards_upgraded":["hierophant:PassingBell"]}],"is_beta":false,"boss_relics":[{"not_picked":["Ring of Chaos","Coffee Dripper","Sozu"]},{"not_picked":["conspire:SpecialSausage","Runic Pyramid"],"picked":"Philosopher\u0027s Stone"}],"items_purged_floors":[39],"is_endless":false,"potions_floor_spawned":[1,5,13,14,16,19,33,43,46,50],"killed_by":"Replay:Hell Engine","ascension_level":0}}