{"host":"5p9hybygolzp0efr","time":1611743565,"event":{"mods":["AchievementEnabler","BaseMod","Bestiary","Colored Map","Minty Spire (QoL Compilation)","Relic Stats"],"gold_per_floor":[111,40,56,30,46,46,71,71,139,156,170,170,170],"floor_reached":12,"language":"ENG","playtime":419,"items_purged":[],"score":104,"play_id":"296a08ed-f341-438f-be78-510e85f32702","local_time":"20210127183245","is_ascension_mode":true,"campfire_choices":[{"data":"Consecrate","floor":6,"key":"SMITH"},{"floor":8,"key":"REST"}],"circlet_count":0,"master_deck":["Strike_P","Strike_P","Strike_P","Strike_P","Defend_P","Defend_P","Defend_P","Defend_P","Eruption","Vigilance","EmptyMind","FlurryOfBlows","Consecrate+1","JustLucky","WaveOfTheHand","Halt","Pray"],"relics":["SlaversCollar","Damaru","Incense Burner","Question Card"],"acts_visited":["Exordium"],"potions_floor_usage":[7,11],"damage_taken":[{"damage":6,"enemies":"Small Slimes","floor":1,"turns":4},{"damage":2,"enemies":"Cultist","floor":3,"turns":4},{"damage":0,"enemies":"2 Louse","floor":5,"turns":1},{"damage":42,"enemies":"Lagavulin","floor":7,"turns":8},{"damage":0,"enemies":"Large Slime","floor":10,"turns":3},{"damage":16,"enemies":"Gremlin Gang","floor":11,"turns":2},{"damage":28,"enemies":"3 Sentries","floor":12,"turns":4}],"seed_played":"7306353073329621035","potions_obtained":[{"floor":1,"key":"BottledMiracle"},{"floor":10,"key":"DistilledChaos"}],"is_trial":false,"path_per_floor":["M","?","M","$","M","R","E","R","T","M","M","E"],"character_chosen":"WATCHER","items_purchased":["Consecrate"],"campfire_rested":1,"item_purchase_floors":[4],"current_hp_per_floor":[59,59,57,57,57,57,15,36,36,36,20,0,0],"gold":170,"neow_bonus":"BOSS_RELIC","is_daily":false,"chose_seed":false,"campfire_upgraded":1,"win_rate":0.0,"timestamp":1611743565,"path_taken":["M","?","M","?","M","R","E","R","T","M","M","E"],"items_purchased_type":["Card"],"build_version":"2020-12-22","purchased_purges":0,"victory":false,"max_hp_per_floor":[72,72,72,72,72,72,72,72,72,72,72,72,72],"relic_stats":{"counters":[7,26],"Question Card":2,"obtain_stats":[{"SlaversCollar":0,"Damaru":2,"Incense Burner":7,"PureWater":0,"Question Card":9},{"SlaversCollar":0,"Damaru":1,"Incense Burner":4,"PureWater":0,"Question Card":4},{"SlaversCollar":0,"Damaru":4,"Incense Burner":17,"PureWater":0,"Question Card":17}]},"card_choices":[{"not_picked":["DeceiveReality","Consecrate"],"picked":"EmptyMind","floor":1},{"not_picked":["Sanctity","Crescendo"],"picked":"FlurryOfBlows","floor":3},{"not_picked":["Crescendo","Weave"],"picked":"JustLucky","floor":5},{"not_picked":["ClearTheMind","Sanctity"],"picked":"WaveOfTheHand","floor":7},{"not_picked":["EmptyBody","Omniscience","FollowUp"],"picked":"Halt","floor":10},{"not_picked":["Protect","EmptyMind","Nirvana"],"picked":"Pray","floor":11}],"player_experience":536376,"relics_obtained":[{"floor":7,"key":"Incense Burner"},{"floor":9,"key":"Question Card"}],"event_choices":[{"damage_healed":0,"gold_gain":0,"player_choice":"Paid Gold","damage_taken":0,"relics_obtained":["Damaru"],"max_hp_gain":0,"max_hp_loss":0,"event_name":"WeMeetAgain","floor":2,"gold_loss":71}],"is_beta":false,"boss_relics":[],"items_purged_floors":[],"is_endless":false,"potions_floor_spawned":[1,10],"killed_by":"3 Sentries","ascension_level":6}}