{"host":"j1eo1fqrqta44853","time":1611729689,"event":{"mods":["Act Like it!","Bartender","BaseMod","CatGirl Mod","Custom Start","Downfall","Elementarium","Gensokyo","GungeonMod","HololiveMod","Hubris","Infinite Spire","KinomotoSakuraMod(????)","Koishi","Lobotomy","LobotomyExtend","Marisa????????","Minty Spire (QoL Compilation)","Pale of the Ancients","Rare Cards Sparkle","Reimu??????","Reliquary","Replay The Spire","SIMod","Shedinja","Spire Arcade","StSLib","The Alterego","The Jungle","The Marked","The Mystic","The Runesmith","The Senshi","The Vixen","TheBandit","Waifu the Spire","WarShipGirlsR/????R mod","Yakumo Yukari mod"],"gold_per_floor":[360,379,35,49,49,79,48,48,48,48,63,63,94,309,309,412,412,422,440,455,472,472,472],"floor_reached":22,"language":"ENG","playtime":3162,"items_purged":[],"score":298,"play_id":"d0fe7342-214f-4036-93a7-a4d757159447","local_time":"20210127004129","is_ascension_mode":false,"campfire_choices":[{"floor":12,"key":"RECALL"},{"data":"Shedinja:WillOWisp","floor":15,"key":"SMITH"}],"circlet_count":0,"master_deck":["Shedinja:Scratch","Shedinja:Scratch","Shedinja:Scratch","Shedinja:Scratch","Shedinja:Scratch","Shedinja:Endure","Shedinja:Endure","Shedinja:Endure","Shedinja:Endure","Shedinja:Endure","Shedinja:FocusSash","Shedinja:FocusSash","Shedinja:ConfuseRay","Shedinja:MindReader","Shedinja:WillOWisp+1","Shedinja:StringShot","Clumsy","Shedinja:Absorb","Shedinja:Elixir","Shedinja:NightSlash","Shedinja:ArtifactCard","Shedinja:MindReader","Shedinja:Protect","Shedinja:Elixir+1","Shedinja:WillOWisp+1","Shedinja:StruggleBug","Shedinja:PowerBracer"],"relics":["Shedinja:WonderGuard","DemoMod:GlassGuonStoneRelic","hubris:Potato","Gensokyo:NagashiBinaDoll","Incense Burner","Happy Flower","Runesmith:Nanobots","DemoMod:RiddleOfLead"],"acts_visited":["Gensokyo:Gensokyo","Gensokyo:Gensokyoer"],"potions_floor_usage":[6,22],"damage_taken":[{"damage":0,"enemies":"Gensokyo:2_Kodama","floor":1,"turns":4},{"damage":0,"enemies":"Gensokyo:Python","floor":2,"turns":7},{"damage":0,"enemies":"Gensokyo:Gryphon","floor":4,"turns":6},{"damage":0,"enemies":"Gensokyo:Cirno","floor":6,"turns":11},{"damage":0,"enemies":"Gensokyo:CorruptedTreant","floor":11,"turns":7},{"damage":0,"enemies":"Gensokyo:Aya","floor":13,"turns":14},{"damage":0,"enemies":"Gensokyo:5_Fairies","floor":14,"turns":9},{"damage":0,"enemies":"Gensokyo:Yukari","floor":16,"turns":12},{"damage":0,"enemies":"Gensokyo:CosmicMonolith","floor":18,"turns":8},{"damage":0,"enemies":"Gensokyo:3_Dogs","floor":19,"turns":9},{"damage":0,"enemies":"Gensokyo:Wraith","floor":20,"turns":6},{"damage":0,"enemies":"Gensokyo:Slime_Group","floor":21,"turns":5},{"damage":9,"enemies":"Gensokyo:3_Gloops","floor":22,"turns":4}],"seed_played":"-139988978238996821","potions_obtained":[{"floor":1,"key":"PowerPotion"},{"floor":18,"key":"Elixir"},{"floor":21,"key":"ZuzhouPotion:ReiMu"}],"is_trial":false,"path_per_floor":["M","M","$","M","?","E","COS","?","T","?","M","R","E","M","R","B",null,"M","M","M","M","M"],"character_chosen":"THE_DEFAULT","items_purchased":["hubris:Potato","Shedinja:WillOWisp"],"campfire_rested":0,"item_purchase_floors":[3,3],"current_hp_per_floor":[1,1,1,1,1,1,1,1,1,1,1,1,1,1,1,1,1,1,1,1,1,0,0],"gold":472,"neow_bonus":"TWO_FIFTY_GOLD","is_daily":false,"chose_seed":false,"campfire_upgraded":1,"win_rate":0.0,"timestamp":1611729689,"path_taken":["M","M","$","M","?","E","COS","?","T","?","M","R","E","M","R","BOSS","M","M","?","?","M"],"items_purchased_type":["Relic","Card"],"build_version":"2020-12-22","purchased_purges":0,"victory":false,"max_hp_per_floor":[1,1,1,1,1,1,1,1,1,1,1,1,1,1,1,1,1,1,1,1,1,1,1],"card_choices":[{"not_picked":["Shedinja:HoneClaws","Shedinja:Thief"],"picked":"Shedinja:ConfuseRay","floor":1},{"not_picked":["Shedinja:ConfuseRay","Shedinja:ShadowSneak"],"picked":"Shedinja:MindReader","floor":2},{"not_picked":["Shedinja:ArtifactCard","Shedinja:ShadowClaw"],"picked":"Shedinja:StringShot","floor":4},{"not_picked":["Shedinja:ArtifactCard","Shedinja:Mimic"],"picked":"Shedinja:ShadowSneak","floor":6},{"not_picked":["Shedinja:ShadowClaw","Shedinja:Thief"],"picked":"Shedinja:Absorb","floor":10},{"not_picked":["Shedinja:FurySwipes","Shedinja:Ether"],"picked":"Shedinja:Elixir","floor":10},{"not_picked":["Shedinja:FurySwipes","Shedinja:Ether"],"picked":"Shedinja:NightSlash","floor":11},{"not_picked":["Shedinja:NightSlash","Shedinja:Mimic"],"picked":"Shedinja:ArtifactCard","floor":13},{"not_picked":["Shedinja:Mimic","Shedinja:FurySwipes"],"picked":"Shedinja:MindReader","floor":14},{"not_picked":["Shedinja:HYPERBEAM","Shedinja:PhantomForce"],"picked":"Shedinja:Protect","floor":16},{"not_picked":["Shedinja:SuckerPunch","Shedinja:ShadowSneak+1"],"picked":"Shedinja:Elixir+1","floor":18},{"not_picked":["Shedinja:ConfuseRay","Shedinja:MetalClaw"],"picked":"Shedinja:WillOWisp+1","floor":19},{"not_picked":["Shedinja:Thief+1","Shedinja:Agility"],"picked":"Shedinja:StruggleBug","floor":20},{"not_picked":["Shedinja:Mimic","Shedinja:NightSlash"],"picked":"Shedinja:PowerBracer","floor":21}],"player_experience":1129594,"relics_obtained":[{"floor":6,"key":"Incense Burner"},{"floor":13,"key":"Runesmith:Nanobots"}],"event_choices":[],"is_beta":false,"boss_relics":[{"not_picked":["Black Star","Replay:Wanted Poster"],"picked":"DemoMod:RiddleOfLead"}],"items_purged_floors":[],"is_endless":false,"potions_floor_spawned":[1,6,18,21],"killed_by":"Gensokyo:3_Gloops","ascension_level":0}}