{"host":"neeznpvpgo0qgfkd","time":1611720713,"event":{"mods":["AchievementEnabler","BaseMod","BetterRewards","Colored Map","Colored Powertips","Exacting","Minty Spire (QoL Compilation)","Permanent Neow","Quick Restart","Shop Mod"],"gold_per_floor":[129,129,129,54,90,126,142,142,142,142,161,436,474,509,509,605,605,624,624,644,657,676,676,711,711,711,711,711],"floor_reached":27,"language":"ENG","playtime":1119,"items_purged":["Injury"],"score":600,"play_id":"ca570c64-a38a-4916-a31f-d56c6d2f31c1","local_time":"20210126231153","is_ascension_mode":true,"campfire_choices":[{"data":"1","floor":8.0,"key":"LIFT"},{"data":"2","floor":15.0,"key":"LIFT"},{"floor":23.0,"key":"REST"}],"circlet_count":0,"master_deck":["AscendersBane","Strike_G","Strike_G","Strike_G","Strike_G","Strike_G","Defend_G","Defend_G+1","Defend_G","Defend_G","Defend_G","Survivor+1","Neutralize","Noxious Fumes+1","Noxious Fumes","Prepared","Bane","Caltrops","PiercingWail","Catalyst","Cloak And Dagger","Regret","Die Die Die","Bane","After Image+1","Poisoned Stab","RitualDagger","Bane+1","Blade Dance"],"relics":["Ring of the Snake","Snake Skull","Girya","TwistedFunnel","Gremlin Horn","Bag of Preparation","Golden Idol","War Paint","Pear","Frozen Egg 2","WristBlade","Shuriken","Vajra"],"acts_visited":["TheCity"],"potions_floor_usage":[24,24],"damage_taken":[{"damage":0.0,"enemies":"Small Slimes","floor":1.0,"turns":3.0},{"damage":0.0,"enemies":"2 Louse","floor":5.0,"turns":1.0},{"damage":15.0,"enemies":"3 Sentries","floor":6.0,"turns":5.0},{"damage":4.0,"enemies":"Jaw Worm","floor":7.0,"turns":3.0},{"damage":11.0,"enemies":"Blue Slaver","floor":11.0,"turns":3.0},{"damage":29.0,"enemies":"Gremlin Nob","floor":13.0,"turns":4.0},{"damage":0.0,"enemies":"Exordium Thugs","floor":14.0,"turns":3.0},{"damage":6.0,"enemies":"Hexaghost","floor":16.0,"turns":6.0},{"damage":1.0,"enemies":"3 Byrds","floor":18.0,"turns":2.0},{"damage":14.0,"enemies":"Spheric Guardian","floor":20.0,"turns":4.0},{"damage":19.0,"enemies":"Snecko","floor":21.0,"turns":5.0},{"damage":3.0,"enemies":"3 Cultists","floor":22.0,"turns":3.0},{"damage":29,"enemies":"Slavers","floor":24,"turns":3},{"damage":17,"enemies":"Book of Stabbing","floor":27,"turns":2}],"seed_played":"2757349435745565832","potions_obtained":[{"floor":5.0,"key":"SpeedPotion"},{"floor":13.0,"key":"SneckoOil"},{"floor":16.0,"key":"DistilledChaos"},{"floor":18.0,"key":"Strength Potion"},{"floor":20.0,"key":"GhostInAJar"},{"floor":22.0,"key":"Poison Potion"}],"is_trial":false,"path_per_floor":["M","?","?","$","M","E","M","R","T","?","M","?","E","M","R","B",null,"M","?","M","M","M","R","E","?","T","E"],"character_chosen":"THE_SILENT","items_purchased":["Snake Skull","Noxious Fumes","TwistedFunnel","Gremlin Horn","Bag of Preparation","Noxious Fumes","Prepared"],"campfire_rested":1,"item_purchase_floors":[0,0,0,0,0,0,0],"current_hp_per_floor":[59,59,59,59,59,44,40,40,40,50,39,39,10,10,10,4,58,57,51,37,18,15,37,8,8,8,0,0],"gold":711,"neow_bonus":"","is_daily":false,"chose_seed":false,"campfire_upgraded":0,"win_rate":0.0,"timestamp":1611720713,"path_taken":["M","?","?","$","M","E","?","R","T","?","M","?","E","M","R","BOSS","M","?","M","M","M","R","E","?","T","E"],"items_purchased_type":["Relic","Card","Relic","Relic","Relic","Card","Card"],"build_version":"2020-12-22","purchased_purges":1,"victory":false,"max_hp_per_floor":[66,66,66,66,66,66,66,66,66,76,76,76,76,76,76,76,76,76,76,76,76,76,76,76,76,76,76,76],"card_choices":[{"not_picked":["Quick Slash","Deadly Poison"],"picked":"Bane","floor":1.0},{"not_picked":["Blade Dance","Acrobatics"],"picked":"Caltrops","floor":5.0},{"not_picked":["Backflip","Expertise"],"picked":"PiercingWail","floor":6.0},{"not_picked":["Acrobatics","Quick Slash"],"picked":"Catalyst","floor":7.0},{"not_picked":["Dagger Spray","PiercingWail"],"picked":"Cloak And Dagger","floor":11.0},{"not_picked":["Quick Slash","Concentrate"],"picked":"Die Die Die","floor":13.0},{"not_picked":["Tactician","Poisoned Stab"],"picked":"Bane","floor":14.0},{"not_picked":["Unload","Venomology"],"picked":"After Image+1","floor":16.0},{"not_picked":["Sucker Punch","Distraction"],"picked":"Poisoned Stab","floor":18.0},{"not_picked":["Calculated Gamble","Terror"],"picked":"Bane+1","floor":20.0},{"not_picked":["Setup","Dagger Throw","Outmaneuver"],"picked":"SKIP","floor":21.0},{"not_picked":["Outmaneuver","Concentrate+1","Slice+1"],"picked":"SKIP","floor":22.0},{"not_picked":["Concentrate","Dodge and Roll"],"picked":"Blade Dance","floor":24}],"player_experience":1928763,"relics_obtained":[{"floor":6.0,"key":"War Paint"},{"floor":13.0,"key":"Frozen Egg 2"},{"floor":24,"key":"Shuriken"},{"floor":26,"key":"Vajra"}],"event_choices":[{"damage_healed":0.0,"max_hp_gain":0.0,"max_hp_loss":0.0,"gold_gain":0.0,"event_name":"Living Wall","player_choice":"Grow","floor":2.0,"gold_loss":0.0,"damage_taken":0.0,"cards_upgraded":["Noxious Fumes"]},{"damage_healed":0.0,"max_hp_gain":0.0,"max_hp_loss":0.0,"gold_gain":0.0,"event_name":"Golden Idol","player_choice":"Take Wound","floor":3.0,"gold_loss":0.0,"damage_taken":0.0,"relics_obtained":["Golden Idol"],"cards_obtained":["Injury"]},{"damage_healed":0.0,"max_hp_gain":0.0,"max_hp_loss":0.0,"gold_gain":0.0,"event_name":"Dead Adventurer","player_choice":"Searched \u00271\u0027 times","floor":10.0,"gold_loss":0.0,"damage_taken":0.0,"relics_obtained":["Pear"]},{"damage_healed":0.0,"max_hp_gain":0.0,"max_hp_loss":0.0,"gold_gain":275.0,"event_name":"Golden Shrine","player_choice":"Desecrate","floor":12.0,"gold_loss":0.0,"damage_taken":0.0,"cards_obtained":["Regret"]},{"damage_healed":0.0,"max_hp_gain":0.0,"max_hp_loss":0.0,"gold_gain":0.0,"event_name":"Nest","player_choice":"Joined the Cult","floor":19.0,"gold_loss":0.0,"damage_taken":6.0,"cards_obtained":["RitualDagger"]},{"damage_healed":0,"gold_gain":0,"player_choice":"Ignored","damage_taken":0,"max_hp_gain":0,"max_hp_loss":0,"event_name":"Ghosts","floor":25,"gold_loss":0}],"is_beta":false,"boss_relics":[{"not_picked":["Velvet Choker","Coffee Dripper"],"picked":"WristBlade"}],"items_purged_floors":[4],"is_endless":false,"potions_floor_spawned":[5,13,16,18,20,22],"killed_by":"Book of Stabbing","ascension_level":15}}