{"host":"y76clbnovzmw9ubx","time":1611712261,"event":{"mods":["AchievementEnabler","BaseMod","Minty Spire (QoL Compilation)","Permanent Neow","Relic Stats"],"gold_per_floor":[365,335,350,350,625,625,660,660,735,735,762,775,792,757,757,831,831,849,869,548,559,30,65,65,115,115,115,115,115],"floor_reached":28,"language":"ENG","playtime":1149,"items_purged":["Strike_G"],"score":513,"play_id":"70d26da5-fc6a-47e0-875b-f8d46f501a03","local_time":"20210126205101","is_ascension_mode":true,"campfire_choices":[{"data":"All Out Attack","floor":6.0,"key":"SMITH"},{"floor":8.0,"key":"REST"},{"data":"Neutralize","floor":10.0,"key":"SMITH"},{"floor":15.0,"key":"REST"},{"floor":24,"key":"REST"},{"data":"Well Laid Plans","floor":27,"key":"SMITH"}],"circlet_count":0,"master_deck":["AscendersBane","Strike_G","Strike_G","Defend_G","Defend_G","Defend_G","Defend_G","Defend_G","Survivor","Neutralize+1","Backstab","All Out Attack+1","Escape Plan","Predator","Dagger Throw","Deadly Poison","Bullet Time","PiercingWail","Well Laid Plans+1","Venomology","Backflip+1","Backstab","Deflect"],"relics":["Ring of the Snake","Turnip","Matryoshka","Bag of Marbles","Empty Cage","Toolbox","Orrery","Pear","Sundial","Art of War","Regal Pillow"],"acts_visited":["Exordium","TheCity"],"potions_floor_usage":[23,28],"damage_taken":[{"damage":0.0,"enemies":"2 Louse","floor":1.0,"turns":5.0},{"damage":1.0,"enemies":"Cultist","floor":3.0,"turns":3.0},{"damage":23.0,"enemies":"Gremlin Nob","floor":7.0,"turns":5.0},{"damage":29.0,"enemies":"3 Sentries","floor":11.0,"turns":8.0},{"damage":0.0,"enemies":"Jaw Worm","floor":12.0,"turns":1.0},{"damage":2.0,"enemies":"Blue Slaver","floor":13.0,"turns":2.0},{"damage":27.0,"enemies":"Slime Boss","floor":16.0,"turns":11.0},{"damage":13.0,"enemies":"Chosen","floor":18.0,"turns":4.0},{"damage":7.0,"enemies":"2 Thieves","floor":19.0,"turns":4.0},{"damage":3.0,"enemies":"Snake Plant","floor":21.0,"turns":5.0},{"damage":17,"enemies":"Slavers","floor":23,"turns":5},{"damage":46,"enemies":"Book of Stabbing","floor":28,"turns":5}],"seed_played":"-4826083217574139296","potions_obtained":[{"floor":2.0,"key":"Energy Potion"},{"floor":2.0,"key":"EntropicBrew"},{"floor":7.0,"key":"Weak Potion"},{"floor":12.0,"key":"DuplicationPotion"},{"floor":13.0,"key":"AttackPotion"},{"floor":21.0,"key":"EssenceOfSteel"}],"is_trial":false,"path_per_floor":["M","?","M","?","?","R","E","R","T","R","E","M","M","?","R","B",null,"M","M","$","M","$","E","R","?","T","R","E"],"character_chosen":"THE_SILENT","items_purchased":["Toolbox","Well Laid Plans","Orrery","Pear","SneckoOil"],"campfire_rested":3,"item_purchase_floors":[20,20,22,22,22],"current_hp_per_floor":[44,44,43,43,43,43,20,39,39,39,10,10,8,24,43,16,54,41,34,34,31,41,24,46,46,46,46,0,0],"gold":115,"neow_bonus":"TWO_FIFTY_GOLD","is_daily":false,"chose_seed":false,"campfire_upgraded":3,"win_rate":0.0,"timestamp":1611712261,"path_taken":["M","?","?","?","?","R","E","R","T","R","E","M","?","?","R","BOSS","M","M","$","M","$","E","R","?","T","R","E"],"items_purchased_type":["Relic","Card","Relic","Relic","Potion"],"build_version":"2020-12-22","purchased_purges":1,"victory":false,"max_hp_per_floor":[66,66,66,66,66,66,66,66,66,66,66,66,66,66,66,66,66,66,66,66,66,76,76,76,76,76,76,76,76],"relic_stats":{"Regal Pillow":0,"counters":[12,58],"Sundial":[0],"Turnip":[10],"Art of War":[0],"obtain_stats":[{"Regal Pillow":26,"Matryoshka":9,"Pear":22,"Sundial":23,"Toolbox":20,"Orrery":22,"Turnip":7,"Bag of Marbles":11,"Art of War":26,"Empty Cage":17,"Ring of the Snake":0},{"Regal Pillow":11,"Matryoshka":3,"Pear":10,"Sundial":11,"Toolbox":9,"Orrery":10,"Turnip":3,"Bag of Marbles":4,"Art of War":11,"Empty Cage":7,"Ring of the Snake":0},{"Regal Pillow":53,"Matryoshka":13,"Pear":48,"Sundial":53,"Toolbox":43,"Orrery":48,"Turnip":13,"Bag of Marbles":21,"Art of War":53,"Empty Cage":35,"Ring of the Snake":0}],"Ring of the Snake":[24]},"card_choices":[{"not_picked":["Dagger Throw","Flying Knee"],"picked":"Backstab","floor":1.0},{"not_picked":["Riddle With Holes","Eviscerate"],"picked":"All Out Attack","floor":3.0},{"not_picked":["Backflip","Underhanded Strike","Bane"],"picked":"SKIP","floor":7.0},{"not_picked":["Cloak And Dagger","PiercingWail"],"picked":"Predator","floor":11.0},{"not_picked":["Grand Finale","Deadly Poison"],"picked":"Dagger Throw","floor":12.0},{"not_picked":["Acrobatics","Outmaneuver"],"picked":"Deadly Poison","floor":13.0},{"not_picked":["Grand Finale","Die Die Die"],"picked":"Bullet Time","floor":16.0},{"not_picked":["Deflect","Underhanded Strike"],"picked":"PiercingWail","floor":18.0},{"not_picked":["Dagger Spray","Bane","Underhanded Strike"],"picked":"SKIP","floor":19.0},{"not_picked":["Heel Hook","Flying Knee","PiercingWail"],"picked":"SKIP","floor":21.0},{"not_picked":["Corpse Explosion","Flechettes+1"],"picked":"Venomology","floor":22.0},{"not_picked":["Acrobatics","Bouncing Flask"],"picked":"Backflip+1","floor":22.0},{"not_picked":["Bane","Backflip"],"picked":"Backstab","floor":22.0},{"not_picked":["Deadly Poison","Predator"],"picked":"Deflect","floor":23}],"player_experience":3132339,"relics_obtained":[{"floor":7.0,"key":"Turnip"},{"floor":9.0,"key":"Matryoshka"},{"floor":11.0,"key":"Bag of Marbles"},{"floor":23,"key":"Sundial"},{"floor":26,"key":"Art of War"},{"floor":26,"key":"Regal Pillow"}],"event_choices":[{"damage_healed":0.0,"max_hp_gain":0.0,"max_hp_loss":0.0,"gold_gain":0.0,"event_name":"The Woman in Blue","player_choice":"Bought 2 Potions","floor":2.0,"gold_loss":0.0,"damage_taken":0.0},{"damage_healed":0.0,"max_hp_gain":0.0,"max_hp_loss":0.0,"gold_gain":0.0,"cards_transformed":["Strike_G"],"event_name":"Living Wall","player_choice":"Change","floor":4.0,"gold_loss":0.0,"damage_taken":0.0,"cards_obtained":["Escape Plan"]},{"damage_healed":0.0,"max_hp_gain":0.0,"max_hp_loss":0.0,"gold_gain":275.0,"event_name":"Golden Shrine","player_choice":"Desecrate","floor":5.0,"gold_loss":0.0,"damage_taken":0.0,"cards_obtained":["Regret"]},{"damage_healed":16.0,"max_hp_gain":0.0,"max_hp_loss":0.0,"gold_gain":0.0,"event_name":"The Cleric","player_choice":"Healed","floor":14.0,"gold_loss":35.0,"damage_taken":0.0},{"damage_healed":0,"gold_gain":50,"player_choice":"Stole From Cult","damage_taken":0,"max_hp_gain":0,"max_hp_loss":0,"event_name":"Nest","floor":25,"gold_loss":0}],"is_beta":false,"boss_relics":[{"not_picked":["SacredBark","Sozu"],"picked":"Empty Cage"}],"items_purged_floors":[20],"is_endless":false,"potions_floor_spawned":[7,12,13,21],"killed_by":"Book of Stabbing","ascension_level":20}}