{"host":"oz4ht6ec7xzo36kd","time":1611742749,"event":{"mods":["Act Like it!","BaseMod","Friendly Minions","Marisa¡]Ãú«B¡@Å]²z¨F¡^","Minty Spire (QoL Compilation)","Remilia¡]Á¢¦Ì²ú?¡^","StSLib","The Marked","The Servant 0.9.4","WarShipGirlsR/??¤Ö¤kR mod","Youmu¡]»î¾z§¯?¡^"],"gold_per_floor":[115,265,265,275,289,316,21,56,56,56,56],"floor_reached":10,"language":"ZHT","playtime":946,"items_purged":[],"score":133,"play_id":"75bbac4e-c7a9-4375-b2b0-46aca55eb76b","local_time":"20210127181909","is_ascension_mode":true,"campfire_choices":[],"circlet_count":0,"master_deck":["AscendersBane","Strike_RM","Strike_RM","Strike_RM","Strike_RM","Defend_RM","Defend_RM","Defend_RM","Defend_RM","RedMoon","ScarletShoot","VampireKiss","Doubt","BatForm","Septette","NightDance","BloodHunter+1","RedRainbow"],"relics":["ScarletHat","NeowsBlessing","Happy Flower","Toxic Egg 2","Incense Burner"],"acts_visited":["Exordium"],"potions_floor_usage":[10],"damage_taken":[{"damage":0,"enemies":"Cultist","floor":1,"turns":1},{"damage":0,"enemies":"2 Louse","floor":4,"turns":2},{"damage":0,"enemies":"Small Slimes","floor":5,"turns":1},{"damage":27,"enemies":"3 Sentries","floor":6,"turns":17},{"damage":67,"enemies":"Gremlin Nob","floor":8,"turns":8},{"damage":15,"enemies":"3 Sentries","floor":10,"turns":2}],"seed_played":"8706834730502941118","potions_obtained":[{"floor":4,"key":"FairyPotion"},{"floor":6,"key":"Dexterity Potion"},{"floor":8,"key":"SpeedPotion"}],"is_trial":false,"path_per_floor":["M","?","?","M","M","E","$","E","T","E"],"character_chosen":"REMILIA","items_purchased":["Toxic Egg 2","BloodHunter+1"],"campfire_rested":0,"item_purchase_floors":[7,7],"current_hp_per_floor":[63,63,70,70,70,47,47,13,13,0,0],"gold":56,"neow_bonus":"THREE_ENEMY_KILL","is_daily":false,"chose_seed":false,"campfire_upgraded":0,"win_rate":0.0,"timestamp":1611742749,"path_taken":["M","?","?","?","M","E","$","E","T","E"],"items_purchased_type":["Relic","Card"],"build_version":"2020-12-22","purchased_purges":0,"victory":false,"max_hp_per_floor":[70,70,70,70,70,70,70,70,70,70,70],"card_choices":[{"not_picked":["MastersStateliness","UnstableMagic"],"picked":"VampireKiss","floor":1},{"not_picked":["ScarletImprint","MiserableFate"],"picked":"BatForm","floor":4},{"not_picked":["ScarletImprint","StarOfDavid"],"picked":"Septette","floor":5},{"not_picked":["UnderTheZenith","ScarletDevil"],"picked":"NightDance","floor":6},{"not_picked":["HellCatastrophe","EndlessAdversity"],"picked":"RedRainbow","floor":8}],"player_experience":403859,"relics_obtained":[{"floor":6,"key":"Happy Flower"},{"floor":8,"key":"Incense Burner"}],"event_choices":[{"damage_healed":0,"gold_gain":150,"player_choice":"AGREE","damage_taken":0,"max_hp_gain":0,"max_hp_loss":0,"event_name":"Liars Game","floor":2,"gold_loss":0,"cards_obtained":["Doubt"]},{"damage_healed":7,"gold_gain":0,"player_choice":"Full Heal","damage_taken":0,"max_hp_gain":0,"max_hp_loss":0,"event_name":"Wheel of Change","floor":3,"gold_loss":0}],"is_beta":false,"boss_relics":[],"items_purged_floors":[],"is_endless":false,"potions_floor_spawned":[4,6,8],"killed_by":"3 Sentries","ascension_level":15}}