{"host":"jpcy2bclvs7juczu","time":1611757224,"event":{"mods":["Alarm Clock","BaseMod","Bestiary","Block Reminder","Colored Map","Colored Powertips","Curses Come First","Dark Map","Minty Spire (QoL Compilation)","Quick Restart","RNG Fix","Relic Stats","Slay the Relics Exporter","StSLib","ojb\u0027s Better Paths Mod","ojb\u0027s Info Mod","slay the spire mod where everything is the same but ironclad has a cowboy hat"],"gold_per_floor":[13,24,41,54,54,54,85,85,85,102,132,142,157,168,168,246,246,257,277,36,36,36,62,62,62,62],"floor_reached":25,"language":"ENG","playtime":2696,"items_purged":["Strike_G"],"score":470,"play_id":"fa379091-b331-45ce-9cc7-24bd0b56a0ff","local_time":"20210127092024","is_ascension_mode":true,"campfire_choices":[{"data":"Noxious Fumes","floor":6,"key":"SMITH"},{"floor":8,"key":"REST"},{"floor":15,"key":"REST"},{"floor":24,"key":"REST"}],"circlet_count":0,"master_deck":["AscendersBane","Strike_G","Strike_G","Strike_G","Defend_G","Defend_G","Defend_G","Defend_G","Defend_G","Survivor","Neutralize","Master of Strategy","Flying Knee","Blade Dance","Dagger Throw","Leg Sweep","Noxious Fumes+1","Finisher","Catalyst","After Image","Tactician","Crippling Poison","Heel Hook","Night Terror"],"relics":["Ring of the Snake","Centennial Puzzle","InkBottle","HornCleat","Runic Pyramid","ClockworkSouvenir","Art of War"],"acts_visited":["TheCity"],"potions_floor_usage":[7,16,16,23,23],"damage_taken":[{"damage":0,"enemies":"2 Louse","floor":1,"turns":4},{"damage":6,"enemies":"Cultist","floor":2,"turns":3},{"damage":2,"enemies":"Jaw Worm","floor":3,"turns":4},{"damage":0,"enemies":"2 Fungi Beasts","floor":4,"turns":3},{"damage":36,"enemies":"Gremlin Nob","floor":7,"turns":4},{"damage":8,"enemies":"Blue Slaver","floor":10,"turns":3},{"damage":17,"enemies":"3 Sentries","floor":11,"turns":6},{"damage":5,"enemies":"Large Slime","floor":12,"turns":6},{"damage":3,"enemies":"3 Louse","floor":13,"turns":5},{"damage":0,"enemies":"2 Fungi Beasts","floor":14,"turns":4},{"damage":19,"enemies":"Slime Boss","floor":16,"turns":12},{"damage":1,"enemies":"Shell Parasite","floor":18,"turns":7},{"damage":0,"enemies":"Chosen","floor":19,"turns":5},{"damage":24,"enemies":"Book of Stabbing","floor":23,"turns":7},{"damage":40,"enemies":"Slavers","floor":25,"turns":6}],"seed_played":"6526409293984611529","potions_obtained":[{"floor":4,"key":"Strength Potion"},{"floor":7,"key":"Weak Potion"},{"floor":11,"key":"Poison Potion"},{"floor":16,"key":"SpeedPotion"}],"is_trial":false,"path_per_floor":["M","M","M","M","?","R","E","R","T","M","E","M","M","M","R","B",null,"M","M","$","?","?","E","R","E"],"character_chosen":"THE_SILENT","items_purchased":["ClockworkSouvenir"],"campfire_rested":3,"item_purchase_floors":[20],"current_hp_per_floor":[59,53,51,51,51,51,15,34,34,26,9,4,1,1,20,1,50,49,49,49,49,37,13,32,0,0],"gold":62,"neow_bonus":"RANDOM_COLORLESS_2","is_daily":false,"chose_seed":false,"campfire_upgraded":1,"win_rate":0.0,"timestamp":1611757224,"path_taken":["M","M","M","M","?","R","E","R","T","M","E","?","M","M","R","BOSS","M","M","$","?","?","E","R","E"],"items_purchased_type":["Relic"],"build_version":"2020-12-22","purchased_purges":1,"victory":false,"max_hp_per_floor":[66,66,66,66,66,66,66,66,66,66,66,66,66,66,66,66,66,66,66,66,66,66,66,66,66,66],"relic_stats":{"Centennial Puzzle":[24],"counters":[15,79],"Art of War":[2],"obtain_stats":[{"Centennial Puzzle":7,"HornCleat":11,"Art of War":23,"InkBottle":9,"Ring of the Snake":0,"Runic Pyramid":17,"ClockworkSouvenir":20},{"Centennial Puzzle":5,"HornCleat":7,"Art of War":14,"InkBottle":5,"Ring of the Snake":0,"Runic Pyramid":11,"ClockworkSouvenir":13},{"Centennial Puzzle":18,"HornCleat":27,"Art of War":73,"InkBottle":18,"Ring of the Snake":0,"Runic Pyramid":54,"ClockworkSouvenir":66}],"InkBottle":[24],"Ring of the Snake":[30]},"card_choices":[{"not_picked":["Panache","Magnetism"],"picked":"Master of Strategy","floor":0},{"not_picked":["Caltrops","All Out Attack"],"picked":"Flying Knee","floor":1},{"not_picked":["Distraction","Poisoned Stab"],"picked":"Blade Dance","floor":2},{"not_picked":["Cloak And Dagger","Eviscerate"],"picked":"Dagger Throw","floor":3},{"not_picked":["Backflip","Eviscerate"],"picked":"Leg Sweep","floor":4},{"not_picked":["Deadly Poison","Dodge and Roll"],"picked":"Finisher","floor":7},{"not_picked":["Underhanded Strike","Blade Dance"],"picked":"Catalyst","floor":10},{"not_picked":["Flying Knee","Blur"],"picked":"After Image","floor":11},{"not_picked":["Sucker Punch","Acrobatics"],"picked":"Tactician","floor":12},{"not_picked":["Riddle With Holes","Backflip"],"picked":"Crippling Poison","floor":13},{"not_picked":["Sucker Punch","Crippling Poison"],"picked":"Heel Hook","floor":14},{"not_picked":["After Image","Unload"],"picked":"Night Terror","floor":16},{"not_picked":["Acrobatics","Noxious Fumes","Dagger Throw"],"picked":"SKIP","floor":18},{"not_picked":["Noxious Fumes","Quick Slash","Flying Knee"],"picked":"SKIP","floor":19},{"not_picked":["Sucker Punch","Flechettes","Well Laid Plans"],"picked":"SKIP","floor":23}],"player_experience":1495955,"relics_obtained":[{"floor":7,"key":"Centennial Puzzle"},{"floor":9,"key":"InkBottle"},{"floor":11,"key":"HornCleat"},{"floor":23,"key":"Art of War"}],"event_choices":[{"damage_healed":0,"gold_gain":0,"cards_transformed":["Strike_G"],"player_choice":"Change","damage_taken":0,"max_hp_gain":0,"max_hp_loss":0,"event_name":"Living Wall","floor":5,"gold_loss":0,"cards_obtained":["Noxious Fumes"]},{"damage_healed":0,"gold_gain":0,"player_choice":"Ignored","damage_taken":0,"max_hp_gain":0,"max_hp_loss":0,"event_name":"Vampires","floor":21,"gold_loss":0},{"damage_healed":0,"gold_gain":0,"player_choice":"POTION ","damage_taken":12,"max_hp_gain":0,"max_hp_loss":0,"event_name":"Knowing Skull","floor":22,"potions_obtained":["CultistPotion"],"gold_loss":0,"cards_obtained":[]}],"is_beta":false,"boss_relics":[{"not_picked":["Ring of the Serpent","Velvet Choker"],"picked":"Runic Pyramid"}],"items_purged_floors":[20],"is_endless":false,"potions_floor_spawned":[4,7,11,12,13,16],"killed_by":"Slavers","ascension_level":20}}