{"host":"7iv10lxbxedtd0qh","time":1611767689,"event":{"mods":["BaseMod","Colored Map","Colored Powertips","Downfall","Minty Spire (QoL Compilation)","StSLib"],"gold_per_floor":[99,99,99,549,549,449,449,459,359,386,401,418,418,418,432,530,530,530,550,560,210,230,330,330,345,345,345,345,345],"floor_reached":27,"language":"ENG","playtime":1466,"items_purged":["bronze:Strike"],"score":257,"play_id":"1d3b9b68-6104-45c5-9fc9-3f5d2c696aa7","local_time":"20210127181449","is_ascension_mode":true,"campfire_choices":[{"floor":1.0,"key":"RECALL"},{"data":"bronze:Philosophize","floor":6.0,"key":"SMITH"},{"data":"bronze:Iterate","floor":9.0,"key":"SMITH"},{"data":"bronze:Iterate","floor":13.0,"key":"SMITH"},{"data":"bronze:Constructor","floor":18.0,"key":"SMITH"},{"floor":26,"key":"REST"}],"circlet_count":0,"master_deck":["bronze:Defend","bronze:Defend","bronze:Defend","bronze:Defend","bronze:Replicate","bronze:Goto","downfall:Icky","downfall:Icky","downfall:Icky","bronze:Constructor+1","bronze:DelayedGuard","bronze:Return","bronze:FunctionCard","bronze:Shell","bronze:WildBeam+1","bronze:Turbo+1","bronze:Philosophize+1","bronze:Terminator"],"relics":["bronze:BronzeCore","downfall:HeartsMalice","downfall:HeartBlessingRed","downfall:HeartBlessingBlue","InkBottle","Astrolabe","Pantograph","Girya","Bottled Flame","Blue Candle"],"acts_visited":["Exordium","TheCity"],"potions_floor_usage":[],"damage_taken":[{"damage":0.0,"enemies":"2 Louse","floor":2.0,"turns":1.0},{"damage":0.0,"enemies":"Small Slimes","floor":3.0,"turns":1.0},{"damage":0.0,"enemies":"Jaw Worm","floor":5.0,"turns":1.0},{"damage":14.0,"enemies":"Red Slaver","floor":8.0,"turns":4.0},{"damage":9.0,"enemies":"Lagavulin","floor":10.0,"turns":5.0},{"damage":7.0,"enemies":"Exordium Thugs","floor":11.0,"turns":3.0},{"damage":1.0,"enemies":"3 Louse","floor":12.0,"turns":3.0},{"damage":3.0,"enemies":"2 Fungi Beasts","floor":15.0,"turns":4.0},{"damage":27.0,"enemies":"SI_SHIV_ARCHETYPE","floor":16.0,"turns":8.0},{"damage":2.0,"enemies":"Chosen","floor":19.0,"turns":4.0},{"damage":9.0,"enemies":"Shell Parasite","floor":20.0,"turns":3.0},{"damage":0.0,"enemies":"downfall:FleeingMerchant","floor":21.0,"turns":4.0},{"damage":31.0,"enemies":"Sentry and Sphere","floor":22.0,"turns":6.0},{"damage":6.0,"enemies":"WA_ARCHETYPE_RETAIN","floor":23.0,"turns":6.0},{"damage":58.0,"enemies":"Shelled Parasite and Fungi","floor":25.0,"turns":5.0},{"damage":26,"enemies":"Centurion and Healer","floor":27,"turns":5}],"seed_played":"6858644032464072116","potions_obtained":[{"floor":8.0,"key":"Block Potion"},{"floor":10.0,"key":"Guardian:BlockOnCardUsePotion"},{"floor":12.0,"key":"bronze:FreeFunctionsPotion"},{"floor":20.0,"key":"PowerPotion"},{"floor":25,"key":"Ancient Potion"}],"is_trial":false,"path_per_floor":["R","M","M","?","M","R","T","M","R","E","M","M","R","?","M","B",null,"R","M","M","$","M","?","T","M","R","M"],"character_chosen":"THE_AUTOMATON","items_purchased":["Pantograph"],"campfire_rested":1,"item_purchase_floors":[21],"current_hp_per_floor":[70,70,70,70,70,70,70,56,66,57,50,49,49,54,51,24,85,85,83,74,74,43,62,62,4,29,3,3,3],"gold":345,"neow_bonus":"THREE_ENEMY_KILL","is_daily":false,"chose_seed":false,"campfire_upgraded":4,"win_rate":0.0,"timestamp":1611767689,"path_taken":["R","M","M","?","M","R","T","M","R","E","M","M","R","?","M","BOSS","R","M","M","$","M","?","T","M","R","M"],"items_purchased_type":["Relic"],"build_version":"2020-12-22","purchased_purges":1,"victory":false,"max_hp_per_floor":[70,70,70,70,70,70,70,70,80,80,80,80,80,85,85,85,85,85,85,85,85,85,85,85,85,85,85,85,85],"card_choices":[{"not_picked":["bronze:DelayedSlice","bronze:DarkDash"],"picked":"bronze:Philosophize","floor":2.0},{"not_picked":["bronze:Turbo","bronze:FollowUp"],"picked":"bronze:Iterate","floor":3.0},{"not_picked":["bronze:BitShift","bronze:Constructor"],"picked":"bronze:Iterate","floor":5.0},{"not_picked":["bronze:DelayedSlice","bronze:Backtrace"],"picked":"bronze:Constructor","floor":8.0},{"not_picked":["bronze:Backtrace","bronze:Frontload"],"picked":"bronze:DelayedGuard","floor":10.0},{"not_picked":["bronze:WildBeam","bronze:Frontload"],"picked":"bronze:Return","floor":11.0},{"not_picked":["bronze:ForceShield","bronze:Frontload"],"picked":"bronze:Hardcode","floor":12.0},{"not_picked":["bronze:ChosenStrike","bronze:OilSpill"],"picked":"bronze:Shell","floor":15.0},{"not_picked":["bronze:RecursiveStrike","bronze:Format"],"picked":"bronze:Hardcode","floor":16.0},{"not_picked":["bronze:NullPointer","bronze:WhirlingStrike","bronze:Shell"],"picked":"SKIP","floor":19.0},{"not_picked":["bronze:CutThrough+1","bronze:Frontload+1","bronze:GetLatest"],"picked":"SKIP","floor":20.0},{"not_picked":["bronze:CutThrough+1","bronze:Frontload+1","bronze:GetLatest"],"picked":"SKIP","floor":20.0},{"not_picked":["bronze:Shield","bronze:Flail","bronze:CloningBeam"],"picked":"SKIP","floor":21.0},{"not_picked":["bronze:Frontload","bronze:Overheat","bronze:OilSpill"],"picked":"SKIP","floor":22.0},{"not_picked":["bronze:Constructor","bronze:ChosenStrike"],"picked":"bronze:Terminator","floor":23.0},{"not_picked":["bronze:BuggyMess","bronze:WhirlingStrike","bronze:Deprecate+1"],"picked":"SKIP","floor":25}],"player_experience":736163,"relics_obtained":[{"floor":10.0,"key":"InkBottle"},{"floor":23.0,"key":"Girya"},{"floor":23.0,"key":"Bottled Flame"},{"floor":24.0,"key":"Blue Candle"}],"event_choices":[{"damage_healed":0.0,"max_hp_gain":5.0,"max_hp_loss":0.0,"gold_gain":0.0,"event_name":"Big Fish","player_choice":"Donut","floor":14.0,"gold_loss":0.0,"damage_taken":0.0}],"is_beta":false,"boss_relics":[{"not_picked":["SacredBark","bronze:ElectromagneticCoil"],"picked":"Astrolabe"}],"items_purged_floors":[21],"is_endless":false,"potions_floor_spawned":[8,10,12,20,25],"killed_by":"Centurion and Healer","ascension_level":2}}