{"host":"5x08nt64u3vxxcfi","time":1611735512,"event":{"mods":["BaseMod","Minty Spire (QoL Compilation)","StSLib","SuperFastMode"],"gold_per_floor":[115,128,203,50,69,95,107,130,142,187,214,226,253,295,307,416,428,451,463,495,507,213,213,226,226,226,186,214,214,242,256,256,256,256],"floor_reached":33,"language":"KOR","playtime":555,"items_purged":["Strike_R"],"score":396,"play_id":"7bf53592-42c8-45b0-a078-7d3b1eef0fc5","local_time":"20210127171832","is_ascension_mode":true,"campfire_choices":[{"data":"Infernal Blade","floor":7,"key":"SMITH"},{"data":"Bash","floor":12,"key":"SMITH"},{"data":"Dual Wield","floor":15,"key":"SMITH"},{"data":"Anger","floor":23,"key":"SMITH"},{"data":"Rage","floor":25,"key":"SMITH"},{"data":"Double Tap","floor":29,"key":"SMITH"},{"data":"Immolate","floor":32,"key":"SMITH"}],"circlet_count":0,"master_deck":["Strike_R","Defend_R","Defend_R","Defend_R","Defend_R","Bash+1","Anger+1","Warcry","Anger+1","Infernal Blade+1","Dropkick","Battle Trance","Thunderclap","Dual Wield+1","Immolate+1","Seeing Red","Rage+1","Pommel Strike+1","Double Tap+1"],"relics":["Burning Blood","Vajra","MawBank","Akabeko","Frozen Egg 2","Pen Nib","Empty Cage","PreservedInsect","Medical Kit","Singing Bowl","Oddly Smooth Stone","Incense Burner"],"acts_visited":["Exordium","TheCity"],"potions_floor_usage":[6,30,33],"damage_taken":[{"damage":7,"enemies":"Jaw Worm","floor":1,"turns":2},{"damage":4,"enemies":"Small Slimes","floor":2,"turns":3},{"damage":9,"enemies":"2 Louse","floor":5,"turns":2},{"damage":18,"enemies":"Gremlin Nob","floor":6,"turns":3},{"damage":12,"enemies":"Exordium Thugs","floor":8,"turns":3},{"damage":25,"enemies":"3 Sentries","floor":10,"turns":6},{"damage":3,"enemies":"Blue Slaver","floor":11,"turns":2},{"damage":0,"enemies":"2 Fungi Beasts","floor":13,"turns":2},{"damage":0,"enemies":"Gremlin Nob","floor":14,"turns":2},{"damage":33,"enemies":"Hexaghost","floor":16,"turns":6},{"damage":11,"enemies":"Spheric Guardian","floor":18,"turns":3},{"damage":34,"enemies":"Shell Parasite","floor":20,"turns":4},{"damage":18,"enemies":"Snake Plant","floor":24,"turns":3},{"damage":18,"enemies":"Gremlin Leader","floor":28,"turns":2},{"damage":1,"enemies":"Slavers","floor":30,"turns":2},{"damage":8,"enemies":"Shelled Parasite and Fungi","floor":31,"turns":2},{"damage":33,"enemies":"Collector","floor":33,"turns":3}],"seed_played":"-533079244427313933","potions_obtained":[{"floor":2,"key":"ElixirPotion"},{"floor":8,"key":"LiquidMemories"},{"floor":10,"key":"Energy Potion"},{"floor":14,"key":"LiquidBronze"},{"floor":30,"key":"BlessingOfTheForge"}],"is_trial":false,"path_per_floor":["M","M","?","$","M","E","R","M","T","E","M","R","M","E","R","B",null,"M","?","M","?","$","R","M","R","T","?","E","R","E","M","R","B"],"character_chosen":"IRONCLAD","items_purchased":["Vajra","Medical Kit","Rage"],"campfire_rested":0,"item_purchase_floors":[4,22,22],"current_hp_per_floor":[79,80,69,69,66,54,54,48,48,29,32,32,38,44,44,17,80,75,75,47,47,47,47,35,35,35,35,23,23,30,30,30,0,0],"gold":256,"neow_bonus":"THREE_CARDS","is_daily":false,"chose_seed":false,"campfire_upgraded":7,"win_rate":0.0,"timestamp":1611735512,"path_taken":["M","M","?","$","M","E","R","M","T","E","M","R","M","E","R","BOSS","M","?","M","?","$","R","M","R","T","?","E","R","E","?","R","BOSS"],"items_purchased_type":["Relic","Relic","Card"],"build_version":"2020-12-22","purchased_purges":1,"victory":false,"max_hp_per_floor":[80,80,80,80,80,80,80,80,80,80,80,80,80,80,80,80,80,80,80,80,80,80,80,80,80,80,80,80,80,82,84,84,84,84],"card_choices":[{"not_picked":["Clash","Thunderclap"],"picked":"Anger","floor":0},{"not_picked":["Clash","Iron Wave"],"picked":"Warcry","floor":1},{"not_picked":["Reckless Charge","Perfected Strike"],"picked":"Anger","floor":2},{"not_picked":["Body Slam","Flex","Sentinel"],"picked":"SKIP","floor":5},{"not_picked":["Spot Weakness","Heavy Blade"],"picked":"Infernal Blade","floor":6},{"not_picked":["Evolve","Havoc"],"picked":"Dropkick","floor":8},{"not_picked":["Twin Strike","Pummel"],"picked":"Battle Trance","floor":10},{"not_picked":["Twin Strike","Sentinel"],"picked":"Thunderclap","floor":11},{"not_picked":["Second Wind","Ghostly Armor"],"picked":"Dual Wield","floor":13},{"not_picked":["Thunderclap","Searing Blow","Flex"],"picked":"SKIP","floor":14},{"not_picked":["Feed","Impervious"],"picked":"Immolate","floor":16},{"not_picked":["Ghostly Armor+1","Heavy Blade"],"picked":"Seeing Red","floor":18},{"not_picked":["True Grit","Feel No Pain+1","Perfected Strike"],"picked":"SKIP","floor":20},{"not_picked":["Rage","Warcry+1"],"picked":"Pommel Strike+1","floor":24},{"not_picked":["Havoc+1","Pummel"],"picked":"Double Tap","floor":28},{"not_picked":["Anger","Heavy Blade","True Grit"],"picked":"Singing Bowl","floor":30},{"not_picked":["Cleave","Bloodletting","Thunderclap"],"picked":"Singing Bowl","floor":31}],"player_experience":114625,"relics_obtained":[{"floor":6,"key":"MawBank"},{"floor":9,"key":"Akabeko"},{"floor":10,"key":"Frozen Egg 2"},{"floor":14,"key":"Pen Nib"},{"floor":26,"key":"Singing Bowl"},{"floor":28,"key":"Oddly Smooth Stone"},{"floor":30,"key":"Incense Burner"}],"event_choices":[{"damage_healed":0,"gold_gain":75,"player_choice":"Gather Gold","damage_taken":11,"max_hp_gain":0,"max_hp_loss":0,"event_name":"World of Goop","floor":3,"gold_loss":0},{"damage_healed":0,"gold_gain":0,"player_choice":"Opened","damage_taken":0,"relics_obtained":["PreservedInsect"],"max_hp_gain":0,"max_hp_loss":0,"event_name":"The Mausoleum","floor":19,"gold_loss":0},{"cards_removed":["Strike_R"],"damage_healed":0,"gold_gain":0,"player_choice":"Elegance","damage_taken":0,"max_hp_gain":0,"max_hp_loss":0,"event_name":"Back to Basics","floor":21,"gold_loss":0},{"damage_healed":0,"gold_gain":0,"player_choice":"Upgrade","damage_taken":0,"max_hp_gain":0,"max_hp_loss":0,"event_name":"Designer","floor":27,"gold_loss":40,"cards_upgraded":["Anger"]}],"is_beta":false,"boss_relics":[{"not_picked":["Runic Pyramid","Runic Cube"],"picked":"Empty Cage"}],"items_purged_floors":[22],"is_endless":false,"potions_floor_spawned":[2,8,10,14,30,31],"killed_by":"Collector","ascension_level":4}}