{"host":"Ancient","time":1611741633,"event":{"mods":["AchievementEnabler","Act Like it!","Bard","BaseMod","Better Note","Better Third Choice","Challenge The Spire","Conspire","Downfall","Elementarium","Friendly Minions","GifTheSpireLib","Halation","Hermit","Hubris","Infinite Spire","Jedi Mod","Jorbs\u0027s Wanderer Trilogy","Mimic Mod","Minty Spire (QoL Compilation)","Pale of the Ancients","Reliquary","Replay The Spire","StSLib","Stuff the Spire","SuperFastMode","The Construct","The Disciple","The Jungle","The Marked","The Mystic","The Runesmith","Waifu the Spire","everything is the same but u backflip on backflip"],"gold_per_floor":[117,117,130,141,141,169,169,169,206,223,240,240,269,286,286,386,386,400,400,414,430,461,461,474,494,494,494,509,521,538,538,538],"floor_reached":31,"language":"ENG","playtime":2104,"items_purged":[],"score":306,"play_id":"b8243fb6-fee7-4616-b95e-14099b91a2b8","local_time":"20210127030033","is_ascension_mode":true,"campfire_choices":[{"data":"Runesmith:CraftPrismatica","floor":7,"key":"SMITH"},{"floor":12,"key":"REST"},{"data":"Runesmith:CraftMagma","floor":15,"key":"SMITH"},{"floor":23,"key":"REST"},{"floor":27,"key":"REST"}],"circlet_count":0,"master_deck":["Runesmith:Strike_RS","Runesmith:Strike_RS","Runesmith:Strike_RS","Runesmith:Strike_RS+1","Runesmith:Defend_RS","Runesmith:Defend_RS","Runesmith:Defend_RS","Runesmith:Defend_RS","Runesmith:CraftFirestone","Runesmith:Fortify","Runesmith:CraftIndustria+1","Runesmith:Grindstone","Runesmith:Overpower","Runesmith:CraftPrismatica+1","Runesmith:HammerThrow","Runesmith:MakeshiftArmor","Runesmith:CraftIndustria","Runesmith:CraftMagma+1","Runesmith:UnlimitedPower","Runesmith:EarthShield","Runesmith:Attraction+1","Runesmith:UnlimitedPower","Runesmith:GoWithTheFlow+1","Runesmith:Augment+1","Runesmith:Grindstone"],"relics":["Runesmith:BrokenRuby","reliquary:RoseTintedGlasses","Anchor","jedi:arcanewood","reliquary:BallBearing","ChewingGum","halation:PinkSoulGem","ReplayTheSpireMod:Shallot","halation:SwordOfLegend"],"acts_visited":["Exordium","Exordium"],"potions_floor_usage":[6,13,22,22,25,28,29],"damage_taken":[{"damage":4,"enemies":"2 Louse","floor":1,"turns":3},{"damage":6,"enemies":"infinitespire:Voidling","floor":3,"turns":5},{"damage":7,"enemies":"Small Slimes","floor":4,"turns":4},{"damage":37,"enemies":"Gremlin Nob","floor":6,"turns":5},{"damage":0,"enemies":"3 Louse","floor":9,"turns":9},{"damage":0,"enemies":"3 Louse","floor":10,"turns":4},{"damage":0,"enemies":"Red Slaver","floor":11,"turns":5},{"damage":0,"enemies":"Replay:BlueRogue","floor":13,"turns":5},{"damage":5,"enemies":"Blue Slaver","floor":14,"turns":5},{"damage":28,"enemies":"Slime Boss","floor":16,"turns":13},{"damage":9,"enemies":"Elementarium:VoidCorruption","floor":18,"turns":6},{"damage":1,"enemies":"Elementarium:2_ELEMENTALS","floor":20,"turns":6},{"damage":24,"enemies":"Elementarium:VOID_CORRUPTION_AND_TAR_GOLEM","floor":21,"turns":6},{"damage":8,"enemies":"Book of Stabbing","floor":22,"turns":6},{"damage":21,"enemies":"Elementarium:Hydrostalker","floor":24,"turns":6},{"damage":10,"enemies":"Elementarium:RubyGolem","floor":25,"turns":5},{"damage":35,"enemies":"Elementarium:CYCLONE_AND_LIVING_STORMCLOUD","floor":28,"turns":7},{"damage":0,"enemies":"Elementarium:3_ELEMENTALS","floor":29,"turns":5},{"damage":0,"enemies":"Elementarium:VOID_CORRUPTION_AND_ORB_OF_FIRE","floor":30,"turns":1},{"damage":4,"enemies":"Elementarium:VoidBeast","floor":31,"turns":2}],"seed_played":"1253017234722467953","potions_obtained":[{"floor":3,"key":"Reflective Coating"},{"floor":4,"key":"conspire:TimeTravelPotion"},{"floor":11,"key":"SneckoOil"},{"floor":13,"key":"Swift Potion"},{"floor":16,"key":"ColorlessPotion"},{"floor":22,"key":"AttackPotion"},{"floor":24,"key":"AttackPotion"},{"floor":28,"key":"jedi:tentaclejuice"}],"is_trial":false,"path_per_floor":["M","?","M","M","?","E","R","?","MIM","M","M","R","E","M","R","B",null,"M","?","M","M","?","R","M","M","T","R","M","M","M","M"],"character_chosen":"RUNESMITH_CLASS","items_purchased":[],"campfire_rested":3,"item_purchase_floors":[],"current_hp_per_floor":[66,66,60,53,53,36,36,22,22,22,22,43,43,38,38,10,70,61,61,60,36,28,49,28,18,18,38,3,3,3,0,0],"gold":538,"neow_bonus":"ONE_RANDOM_RARE_CARD","is_daily":false,"chose_seed":false,"campfire_upgraded":2,"win_rate":0.0,"timestamp":1611741633,"path_taken":["M","?","M","?","?","E","R","?","MIM","?","M","R","E","M","R","BOSS","M","?","M","M","?","R","M","M","T","R","M","?","M","M"],"items_purchased_type":[],"build_version":"2020-12-18","purchased_purges":0,"victory":false,"max_hp_per_floor":[70,70,70,70,70,70,70,70,70,70,70,70,70,70,70,70,70,70,70,70,70,70,70,70,70,70,70,70,70,70,70,70],"card_choices":[{"not_picked":["Runesmith:EarthShield","Runesmith:ShiftingStrike"],"picked":"Runesmith:Discharge","floor":1},{"not_picked":["Runesmith:StaticCage","Runesmith:HeatExchange"],"picked":"Runesmith:Grindstone","floor":3},{"not_picked":["Runesmith:HeatExchange","Runesmith:StaticCage"],"picked":"Runesmith:Overpower","floor":4},{"not_picked":["Runesmith:StaticCage","Runesmith:CraftSpiculum"],"picked":"Runesmith:CraftPrismatica","floor":6},{"not_picked":["Runesmith:EnergizedChisel","Runesmith:RuneHurl"],"picked":"Runesmith:HammerThrow","floor":9},{"not_picked":["Runesmith:HeatExchange","Runesmith:Overpower"],"picked":"Runesmith:MakeshiftArmor","floor":10},{"not_picked":["Runesmith:UnstableHammer","Runesmith:HammerThrow"],"picked":"Runesmith:CraftIndustria","floor":11},{"not_picked":["Runesmith:Grindstone","Runesmith:UnstableHammer","Runesmith:HeatExchange"],"picked":"SKIP","floor":13},{"not_picked":["Runesmith:ElementalConversion","Runesmith:CraftObretio"],"picked":"Runesmith:CraftMagma","floor":14},{"not_picked":["Runesmith:Duplicate","Runesmith:ReplicatingBarrier"],"picked":"Runesmith:UnlimitedPower","floor":16},{"not_picked":["Runesmith:Empowerment","Runesmith:NegativeSpace+1"],"picked":"Runesmith:EarthShield","floor":18},{"not_picked":["Runesmith:FrozenChisel+1","Runesmith:HammerThrow+1"],"picked":"Runesmith:Attraction+1","floor":20},{"not_picked":["Runesmith:EarthShield","Runesmith:UnstableHammer","Runesmith:ChiselStab"],"picked":"SKIP","floor":21},{"not_picked":["Runesmith:Grindstone","Runesmith:HammerThrow"],"picked":"Runesmith:UnlimitedPower","floor":22},{"not_picked":["Runesmith:RuneHurl","Runesmith:Repurpose+1"],"picked":"Runesmith:GoWithTheFlow+1","floor":24},{"not_picked":["Runesmith:UnstableHammer","Runesmith:BackupBattery","Runesmith:Firestorm"],"picked":"SKIP","floor":25},{"not_picked":["Runesmith:Overpower","Runesmith:Empowerment","Runesmith:EnergizedChisel"],"picked":"SKIP","floor":28},{"not_picked":["Runesmith:HeatedChisel","Runesmith:ChiselStab"],"picked":"Runesmith:Augment+1","floor":29},{"not_picked":["Runesmith:ChiselStab+1","Runesmith:ShiftingStrike"],"picked":"Runesmith:Grindstone","floor":30}],"player_experience":773761,"relics_obtained":[{"floor":6,"key":"Anchor"},{"floor":9,"key":"jedi:arcanewood"},{"floor":13,"key":"reliquary:BallBearing"},{"floor":22,"key":"ReplayTheSpireMod:Shallot"},{"floor":26,"key":"halation:SwordOfLegend"}],"event_choices":[{"cards_removed":["Runesmith:Discharge"],"damage_healed":0,"gold_gain":0,"player_choice":"Gave Card","damage_taken":0,"relics_obtained":["reliquary:RoseTintedGlasses"],"max_hp_gain":0,"max_hp_loss":0,"event_name":"WeMeetAgain","floor":2,"gold_loss":0},{"damage_healed":0,"gold_gain":0,"player_choice":"Ignored","damage_taken":141,"max_hp_gain":0,"max_hp_loss":0,"event_name":"betterThird:BetterSerpent","floor":5,"gold_loss":0},{"damage_healed":36,"gold_gain":0,"player_choice":"Upgrade","damage_taken":14,"max_hp_gain":0,"max_hp_loss":70,"event_name":"betterThird:BetterShining","floor":8,"gold_loss":0,"cards_upgraded":["Runesmith:CraftIndustria","Runesmith:Strike_RS"]},{"damage_healed":0,"gold_gain":0,"player_choice":"Enter","damage_taken":0,"max_hp_gain":0,"max_hp_loss":0,"event_name":"Elementarium:OtherworldlyPassage","floor":22,"gold_loss":0}],"is_beta":true,"boss_relics":[{"not_picked":["halation:Prosthetics","Philosopher\u0027s Stone"],"picked":"ChewingGum"}],"items_purged_floors":[],"is_endless":false,"potions_floor_spawned":[3,4,11,13,16,21,22,24,28],"killed_by":"Elementarium:VoidBeast","ascension_level":2}}