{"host":"l84l8xigz5v5foa2","time":1611756068,"event":{"mods":["2.2 Compatiblity","AchievementEnabler","BaseMod","Better Note","Better Vampires","Card Filter","Colored Map","DeckTracker","Downfall","Gremlin Skip","Highlight Path","Keyboard Shortcuts","Minty Spire (QoL Compilation)","Permanent Neow","Quick Restart","Relic Filter","Relic Stats","StSLib","SuperFastMode","Transform Curses","Unknown Chances"],"gold_per_floor":[99,117,127,277,277,377,404,404,436,199,212,212,222,68,87,185,185,385,399,410,227,76,76,102,102,129,229,229,229,229],"floor_reached":28,"language":"ENG","playtime":2127,"items_purged":["downfall:Icky","sneckomod:Strike","sneckomod:Strike"],"score":296,"play_id":"a18aeb6b-1a46-45c9-a298-746e2f2d7feb","local_time":"20210127230108","is_ascension_mode":true,"campfire_choices":[{"data":"sneckomod:TailWhip","floor":1,"key":"SMITH"},{"data":"sneckomod:Nope","floor":8,"key":"SMITH"},{"data":"sneckomod:WideSting","floor":12,"key":"SMITH"},{"data":"Dual Wield","floor":18,"key":"SMITH"},{"data":"sneckomod:UnknownRarePower","floor":23,"key":"SMITH"}],"circlet_count":0,"master_deck":["sneckomod:Defend","sneckomod:Defend+1","sneckomod:TailWhip+1","sneckomod:SnekBite","sneckomod:Unknown+1","sneckomod:Nope+1","sneckomod:UnknownBlock","Dual Wield+1","sneckomod:WideSting+1","sneckomod:UnknownUncommonPower","sneckomod:UnknownVulnerable","sneckomod:UnendingSupply+1","sneckomod:Transmogrify","sneckomod:Unknown0Cost+1","sneckomod:UnknownRarePower+1","sneckomod:UnknownUncommonAttack","sneckomod:UnknownX","sneckomod:UnknownDraw+1","champ:GladiatorStyle","sneckomod:ImprovisedGuard","sneckomod:UnknownCommonAttack","sneckomod:Unknown0Cost"],"relics":["sneckomod:SneckoSoul","Guardian:PocketSentry","downfall:GremlinWheel","War Paint","Philosopher\u0027s Stone","PreservedInsect","bronze:BronzeIdol","champ:Barbells","HandDrill","Pear"],"acts_visited":["Exordium","TheCity"],"potions_floor_usage":[6,13,16,27],"damage_taken":[{"damage":0,"enemies":"Cultist","floor":2,"turns":4},{"damage":0,"enemies":"Small Slimes","floor":3,"turns":2},{"damage":24,"enemies":"Small Slimes","floor":6,"turns":4},{"damage":21,"enemies":"Lagavulin","floor":9,"turns":6},{"damage":0,"enemies":"downfall:FleeingMerchant","floor":10,"turns":4},{"damage":0,"enemies":"2 Louse","floor":11,"turns":2},{"damage":5,"enemies":"Lots of Slimes","floor":13,"turns":4},{"damage":0,"enemies":"downfall:FleeingMerchant","floor":14,"turns":4},{"damage":0,"enemies":"3 Louse","floor":15,"turns":4},{"damage":22,"enemies":"IC_STATUS_ARCHETYPE","floor":16,"turns":5},{"damage":11,"enemies":"Shell Parasite","floor":19,"turns":4},{"damage":12,"enemies":"3 Cultists","floor":20,"turns":5},{"damage":22,"enemies":"downfall:FleeingMerchant","floor":21,"turns":4},{"damage":3,"enemies":"Gremlin Leader","floor":26,"turns":4},{"damage":22,"enemies":"downfall:Augmenter","floor":27,"turns":5},{"damage":56,"enemies":"Slavers","floor":28,"turns":3}],"seed_played":"2871336959114191461","potions_obtained":[{"floor":9,"key":"BlessingOfTheForge"},{"floor":11,"key":"ColorlessPotion"},{"floor":13,"key":"Fruit Juice"},{"floor":15,"key":"bronze:BurnAndBuffPotion"},{"floor":16,"key":"CultistPotion"},{"floor":20,"key":"champ:CounterPotion"}],"is_trial":false,"path_per_floor":["R","M","M","?","?","?","T","R","E","$","M","R","M","$","M","B",null,"R","M","M","$","$","R","T","?","E","?","E"],"character_chosen":"THE_SNECKO","items_purchased":["HandDrill","sneckomod:UnendingSupply","bronze:BronzeIdol","Chemical X","sneckomod:Memorize","champ:Barbells"],"campfire_rested":0,"item_purchase_floors":[10,14,21,21,21,22],"current_hp_per_floor":[90,90,90,90,90,66,66,66,45,45,45,45,45,45,45,23,95,95,84,72,65,65,65,65,65,72,50,0,0,0],"gold":229,"neow_bonus":"RANDOM_COMMON_RELIC","is_daily":false,"chose_seed":false,"campfire_upgraded":5,"win_rate":0.0,"timestamp":1611756068,"path_taken":["R","M","M","?","?","?","T","R","E","$","M","R","M","$","M","BOSS","R","M","M","?","$","R","T","?","E","?","E"],"items_purchased_type":["Relic","Card","Relic","Relic","Card","Relic"],"build_version":"2020-12-22","purchased_purges":3,"victory":false,"max_hp_per_floor":[90,90,90,90,90,90,90,90,90,90,90,90,95,95,95,95,95,95,95,95,95,95,95,95,95,105,105,105,105,105],"relic_stats":{"counters":[16,62],"PreservedInsect":230,"HandDrill":[12],"War Paint":["sneckomod:Defend","sneckomod:Unknown"],"obtain_stats":[{"champ:Barbells":22,"downfall:GremlinWheel":6,"Pear":26,"Philosopher\u0027s Stone":17,"PreservedInsect":9,"Guardian:PocketSentry":0,"HandDrill":10,"Chemical X":21,"War Paint":7,"sneckomod:SneckoSoul":0,"Smiling Mask":21,"bronze:BronzeIdol":21},{"champ:Barbells":13,"downfall:GremlinWheel":3,"Pear":14,"Philosopher\u0027s Stone":10,"PreservedInsect":4,"Guardian:PocketSentry":0,"HandDrill":5,"Chemical X":13,"War Paint":3,"sneckomod:SneckoSoul":0,"Smiling Mask":13,"bronze:BronzeIdol":13},{"champ:Barbells":50,"downfall:GremlinWheel":10,"Pear":54,"Philosopher\u0027s Stone":37,"PreservedInsect":16,"Guardian:PocketSentry":0,"HandDrill":20,"Chemical X":50,"War Paint":10,"sneckomod:SneckoSoul":0,"Smiling Mask":50,"bronze:BronzeIdol":50}]},"card_choices":[{"not_picked":["sneckomod:RainOfDice","sneckomod:UnknownCommonSkill"],"picked":"sneckomod:Nope","floor":2},{"not_picked":["sneckomod:IronFang","sneckomod:UnknownCommonAttack"],"picked":"sneckomod:UnknownBlock","floor":3},{"not_picked":["sneckomod:DiceBoulder","sneckomod:Transmogrify"],"picked":"sneckomod:WideSting","floor":9},{"not_picked":["sneckomod:Restock","sneckomod:IronFang"],"picked":"sneckomod:UnknownUncommonPower","floor":10},{"not_picked":["sneckomod:SnakeSap","sneckomod:SoulRoll"],"picked":"sneckomod:UnknownVulnerable","floor":11},{"not_picked":["sneckomod:UnknownCommonAttack","sneckomod:SoulRoll","sneckomod:UnknownDraw"],"picked":"SKIP","floor":13},{"not_picked":["sneckomod:Unknown1Cost","sneckomod:RainOfDice"],"picked":"sneckomod:UnknownDexterity","floor":14},{"not_picked":["sneckomod:UnknownCommonAttack","sneckomod:Mudshield","sneckomod:UnknownVulnerable"],"picked":"SKIP","floor":15},{"not_picked":["sneckomod:Cheat","sneckomod:Restock"],"picked":"sneckomod:Transmogrify","floor":16},{"not_picked":["sneckomod:UnknownBlock","sneckomod:UnknownColorless"],"picked":"sneckomod:Unknown0Cost+1","floor":19},{"not_picked":["sneckomod:UnknownClassTHE_CHAMP_GRAY","sneckomod:UnknownBlock+1"],"picked":"sneckomod:UnknownRarePower","floor":20},{"not_picked":["sneckomod:SoulDraw","sneckomod:WideSting"],"picked":"sneckomod:UnknownUncommonAttack","floor":21},{"not_picked":["sneckomod:DiceCrush+1","sneckomod:UnknownStrength"],"picked":"sneckomod:UnknownDraw+1","floor":26},{"not_picked":["sneckomod:MasterEye+1","sneckomod:QuickMove"],"picked":"sneckomod:Unknown0Cost","floor":27}],"player_experience":3457865,"relics_obtained":[{"floor":6,"key":"downfall:GremlinWheel"},{"floor":7,"key":"War Paint"},{"floor":9,"key":"PreservedInsect"},{"floor":19,"key":"PreservedInsect"},{"floor":20,"key":"PreservedInsect"},{"floor":21,"key":"Smiling Mask"},{"floor":26,"key":"HandDrill"},{"floor":26,"key":"Pear"},{"floor":27,"key":"Chemical X"}],"event_choices":[{"damage_healed":0,"gold_gain":200,"player_choice":"Gold","damage_taken":0,"max_hp_gain":0,"max_hp_loss":0,"event_name":"Wheel of Change","floor":18,"gold_loss":0},{"damage_healed":0,"gold_gain":0,"player_choice":"Read","damage_taken":0,"max_hp_gain":0,"max_hp_loss":0,"event_name":"The Library","floor":25,"gold_loss":0,"cards_obtained":["sneckomod:UnknownX"]}],"is_beta":false,"boss_relics":[{"not_picked":["Busted Crown","Fusion Hammer"],"picked":"Philosopher\u0027s Stone"}],"items_purged_floors":[10,14,21],"is_endless":false,"potions_floor_spawned":[9,11,13,15,16,20],"killed_by":"Slavers","ascension_level":1}}