{"host":"3l7cmky9v03pn2nx","time":1611733870,"event":{"mods":["BaseMod","Minty Spire (QoL Compilation)","StSLib","The Animator","The Bug Knight","The Cursed","The Hierophant","The Servant 0.9.4","everything is the same but u backflip on backflip"],"gold_per_floor":[103,378,395,395,395,422,422,68,114,114,80,59,28,24,24,16,16],"floor_reached":16,"language":"ENG","playtime":509,"items_purged":[],"score":135,"play_id":"9277749c-3d6e-493a-b0a5-52577854116c","local_time":"20210126235110","is_ascension_mode":false,"campfire_choices":[{"floor":7,"key":"RECALL"},{"data":"hierophant:HolyVerse","floor":10,"key":"SMITH"},{"floor":15,"key":"REST"}],"circlet_count":0,"master_deck":["hierophant:Strike_Hierophant","hierophant:Strike_Hierophant","hierophant:Strike_Hierophant","hierophant:Strike_Hierophant+1","hierophant:Punish+1","hierophant:Defend_Hierophant","hierophant:Defend_Hierophant","hierophant:Defend_Hierophant","hierophant:Defend_Hierophant","hierophant:ChurchCoffers","hierophant:SolarFlare","Regret","hierophant:MorningPrayer","hierophant:HolyVerse+1","hierophant:Zeal","hierophant:Patience","hierophant:FieryStrike","hierophant:RustyCrate","hierophant:Doubloon","hierophant:Doubloon"],"relics":["hierophant:PropheticMaskRelic","NeowsBlessing","Singing Bowl","Gremlin Horn","Tiny Chest","Ancient Tea Set"],"acts_visited":["Exordium"],"potions_floor_usage":[12,16,16],"damage_taken":[{"damage":0,"enemies":"Small Slimes","floor":1,"turns":1},{"damage":0,"enemies":"Cultist","floor":3,"turns":1},{"damage":0,"enemies":"Lagavulin","floor":6,"turns":1},{"damage":13,"enemies":"Jaw Worm","floor":11,"turns":2},{"damage":9,"enemies":"Gremlin Nob","floor":12,"turns":3},{"damage":4,"enemies":"Exordium Wildlife","floor":13,"turns":2},{"damage":25,"enemies":"Exordium Thugs","floor":14,"turns":3},{"damage":28,"enemies":"The Guardian","floor":16,"turns":4}],"seed_played":"-6607708850184670411","potions_obtained":[{"floor":1,"key":"SpeedPotion"},{"floor":6,"key":"Strength Potion"},{"floor":12,"key":"Ancient Potion"},{"floor":14,"key":"SkillPotion"}],"is_trial":false,"path_per_floor":["M","?","M","?","T","E","R","$","T","R","M","E","M","M","R","B"],"character_chosen":"HIEROPHANT","items_purchased":["Gremlin Horn","FairyPotion"],"campfire_rested":1,"item_purchase_floors":[8,8],"current_hp_per_floor":[75,75,75,60,60,60,60,60,60,60,47,38,34,9,31,3,3],"gold":16,"neow_bonus":"THREE_ENEMY_KILL","is_daily":false,"chose_seed":false,"campfire_upgraded":1,"win_rate":0.0,"timestamp":1611733870,"path_taken":["M","?","?","?","?","E","R","?","T","R","?","E","M","M","R","BOSS"],"items_purchased_type":["Relic","Potion"],"build_version":"2020-12-22","purchased_purges":0,"victory":false,"max_hp_per_floor":[75,75,75,75,75,75,75,75,75,75,75,75,75,75,75,75,75],"card_choices":[{"not_picked":["hierophant:AuricBeam","hierophant:Community"],"picked":"hierophant:SolarFlare","floor":1},{"not_picked":["hierophant:Purify","hierophant:DisplayOfPower"],"picked":"hierophant:MorningPrayer","floor":3},{"not_picked":["hierophant:Charity","hierophant:Martyrdom"],"picked":"hierophant:HolyVerse","floor":6},{"not_picked":["hierophant:Shelter","hierophant:MorningPrayer"],"picked":"hierophant:Zeal","floor":11},{"not_picked":["hierophant:Endure","hierophant:Empathy"],"picked":"hierophant:Patience","floor":12},{"not_picked":["hierophant:BulkyChest","hierophant:Empathy"],"picked":"hierophant:FieryStrike","floor":13},{"not_picked":["hierophant:Shelter","hierophant:DisplayOfPower"],"picked":"hierophant:RustyCrate","floor":14}],"player_experience":298727,"relics_obtained":[{"floor":6,"key":"Singing Bowl"},{"floor":9,"key":"Tiny Chest"},{"floor":12,"key":"Ancient Tea Set"}],"event_choices":[{"damage_healed":0,"gold_gain":275,"player_choice":"Desecrate","damage_taken":0,"max_hp_gain":0,"max_hp_loss":0,"event_name":"Golden Shrine","floor":2,"gold_loss":0,"cards_obtained":["Regret"]},{"damage_healed":0,"gold_gain":0,"player_choice":"Entered Light","damage_taken":15,"max_hp_gain":0,"max_hp_loss":0,"event_name":"Shining Light","floor":4,"gold_loss":0,"cards_upgraded":["hierophant:Punish","hierophant:Strike_Hierophant"]}],"is_beta":false,"boss_relics":[],"items_purged_floors":[],"is_endless":false,"potions_floor_spawned":[1,6,12,14],"killed_by":"The Guardian","ascension_level":0}}