{"host":"cgwysqtmt736mr58","time":1611735677,"event":{"mods":["2.2 Compatiblity","Aspiration","BaseMod","Beaked The Cultist","BetterRewards","Colored Map","Colored Powertips","Downfall","Duelist Mod","GifTheSpireLib","Googly Eyes","Halation","Hermit","Hubris","Infinite Spire","Lobotomy","LobotomyExtend","Marisa????????","Minty Spire (QoL Compilation)","Relic Stats","Replay The Spire","Shade Mod","StSLib","The Bug Knight","The Construct","The Cursed","The Disciple","The Exalted","The Jungle","The Necromancer","The Runesmith","The Servant 0.9.4","The Wild Card","Waifu the Spire","Yuri Mod"],"gold_per_floor":[241,241,258,225,225,225,400,248,248,248,168,168,168,202,202,300,300,312,312,227,254,14,14,47,47,47,65,80,99,99,99,99,202,202,217,110,127,138,138,138,165,213,262,262,287,287,298,308,308,308,308],"floor_reached":52,"language":"ENG","playtime":2863,"items_purged":[],"score":797,"play_id":"a54c8562-69ff-4f01-8ba0-8bb36e4eea6b","local_time":"20210127192116","is_ascension_mode":false,"campfire_choices":[{"data":"theDuelist:CyberDragonSieger","floor":6,"key":"SMITH"},{"data":"theDuelist:DoomkaiserDragon","floor":10,"key":"SMITH"},{"floor":15,"key":"DIG"},{"floor":23,"key":"REST"},{"floor":25,"key":"REST"},{"data":"theDuelist:BerserkScales","floor":32,"key":"SMITH"},{"data":"theDuelist:DragonMastery","floor":40,"key":"SMITH"},{"floor":44,"key":"REST"},{"data":"theDuelist:CyberDragonDrei","floor":46,"key":"SMITH"},{"floor":49,"key":"REST"}],"circlet_count":0,"master_deck":["theDuelist:BabyDragon","theDuelist:CastleWalls","theDuelist:CastleWalls","theDuelist:CaveDragon","theDuelist:CaveDragon","theDuelist:LesserDragon","theDuelist:LesserDragon","theDuelist:Sparks","theDuelist:YamataDragon","theDuelist:MegafleetDragon","theDuelist:CyberDragonSieger+1","theDuelist:ThunderDragon","theDuelist:CurseAnubis","Doubt","theDuelist:DoomkaiserDragon+1","theDuelist:BlizzardDragon","theDuelist:ArmageddonDragonEmp","theDuelist:Kabazauls+1","infinitespire:Starlight","Apotheosis+1","theDuelist:BerserkScales+1","theDuelist:DragonZombie","theDuelist:DragonMastery+1","theDuelist:BigKoala+1","theDuelist:CyberDragonDrei+1","theDuelist:GaiaDragonChamp+1","theDuelist:MiraculousDescent+1","theDuelist:TyrantWing+1","theDuelist:Earthquake+1","theDuelist:DarkHorus+1"],"relics":["theDuelist:MillenniumPuzzle","theDuelist:CardPoolRelic","theDuelist:CardPoolBasicRelic","theDuelist:BoosterPackPoolRelic","theDuelist:CardPoolAddRelic","theDuelist:CardPoolMinusRelic","theDuelist:CardPoolOptionsRelic","LetterFromLob","theDuelist:MillenniumRing","hubris:BallOfYels","Ancient Tea Set","theDuelist:DuelistOrichalcum","infinitespire:WardingShard","Snake Skull","Meat on the Bone","Replay:Towering Pillar of Hats","Magic Flower","Nloth\u0027s Gift","HoveringKite","theDuelist:PointPass","Bottled Lightning","infinitespire:Freezer","Torii","Replay:Byrd Feeder","Bird Faced Urn","Carrot"],"acts_visited":["Exordium","TheCity","TheBeyond"],"potions_floor_usage":[29,33,41,41,50,50],"damage_taken":[{"damage":0,"enemies":"2 Louse","floor":1,"turns":2},{"damage":0,"enemies":"Cultist","floor":3,"turns":2},{"damage":13,"enemies":"Gremlin Nob","floor":14,"turns":4},{"damage":21,"enemies":"Hexaghost","floor":16,"turns":9},{"damage":22,"enemies":"Shell Parasite","floor":18,"turns":6},{"damage":51,"enemies":"Nightmare","floor":24,"turns":7},{"damage":22,"enemies":"Snecko","floor":27,"turns":4},{"damage":7,"enemies":"Centurion and Healer","floor":28,"turns":6},{"damage":18,"enemies":"Shelled Parasite and Fungi","floor":29,"turns":5},{"damage":66,"enemies":"Automaton","floor":33,"turns":7},{"damage":31,"enemies":"Orb Walker","floor":35,"turns":5},{"damage":39,"enemies":"3 Darklings","floor":37,"turns":5},{"damage":16,"enemies":"Sphere and 2 Shapes","floor":38,"turns":7},{"damage":27,"enemies":"beaked:SuperParasite","floor":41,"turns":11},{"damage":70,"enemies":"beaked:SuperParasite","floor":42,"turns":14},{"damage":2,"enemies":"Nemesis","floor":45,"turns":9},{"damage":6,"enemies":"Jaw Worm Horde","floor":47,"turns":5},{"damage":18,"enemies":"3 Darklings","floor":48,"turns":9},{"damage":61,"enemies":"Donu and Deca","floor":50,"turns":11}],"seed_played":"9110390806615225874","potions_obtained":[{"floor":1,"key":"Explosive Potion"},{"floor":14,"key":"Adrenaline Potion"},{"floor":24,"key":"Swift Potion"},{"floor":27,"key":"Doom Potion"},{"floor":38,"key":"Swift Potion"},{"floor":41,"key":"champ:CounterPotion"},{"floor":45,"key":"bronze:BurnAndBuffPotion"}],"is_trial":false,"path_per_floor":["M","?","M","$","?","R","?","$","T","R","$","M","?","E","R_BF","B",null,"M","?","?","T","$","R","NM","R","T","M","M","M","$","?","R","B",null,"M","$","M","M","?","R","E","?","T","R","E","R","M","M","R","B",null,null],"character_chosen":"THE_DUELIST","items_purchased":["theDuelist:ThunderDragon","theDuelist:DoomkaiserDragon","theDuelist:BlizzardDragon","Meat on the Bone","theDuelist:PointPass","Bottled Lightning","theDuelist:CyberDragonDrei"],"campfire_rested":4,"item_purchase_floors":[4,8,11,22,36,36,36],"current_hp_per_floor":[80,80,80,80,80,80,80,80,80,80,80,80,80,67,67,46,80,58,58,58,58,58,80,41,65,65,66,74,71,71,71,71,43,80,72,72,56,63,63,63,59,22,22,46,80,80,80,67,80,49,49],"gold":308,"neow_bonus":"HUNDRED_GOLD","is_daily":false,"chose_seed":false,"campfire_upgraded":5,"win_rate":0.0,"timestamp":1611735676,"path_taken":["M","?","?","$","?","R","?","?","T","R","$","M","?","E","R_BF","BOSS","M","?","?","?","?","R","NM","R","T","M","M","M","$","?","R","BOSS","M","$","M","?","?","R","E","?","T","R","E","R","M","M","R","BOSS"],"items_purchased_type":["Card","Card","Card","Relic","Relic","Relic","Card"],"build_version":"2020-12-22","purchased_purges":0,"victory":true,"max_hp_per_floor":[80,80,80,80,80,80,80,80,80,80,80,80,80,80,80,80,80,80,80,80,80,80,80,80,80,80,80,80,80,80,80,80,80,80,80,80,80,80,80,80,80,80,80,80,80,80,80,80,80,80,80],"relic_stats":{"Torii":15,"counters":[19,127],"Bird Faced Urn":[25],"Magic Flower":[95],"HoveringKite":[0],"Snake Skull":[0],"Nloth\u0027s Gift":3,"obtain_stats":[{"hubris:BallOfYels":9,"theDuelist:DuelistOrichalcum":15,"Carrot":45,"Torii":42,"Magic Flower":26,"HoveringKite":34,"Snake Skull":21,"theDuelist:MillenniumPuzzle":0,"Ancient Tea Set":14,"theDuelist:PointPass":36,"theDuelist:BoosterPackPoolRelic":0,"theDuelist:CardPoolAddRelic":0,"theDuelist:CardPoolOptionsRelic":0,"theDuelist:CardPoolRelic":0,"Replay:Byrd Feeder":42,"Replay:Towering Pillar of Hats":24,"theDuelist:CardPoolSaveRelic":0,"theDuelist:MillenniumRing":5,"theDuelist:CardPoolMinusRelic":0,"infinitespire:WardingShard":20,"theDuelist:CardPoolBasicRelic":0,"Bird Faced Urn":42,"LetterFromLob":1,"Nloth\u0027s Gift":31,"Bottled Lightning":36,"Meat on the Bone":22,"infinitespire:Freezer":41},{"hubris:BallOfYels":2,"theDuelist:DuelistOrichalcum":3,"Carrot":16,"Torii":15,"Magic Flower":6,"HoveringKite":10,"Snake Skull":5,"theDuelist:MillenniumPuzzle":0,"Ancient Tea Set":3,"theDuelist:PointPass":11,"theDuelist:BoosterPackPoolRelic":0,"theDuelist:CardPoolAddRelic":0,"theDuelist:CardPoolOptionsRelic":0,"theDuelist:CardPoolRelic":0,"Replay:Byrd Feeder":15,"Replay:Towering Pillar of Hats":6,"theDuelist:CardPoolSaveRelic":0,"theDuelist:MillenniumRing":2,"theDuelist:CardPoolMinusRelic":0,"infinitespire:WardingShard":5,"theDuelist:CardPoolBasicRelic":0,"Bird Faced Urn":15,"LetterFromLob":1,"Nloth\u0027s Gift":9,"Bottled Lightning":11,"Meat on the Bone":5,"infinitespire:Freezer":14},{"hubris:BallOfYels":4,"theDuelist:DuelistOrichalcum":8,"Carrot":102,"Torii":93,"Magic Flower":30,"HoveringKite":52,"Snake Skull":23,"theDuelist:MillenniumPuzzle":0,"Ancient Tea Set":8,"theDuelist:PointPass":57,"theDuelist:BoosterPackPoolRelic":0,"theDuelist:CardPoolAddRelic":0,"theDuelist:CardPoolOptionsRelic":0,"theDuelist:CardPoolRelic":0,"Replay:Byrd Feeder":93,"Replay:Towering Pillar of Hats":30,"theDuelist:CardPoolSaveRelic":0,"theDuelist:MillenniumRing":4,"theDuelist:CardPoolMinusRelic":0,"infinitespire:WardingShard":23,"theDuelist:CardPoolBasicRelic":0,"Bird Faced Urn":93,"LetterFromLob":2,"Nloth\u0027s Gift":45,"Bottled Lightning":57,"Meat on the Bone":23,"infinitespire:Freezer":79}],"Meat on the Bone":48},"card_choices":[{"not_picked":["theDuelist:BlackPtera","theDuelist:TornadoDragon","theDuelist:LavaDragon","theDuelist:CyberneticOverflow"],"picked":"theDuelist:MegafleetDragon","floor":1},{"not_picked":["theDuelist:MadFlameKaiju","theDuelist:CyberDragonVier","theDuelist:BackgroundDragon","theDuelist:CyberEltanin"],"picked":"theDuelist:CyberDragonSieger","floor":3},{"not_picked":["theDuelist:ViceDragon","theDuelist:Pyrorex","theDuelist:FrostflameDragon","theDuelist:CyberDragonNachster","theDuelist:WaterDragonCluster"],"picked":"SKIP","floor":14},{"not_picked":["theDuelist:TailSwipe","theDuelist:DoomkaiserDragon","theDuelist:DefensiveTactics","theDuelist:ArmedProtectorDragon"],"picked":"theDuelist:ArmageddonDragonEmp","floor":16},{"not_picked":["theDuelist:ViceDragon","theDuelist:CyberDragonDrei","theDuelist:BlackBrutdrago","theDuelist:Earthquake"],"picked":"theDuelist:Kabazauls+1","floor":18},{"not_picked":["ReplayTheSpireMod:Book of Names","infinitespire:UltimateForm"],"picked":"infinitespire:Starlight","floor":24},{"not_picked":["Enlightenment","Good Instincts","Secret Technique"],"picked":"Apotheosis+1","floor":24},{"not_picked":["theDuelist:VoidOgreDragon","theDuelist:BusterBladerDDS"],"picked":"theDuelist:BerserkScales","floor":27},{"not_picked":["theDuelist:GiantRex","theDuelist:BlackTyranno","theDuelist:BlackStego","theDuelist:MadSwordBeast","theDuelist:MadFlameKaiju"],"picked":"SKIP","floor":28},{"not_picked":["theDuelist:CurseDragon","theDuelist:Beatraptor+1","theDuelist:MetalDragon+1","theDuelist:CyberDinosaur"],"picked":"theDuelist:DragonZombie","floor":29},{"not_picked":["theDuelist:TailSwipe+1","theDuelist:SurvivalFittest","theDuelist:BerserkScales","theDuelist:BSkullDragon"],"picked":"theDuelist:DragonMastery","floor":33},{"not_picked":["theDuelist:Hinotama","theDuelist:PreventRat","theDuelist:FeatherPho+1","theDuelist:ForbiddenChalice+1"],"picked":"theDuelist:BigKoala+1","floor":35},{"not_picked":["theDuelist:OceanDragonLord","theDuelist:GravityLash+1"],"picked":"theDuelist:GaiaDragonChamp+1","floor":37},{"not_picked":["theDuelist:WhiteHowling","theDuelist:VolcanicEruption","theDuelist:DragonCaptureJar+2","theDuelist:ArtifactSanctum+1"],"picked":"theDuelist:MiraculousDescent+1","floor":38},{"not_picked":["theDuelist:VeilDarkness+1","theDuelist:SpiralSpearStrike+1","theDuelist:DragonShield+1","theDuelist:DefenseDraw+1"],"picked":"theDuelist:TyrantWing+1","floor":41},{"not_picked":["theDuelist:YamataDragon+1","theDuelist:FireDarts+2","theDuelist:CyberDinosaur","theDuelist:BusterBlader+1"],"picked":"theDuelist:Earthquake+1","floor":42},{"not_picked":["theDuelist:SauropodBrachion+1","theDuelist:HazyFlameHydra+1","theDuelist:Destroyersaurus+1","theDuelist:Carboneddon+1","theDuelist:Anthrosaurus"],"picked":"SKIP","floor":45},{"not_picked":["theDuelist:YamataDragon","theDuelist:Pyrorex","theDuelist:CyberDinosaur+1","theDuelist:CyberTwinDragon+1"],"picked":"theDuelist:DarkHorus+1","floor":47},{"not_picked":["theDuelist:BattleguardKing","theDuelist:RainbowOverdragon+1","theDuelist:LabyrinthWall+1","theDuelist:DestructPotion","theDuelist:BlueBloodedOni"],"picked":"SKIP","floor":48}],"player_experience":1063920,"relics_obtained":[{"floor":1,"key":"LetterFromLob"},{"floor":9,"key":"hubris:BallOfYels"},{"floor":14,"key":"Ancient Tea Set"},{"floor":15,"key":"theDuelist:DuelistOrichalcum"},{"floor":21,"key":"Snake Skull"},{"floor":24,"key":"Replay:Towering Pillar of Hats"},{"floor":26,"key":"Magic Flower"},{"floor":41,"key":"infinitespire:Freezer"},{"floor":42,"key":"Torii"},{"floor":42,"key":"Replay:Byrd Feeder"},{"floor":42,"key":"Bird Faced Urn"},{"floor":45,"key":"Carrot"}],"event_choices":[{"cards_removed":["theDuelist:Sparks"],"damage_healed":0,"gold_gain":0,"player_choice":"Offered Basic","damage_taken":0,"max_hp_gain":0,"max_hp_loss":0,"event_name":"Bonfire Elementals","floor":2,"gold_loss":0},{"damage_healed":0,"gold_gain":0,"player_choice":"Took item - Received: Millennium Ring","duelist":true,"damage_taken":0,"max_hp_gain":0,"max_hp_loss":0,"event_name":"Millennium Items","floor":5,"gold_loss":0},{"damage_healed":0,"gold_gain":175,"player_choice":"AGREE","damage_taken":0,"max_hp_gain":0,"max_hp_loss":0,"event_name":"Liars Game","floor":7,"gold_loss":0,"cards_obtained":["Doubt"]},{"damage_healed":0,"gold_gain":0,"player_choice":"Ignored","damage_taken":0,"max_hp_gain":0,"max_hp_loss":0,"event_name":"Shining Light","floor":13,"gold_loss":0},{"damage_healed":0,"gold_gain":0,"player_choice":"Ignored","damage_taken":0,"max_hp_gain":0,"max_hp_loss":0,"event_name":"Cursed Tome","floor":19,"gold_loss":0},{"damage_healed":0,"gold_gain":0,"player_choice":"Obtained Relic","damage_taken":0,"relics_obtained":["infinitespire:WardingShard"],"max_hp_gain":0,"max_hp_loss":0,"event_name":"Addict","floor":20,"gold_loss":85},{"damage_healed":0,"gold_gain":0,"player_choice":"Traded Relic","damage_taken":0,"relics_obtained":["Nloth\u0027s Gift"],"max_hp_gain":0,"max_hp_loss":0,"event_name":"N\u0027loth","floor":31,"relics_lost":["theDuelist:CardPoolSaveRelic"],"gold_loss":0},{"damage_healed":0,"gold_gain":0,"player_choice":"Leave","duelist":true,"damage_taken":0,"max_hp_gain":0,"max_hp_loss":0,"event_name":"Relic Duplicator","floor":39,"gold_loss":0},{"damage_healed":0,"gold_gain":0,"player_choice":"Fight","duelist":true,"damage_taken":0,"max_hp_gain":0,"max_hp_loss":0,"event_name":"Battle City","floor":42,"gold_loss":0}],"is_beta":false,"boss_relics":[{"not_picked":["theDuelist:MillenniumKey","Replay:Fungal Core","aspiration:PoetsPen_weak"]},{"not_picked":["bronze:MakeshiftBattery","halation:SmartPhone"],"picked":"HoveringKite"}],"items_purged_floors":[],"is_endless":false,"potions_floor_spawned":[1,14,24,27,28,38,41,45],"ascension_level":0}}