{"host":"qrt7o4dq2qslzw13","time":1611762292,"event":{"mods":["BaseMod","Colored Map","Colored Powertips","Minty Spire (QoL Compilation)","Quick Restart","Replay The Spire","Shop Mod","StSLib","SuperFastMode"],"gold_per_floor":[109,109,119,131,149,149,169,185,208,226,226,291,291,306,306,411,411,423,423,443,457,165,165,179,210,210,210,170,199,199,21,21,116,116,136,136,148,160,213,241,241,9,58,85,85,116,128,150,162,174],"floor_reached":51,"language":"ENG","playtime":1966,"items_purged":[],"score":1456,"play_id":"4e20c6e1-8399-496f-9893-afd40cf7515d","local_time":"20210127104452","is_ascension_mode":true,"campfire_choices":[{"floor":6.0,"key":"REST"},{"floor":11.0,"key":"REST"},{"floor":13.0,"key":"REST"},{"data":"ForeignInfluence","floor":15.0,"key":"SMITH"},{"data":"WindmillStrike","floor":23.0,"key":"SMITH"},{"floor":27.0,"key":"DIG"},{"data":"Collect","floor":30,"key":"SMITH"},{"floor":32,"key":"REST"},{"floor":41,"key":"REST"},{"floor":47,"key":"REST"},{"data":"Midas Touch","floor":49,"key":"SMITH"}],"circlet_count":0,"master_deck":["Strike_P","Strike_P","Defend_P","Defend_P+1","Defend_P","Defend_P","Eruption","Vigilance","ReplayTheSpireMod:Private Reserves+1","PathToVictory","Replay:AtTheReady","Replay:Vibes","FlurryOfBlows","ForeignInfluence+1","Consecrate","Evaluate","Prostrate","Collect+1","LessonLearned+1","Replay:Anticipation+1","Prostrate+1","Pray+1","WindmillStrike+1","Wallop","ReachHeaven","FlyingSleeves+1","JustLucky+1","Midas Touch+1","Brilliance+1","BattleHymn+1","Nirvana+1","Worship","Worship","Protect+1","SignatureMove+1","Prostrate+1","SpiritShield","SignatureMove+1","Parasite","Collect"],"relics":["HolyWater","WarpedTongs","Potion Belt","Replay:Drink Me","PreservedInsect","Replay:Purple Gloves","Shovel","Nunchaku","Oddly Smooth Stone","Turnip","InkBottle","Orrery","Toy Ornithopter","Vajra","Ring of Peace","ReplayTheSpireMod:Ring of Addiction","White Beast Statue","Chameleon Ring","MawBank"],"acts_visited":["Exordium","TheCity","TheBeyond"],"potions_floor_usage":[33,48],"damage_taken":[{"damage":1.0,"enemies":"2 Louse","floor":1.0,"turns":4.0},{"damage":3.0,"enemies":"Cultist","floor":3.0,"turns":3.0},{"damage":18.0,"enemies":"Jaw Worm","floor":4.0,"turns":4.0},{"damage":13.0,"enemies":"Looter","floor":5.0,"turns":4.0},{"damage":4.0,"enemies":"Blue Slaver","floor":7.0,"turns":5.0},{"damage":10.0,"enemies":"Lots of Slimes","floor":8.0,"turns":3.0},{"damage":18.0,"enemies":"3 Louse","floor":10.0,"turns":2.0},{"damage":9.0,"enemies":"Exordium Thugs","floor":14.0,"turns":5.0},{"damage":3.0,"enemies":"Slime Boss","floor":16.0,"turns":5.0},{"damage":0.0,"enemies":"3 Byrds","floor":18.0,"turns":3.0},{"damage":0.0,"enemies":"Chosen","floor":20.0,"turns":4.0},{"damage":0.0,"enemies":"Snecko","floor":21.0,"turns":4.0},{"damage":6.0,"enemies":"Shelled Parasite and Fungi","floor":24.0,"turns":4.0},{"damage":0.0,"enemies":"Book of Stabbing","floor":25.0,"turns":4.0},{"damage":2,"enemies":"Replay:Snechameleon","floor":29,"turns":2},{"damage":8,"enemies":"Pondfish","floor":33,"turns":6},{"damage":0,"enemies":"3 Shapes","floor":35,"turns":2},{"damage":23,"enemies":"3 Darklings","floor":37,"turns":4},{"damage":0,"enemies":"Jaw Worm Horde","floor":38,"turns":5},{"damage":5,"enemies":"2 Orb Walkers","floor":39,"turns":3},{"damage":0,"enemies":"Giant Head","floor":40,"turns":4},{"damage":0,"enemies":"Nemesis","floor":46,"turns":5},{"damage":0,"enemies":"Writhing Mass","floor":48,"turns":8},{"damage":22,"enemies":"Awakened One","floor":50,"turns":6}],"seed_played":"1635670097343287030","potions_obtained":[{"floor":1.0,"key":"BottledMiracle"},{"floor":7.0,"key":"Swift Potion"},{"floor":12.0,"key":"AttackPotion"},{"floor":12.0,"key":"Flashbang"},{"floor":12.0,"key":"Fire Potion"},{"floor":14.0,"key":"Explosive Potion"},{"floor":20.0,"key":"FearPotion"},{"floor":28.0,"key":"Cursed Concoction"},{"floor":28.0,"key":"Regen Potion"},{"floor":28.0,"key":"FearPotion"},{"floor":33,"key":"Fruit Juice"},{"floor":37,"key":"Doom Potion"},{"floor":45,"key":"DistilledChaos"},{"floor":48,"key":"ColorlessPotion"}],"is_trial":false,"path_per_floor":["M","?","M","M","M","R","M","M","T","M","R","?","R","M","R","B",null,"M","?","M","M","$","R","M","E","T","R","?","E","R","$","R","B",null,"M","?","M","M","?","E","R","$","T","T","?","E","R","M","R","B",null],"character_chosen":"WATCHER","items_purchased":["WindmillStrike","PreservedInsect","Wallop","Midas Touch","Worship","Orrery"],"campfire_rested":6,"item_purchase_floors":[22,22,22,31,42,42],"current_hp_per_floor":[64,64,61,43,30,51,47,37,37,19,40,40,61,52,52,49,53,53,53,53,53,53,53,47,47,47,47,47,45,45,45,54,51,57,57,57,34,34,29,29,46,46,46,46,46,46,59,59,59,37],"gold":186,"neow_bonus":"RANDOM_COLORLESS","is_daily":false,"chose_seed":false,"campfire_upgraded":4,"win_rate":0.0,"timestamp":1611762292,"path_taken":["M","?","M","M","M","R","M","?","T","M","R","?","R","M","R","BOSS","M","?","?","M","$","R","M","E","T","R","?","E","R","?","R","BOSS","M","?","M","M","?","E","R","$","T","?","?","E","R","M","R","BOSS"],"items_purchased_type":["Card","Relic","Card","Card","Card","Relic"],"build_version":"2020-12-22","purchased_purges":0,"victory":true,"max_hp_per_floor":[72,72,72,72,72,72,72,72,72,72,72,72,72,72,72,72,54,54,54,54,54,54,54,54,54,54,54,54,54,54,54,54,59,59,59,59,59,59,59,59,59,59,59,59,59,59,59,59,59,59],"card_choices":[{"not_picked":["Flash of Steel","Bandage Up"],"picked":"ReplayTheSpireMod:Private Reserves","floor":0.0},{"not_picked":["BowlingBash","Vengeance"],"picked":"PathToVictory","floor":1.0},{"not_picked":["SashWhip","ClearTheMind"],"picked":"Replay:AtTheReady","floor":3.0},{"not_picked":["Replay:ManipulateFuture","ClearTheMind"],"picked":"Replay:Vibes","floor":4.0},{"not_picked":["Wish","Replay:Vibes"],"picked":"FlurryOfBlows","floor":5.0},{"not_picked":["Replay:ManipulateFuture","Replay:Battleflow"],"picked":"ForeignInfluence","floor":7.0},{"not_picked":["CrushJoints","EmptyFist"],"picked":"Consecrate","floor":8.0},{"not_picked":["Wireheading","FlurryOfBlows"],"picked":"Evaluate","floor":10.0},{"not_picked":["FollowUp","EmptyBody"],"picked":"Prostrate","floor":12.0},{"not_picked":["EmptyFist","Wireheading"],"picked":"Collect","floor":14.0},{"not_picked":["Wish","Blasphemy"],"picked":"LessonLearned","floor":16.0},{"not_picked":["FollowUp","ForeignInfluence"],"picked":"Replay:Anticipation+1","floor":18.0},{"not_picked":["Sanctity","ThirdEye"],"picked":"Prostrate+1","floor":20.0},{"not_picked":["Crescendo","Replay:BluntJabs+1"],"picked":"Pray+1","floor":21.0},{"not_picked":["Consecrate","Alpha"],"picked":"ReachHeaven","floor":24.0},{"not_picked":["ThirdEye","Replay:Battleflow+1"],"picked":"FlyingSleeves+1","floor":25.0},{"not_picked":["FollowUp","CutThroughFate"],"picked":"JustLucky+1","floor":29},{"not_picked":["Omniscience","Wish"],"picked":"Brilliance","floor":33},{"not_picked":["SandsOfTime+1","CutThroughFate+1","BowlingBash"],"picked":"SKIP","floor":35},{"not_picked":["EmptyFist+1","Nirvana+1"],"picked":"BattleHymn","floor":37},{"not_picked":["Wallop+1","CutThroughFate+1","ThirdEye+1"],"picked":"SKIP","floor":38},{"not_picked":["FlyingSleeves","CrushJoints+1"],"picked":"Nirvana+1","floor":39},{"not_picked":["Replay:Hum","SignatureMove"],"picked":"Worship","floor":40},{"not_picked":["Replay:ManipulateFuture","Weave+1"],"picked":"Protect+1","floor":42},{"not_picked":["FlyingSleeves","EmptyFist"],"picked":"SignatureMove+1","floor":42},{"not_picked":["PathToVictory","JustLucky+1"],"picked":"Prostrate+1","floor":42},{"not_picked":["Perseverance+1","Evaluate+1"],"picked":"SpiritShield","floor":42},{"not_picked":["Replay:ManipulateFuture+1","Replay:BluntJabs+1"],"picked":"SignatureMove+1","floor":46},{"not_picked":["EmptyMind+1","Halt"],"picked":"Collect","floor":48}],"player_experience":597615,"relics_obtained":[{"floor":9.0,"key":"Potion Belt"},{"floor":25.0,"key":"Replay:Purple Gloves"},{"floor":26.0,"key":"Shovel"},{"floor":27.0,"key":"Nunchaku"},{"floor":29,"key":"Oddly Smooth Stone"},{"floor":39,"key":"Turnip"},{"floor":40,"key":"InkBottle"},{"floor":43,"key":"Toy Ornithopter"},{"floor":44,"key":"Vajra"},{"floor":45,"key":"Ring of Peace"},{"floor":45,"key":"ReplayTheSpireMod:Ring of Addiction"},{"floor":45,"key":"White Beast Statue"},{"floor":45,"key":"Chameleon Ring"},{"floor":46,"key":"MawBank"}],"event_choices":[{"damage_healed":0.0,"max_hp_gain":0.0,"max_hp_loss":0.0,"gold_gain":0.0,"event_name":"Accursed Blacksmith","player_choice":"Rummage","floor":2.0,"gold_loss":0.0,"damage_taken":0.0,"relics_obtained":["WarpedTongs"],"cards_obtained":["Pain"]},{"cards_removed":["Strike_P"],"damage_healed":0.0,"max_hp_gain":0.0,"max_hp_loss":0.0,"gold_gain":0.0,"event_name":"Purifier","player_choice":"Purged","floor":19.0,"gold_loss":0.0,"damage_taken":0.0},{"damage_healed":0.0,"max_hp_gain":0.0,"max_hp_loss":0.0,"gold_gain":0.0,"event_name":"The Woman in Blue","player_choice":"Bought 3 Potions","floor":28.0,"gold_loss":0.0,"damage_taken":0.0},{"damage_healed":0,"gold_gain":0,"player_choice":"Ignored","damage_taken":0,"max_hp_gain":0,"max_hp_loss":0,"event_name":"Tomb of Lord Red Mask","floor":36,"gold_loss":0},{"damage_healed":0,"gold_gain":0,"player_choice":"Fight","damage_taken":0,"max_hp_gain":0,"max_hp_loss":0,"event_name":"Mysterious Sphere","floor":39,"gold_loss":0}],"is_beta":false,"boss_relics":[{"not_picked":["Coffee Dripper","SlaversCollar"],"picked":"Replay:Drink Me"},{"not_picked":["Calling Bell","ChewingGum"],"picked":"HolyWater"}],"items_purged_floors":[],"is_endless":false,"potions_floor_spawned":[1,7,14,16,20,33,37,38,46,48],"ascension_level":6}}