{"host":"q0qnzbgdx8oqogg9","time":1611718445,"event":{"mods":["BaseMod","Minty Spire (QoL Compilation)","StSLib"],"gold_per_floor":[216,235,235,22,33,33,51,77,77,93,13,0,15,15,15],"floor_reached":14,"language":"ENG","playtime":489,"items_purged":["Strike_G"],"score":147,"play_id":"3ed75437-4b35-4864-95e1-b3f6abd6a3dc","local_time":"20210126223405","is_ascension_mode":true,"campfire_choices":[{"data":"Noxious Fumes","floor":6,"key":"SMITH"}],"circlet_count":0,"master_deck":["AscendersBane","Strike_G","Strike_G","Strike_G","Strike_G","Defend_G","Defend_G","Defend_G","Defend_G","Defend_G","Survivor","Neutralize","Blur","Blade Dance","Noxious Fumes+1","Poisoned Stab","Deadly Poison","Backflip","Cloak And Dagger","Leg Sweep","Calculated Gamble","Terror"],"relics":["Ring of the Snake","Tingsha","Darkstone Periapt","Gremlin Horn"],"acts_visited":["Exordium"],"potions_floor_usage":[],"damage_taken":[{"damage":1,"enemies":"2 Louse","floor":1,"turns":3},{"damage":0,"enemies":"Cultist","floor":2,"turns":4},{"damage":10,"enemies":"Small Slimes","floor":5,"turns":4},{"damage":4,"enemies":"Blue Slaver","floor":7,"turns":4},{"damage":29,"enemies":"3 Sentries","floor":8,"turns":8},{"damage":5,"enemies":"Red Slaver","floor":10,"turns":5},{"damage":2,"enemies":"Large Slime","floor":13,"turns":4},{"damage":55,"enemies":"Gremlin Nob","floor":14,"turns":4}],"seed_played":"-2553385164320607000","potions_obtained":[{"floor":2,"key":"AttackPotion"},{"floor":5,"key":"FairyPotion"}],"is_trial":false,"path_per_floor":["M","M","?","$","M","R","M","E","T","M","$","?","M","E"],"character_chosen":"THE_SILENT","items_purchased":["Noxious Fumes","Poisoned Stab","Deadly Poison","Calculated Gamble"],"campfire_rested":0,"item_purchase_floors":[4,4,4,11],"current_hp_per_floor":[62,62,62,62,52,52,48,19,19,14,14,14,12,0,0],"gold":15,"neow_bonus":"HUNDRED_GOLD","is_daily":false,"chose_seed":false,"campfire_upgraded":1,"win_rate":0.0,"timestamp":1611718445,"path_taken":["M","M","?","$","M","R","M","E","T","M","?","?","M","E"],"items_purchased_type":["Card","Card","Card","Card"],"build_version":"2020-12-22","purchased_purges":1,"victory":false,"max_hp_per_floor":[70,70,70,70,70,70,70,70,70,70,70,70,70,70,70],"card_choices":[{"not_picked":["Deflect","Distraction"],"picked":"Blur","floor":1},{"not_picked":["Deadly Poison","Infinite Blades"],"picked":"Blade Dance","floor":2},{"not_picked":["Eviscerate","Outmaneuver"],"picked":"Backflip","floor":5},{"not_picked":["Cloak And Dagger","Flying Knee","Underhanded Strike"],"picked":"SKIP","floor":7},{"not_picked":["Finisher","Slice"],"picked":"Cloak And Dagger","floor":8},{"not_picked":["Blade Dance","Dagger Throw"],"picked":"Leg Sweep","floor":10},{"not_picked":["Underhanded Strike","Blade Dance"],"picked":"Terror","floor":13}],"player_experience":303589,"relics_obtained":[{"floor":8,"key":"Darkstone Periapt"},{"floor":9,"key":"Gremlin Horn"}],"event_choices":[{"damage_healed":0,"gold_gain":0,"player_choice":"Gave Potion","damage_taken":0,"relics_obtained":["Tingsha"],"max_hp_gain":0,"max_hp_loss":0,"event_name":"WeMeetAgain","floor":3,"gold_loss":0},{"damage_healed":0,"gold_gain":0,"player_choice":"Left Gold","damage_taken":0,"max_hp_gain":0,"max_hp_loss":0,"event_name":"World of Goop","floor":12,"gold_loss":13}],"is_beta":false,"boss_relics":[],"items_purged_floors":[4],"is_endless":false,"potions_floor_spawned":[2,5],"killed_by":"Gremlin Nob","ascension_level":12}}