{"host":"17xjy7b7ubl548g2","time":1611717490,"event":{"mods":["2.2 Compatiblity","Act Like it!","Aspiration","Astrologer","Bard","BaseMod","Challenge The Spire","ChefMod","Colored Map","Colored Powertips","Conspire","Elementarium","Energized Spire","Gensokyo","GifTheSpireLib","Halation","Hallownest","Hermit","Hubris","Infinite Spire","Jedi Mod","Jorbs\u0027s Wanderer Trilogy","Marisa（霧雨　魔理沙）","Marked Mod","Menagerie","Minty Spire (QoL Compilation)","Permanent Neow","Reliquary","Replay The Spire","Robot Space Explorer","Spicy Shops","Spire Arcade","StSLib","Stuff the Spire","The Blue Laboratory","The Bug Knight","The Construct","The Disciple","The Hayseed","The Hierophant","The Marked","The Runesmith","The Sage","TheFirefly"],"gold_per_floor":[116,133,133,35,45,45,45,45,45,45,57,111,136,149,149,246,246,256,37,80,100,128,128,160,194,272,272,341,256,278,278,278,383,383,405,405,436,455,467,498,498,515,515,515,515,515,533,566,566,571,571,571,29,58,65,65],"floor_reached":55,"language":"ENG","playtime":7138,"items_purged":["hermit:Strike_Hermit","hermit:Strike_Hermit"],"score":1026,"play_id":"7e91192b-d979-4a90-a6ea-e887f38e18d9","local_time":"20210126221810","is_ascension_mode":true,"campfire_choices":[{"data":"hermit:Brawl","floor":6.0,"key":"SMITH"},{"data":"hermit:ItchyTrigger","floor":8.0,"key":"SMITH"},{"data":"hermit:Vantage","floor":15.0,"key":"SMITH"},{"data":"hermit:DeadOrAlive","floor":23.0,"key":"SMITH"},{"floor":27.0,"key":"REST"},{"data":"hermit:GhostlyPresence","floor":32.0,"key":"SMITH"},{"data":"hermit:Quickdraw","floor":41.0,"key":"SMITH"},{"data":"hermit:Dive","floor":45.0,"key":"SMITH"},{"floor":49.0,"key":"RECALL"},{"data":"hermit:Scavenge","floor":52.0,"key":"SMITH"}],"circlet_count":0,"master_deck":["hermit:Strike_Hermit","hermit:Strike_Hermit","hermit:Defend_Hermit","hermit:Defend_Hermit","hermit:Defend_Hermit","hermit:Defend_Hermit","hermit:Snapshot+1","hermit:Covet","hermit:Shortfuse","hermit:Brawl+1","hermit:ItchyTrigger+1","hermit:HighCaliber","hermit:Spite","hermit:Vantage+1","hermit:DeadOrAlive+1","hermit:Horror","hermit:Feint+1","hermit:Scavenge+1","hermit:Gestalt+1","hermit:LowProfile+1","hermit:GhostlyPresence+1","hermit:HeroicBravado","hermit:Dive+1","hermit:Quickdraw+1","hermit:Cheat+1","hermit:Glare","hermit:Feint","hermit:Dive+1"],"relics":["hermit:Momento","Ring of Hypnosis","halation:EternalFortune","infinitespire:Golems Mask","Replay:Baseball","Blue Doll","construct:WeddingRing","Bag of Preparation","Elementarium:GoldenMirage","hermit:Horseshoe","infinitespire:BottledMercury","ReplayTheSpireMod:Shallot","Velvet Choker","Counterbalance","Elementarium:ElementariumTrophy","Coffee Dripper","infinitespire:WardingShard","StuffTheSpire:Expresso","Blue Candle","infinitespire:ShieldingShard","aspiration:HiddenCompartment","infinitespire:PuzzleCube"],"acts_visited":["Exordium","Menagerie:Menagerie","TheBeyond","TheEnding"],"potions_floor_usage":[54,55],"damage_taken":[{"damage":6.0,"enemies":"Menagerie:MonstrousExperiment","floor":1.0,"turns":4.0},{"damage":0.0,"enemies":"Menagerie:StygianBoar","floor":2.0,"turns":2.0},{"damage":0.0,"enemies":"Menagerie:WhisperingWraith","floor":5.0,"turns":3.0},{"damage":8.0,"enemies":"Menagerie:BEAST_MAGE_AND_PROWLING_AMALGAM","floor":11.0,"turns":4.0},{"damage":33.0,"enemies":"Menagerie:Hydra","floor":13.0,"turns":4.0},{"damage":4.0,"enemies":"Menagerie:MeltingSalamander","floor":14.0,"turns":3.0},{"damage":1.0,"enemies":"Menagerie:AVATARS","floor":16.0,"turns":4.0},{"damage":4.0,"enemies":"Elementarium:Cyclone","floor":18.0,"turns":5.0},{"damage":0.0,"enemies":"Elementarium:GOLDEN_STATUES","floor":20.0,"turns":3.0},{"damage":14.0,"enemies":"Elementarium:VoidCorruption","floor":21.0,"turns":4.0},{"damage":28.0,"enemies":"Elementarium:Hydrostalker","floor":22.0,"turns":6.0},{"damage":4.0,"enemies":"Elementarium:CYCLONE_AND_ORB_OF_FIRE","floor":24.0,"turns":4.0},{"damage":9.0,"enemies":"Elementarium:VOID_CORRUPTION_AND_TAR_GOLEM","floor":25.0,"turns":5.0},{"damage":3.0,"enemies":"Elementarium:FIRE_NOBILITY","floor":28.0,"turns":8.0},{"damage":3.0,"enemies":"Elementarium:3_ELEMENTALS","floor":30.0,"turns":5.0},{"damage":4.0,"enemies":"Elementarium:GolemEmperor","floor":33.0,"turns":11.0},{"damage":1.0,"enemies":"3 Darklings","floor":35.0,"turns":5.0},{"damage":0.0,"enemies":"3 Shapes","floor":37.0,"turns":4.0},{"damage":11.0,"enemies":"3 Darklings","floor":38.0,"turns":5.0},{"damage":2.0,"enemies":"Transient","floor":39.0,"turns":5.0},{"damage":1.0,"enemies":"R_Hoarder","floor":40.0,"turns":7.0},{"damage":1.0,"enemies":"Spire Growth","floor":42.0,"turns":5.0},{"damage":1.0,"enemies":"3 Darklings","floor":47.0,"turns":7.0},{"damage":0.0,"enemies":"Giant Head","floor":48.0,"turns":2.0},{"damage":18.0,"enemies":"infinitespire:MassOfShapes","floor":50.0,"turns":15.0},{"damage":5,"enemies":"Shield and Spear","floor":54,"turns":7},{"damage":79,"enemies":"The Heart","floor":55,"turns":9}],"seed_played":"-822853405285949648","potions_obtained":[{"floor":1.0,"key":"blueLaboratory:FruitPunch"},{"floor":2.0,"key":"blueLaboratory:BottledHope"},{"floor":13.0,"key":"ColorlessPotion"},{"floor":14.0,"key":"blueLaboratory:HorrorPotion"},{"floor":18.0,"key":"blueLaboratory:PhilterOfMotion"},{"floor":22.0,"key":"blueLaboratory:HorrorPotion"},{"floor":33.0,"key":"blueLaboratory:StoneskinPotion"},{"floor":35.0,"key":"Venom Potion"},{"floor":40.0,"key":"jedi:StrikingPotion"}],"is_trial":false,"path_per_floor":["M","M","?","$","M","R","?","R","T","T","M","T","E","M","R","B",null,"M","$","?","M","M","R","M","M","T","R","E","?","M","AVR","R","B",null,"M","?","M","M","M","E","R","M","T","?","R","?","M","E","R","B",null,"R","$","E","B"],"character_chosen":"HERMIT","items_purchased":["Fruit Juice","Bag of Preparation","infinitespire:ShieldingShard","Block Potion","blueLaboratory:BottleOfRum","aspiration:HiddenCompartment"],"campfire_rested":1,"item_purchase_floors":[4,19,53,53,53,53],"current_hp_per_floor":[62,62,62,67,67,67,70,70,70,70,67,67,37,33,33,32,76,72,72,72,58,30,30,26,17,17,44,41,41,38,38,38,34,77,76,76,79,68,66,65,65,64,64,64,64,64,63,63,63,45,82,82,82,77,0,0],"gold":65,"neow_bonus":"RANDOM_EVENT","is_daily":false,"chose_seed":false,"campfire_upgraded":8,"win_rate":0.0,"timestamp":1611717490,"path_taken":["M","M","?","$","M","R","?","R","T","?","?","?","E","M","R","BOSS","M","$","?","M","M","R","M","M","T","R","E","?","M","AVR","R","BOSS","M","?","M","M","M","E","R","M","T","?","R","?","M","E","R","BOSS","R","$","E","BOSS"],"items_purchased_type":["Potion","Relic","Relic","Potion","Potion","Relic"],"build_version":"2020-12-22","purchased_purges":2,"victory":false,"max_hp_per_floor":[75,75,75,80,80,80,83,83,83,83,88,88,91,91,91,91,91,91,91,91,91,91,91,91,91,91,91,91,91,91,91,91,91,91,91,91,94,94,94,94,94,94,94,94,94,94,94,94,94,94,94,94,94,94,94,94],"card_choices":[{"not_picked":["hermit:EyeOfTheStorm","hermit:Cheat"],"picked":"hermit:Shortfuse","floor":1.0},{"not_picked":["hermit:Ricochet","hermit:Desperado"],"picked":"hermit:Brawl","floor":2.0},{"not_picked":["hermit:Snipe","hermit:Desperado"],"picked":"hermit:ItchyTrigger","floor":5.0},{"not_picked":["hermit:TakeAim","hermit:Adapt"],"picked":"hermit:HighCaliber","floor":11.0},{"not_picked":["hermit:Headshot","hermit:Determination"],"picked":"hermit:Spite","floor":13.0},{"not_picked":["hermit:Desperado","hermit:Manifest"],"picked":"hermit:Vantage","floor":14.0},{"not_picked":["hermit:OverwhelmingPower","hermit:Gambit"],"picked":"hermit:DeadOrAlive","floor":16.0},{"not_picked":["hermit:Coalescence","hermit:LuckOfTheDraw"],"picked":"hermit:Horror","floor":18.0},{"not_picked":["hermit:Showdown+1","hermit:LoneWolf"],"picked":"hermit:Feint+1","floor":20.0},{"not_picked":["hermit:NoHoldsBarred","hermit:ItchyTrigger+1"],"picked":"hermit:Scavenge","floor":21.0},{"not_picked":["hermit:Ricochet","hermit:SprayPray"],"picked":"hermit:Gestalt+1","floor":22.0},{"not_picked":["hermit:Coalescence+1","hermit:Grudge"],"picked":"hermit:PistolWhip","floor":24.0},{"not_picked":["hermit:Malice","hermit:BodyArmor"],"picked":"hermit:LowProfile+1","floor":25.0},{"not_picked":["hermit:Magnum","hermit:ShadowCloak","hermit:Combo"],"picked":"SKIP","floor":28.0},{"not_picked":["hermit:Feint","hermit:BodyArmor"],"picked":"hermit:GhostlyPresence","floor":30.0},{"not_picked":["hermit:FromBeyond","hermit:DeadOrAlive"],"picked":"hermit:HeroicBravado","floor":33.0},{"not_picked":["hermit:HighCaliber","hermit:Combo+1","hermit:ShadowCloak"],"picked":"SKIP","floor":35.0},{"not_picked":["hermit:Ricochet+1","hermit:FinalCanter"],"picked":"hermit:Dive","floor":37.0},{"not_picked":["hermit:Roulette","hermit:HoleUp"],"picked":"hermit:Quickdraw","floor":38.0},{"not_picked":["hermit:TakeAim+1","hermit:Snipe+1"],"picked":"hermit:Cheat+1","floor":39.0},{"not_picked":["hermit:TakeAim+1","hermit:HighCaliber+1"],"picked":"hermit:Glare","floor":40.0},{"not_picked":["hermit:HighCaliber","hermit:Brawl+1"],"picked":"hermit:Feint","floor":42.0},{"not_picked":["hermit:Roulette+1","hermit:Desperado+1","hermit:ItchyTrigger+1"],"picked":"SKIP","floor":47.0},{"not_picked":["hermit:Gambit","hermit:Misfire+1"],"picked":"hermit:Dive+1","floor":48.0},{"not_picked":["hermit:Shortfuse+1","hermit:TrackingShot","hermit:Combo"],"picked":"SKIP","floor":54}],"player_experience":1975816,"relics_obtained":[{"floor":3.0,"key":"Ring of Hypnosis"},{"floor":9.0,"key":"infinitespire:Golems Mask"},{"floor":11.0,"key":"halation:EternalFortune"},{"floor":12.0,"key":"Replay:Baseball"},{"floor":13.0,"key":"halation:EternalFortune"},{"floor":13.0,"key":"Blue Doll"},{"floor":20.0,"key":"Elementarium:GoldenMirage"},{"floor":26.0,"key":"hermit:Horseshoe"},{"floor":28.0,"key":"infinitespire:BottledMercury"},{"floor":37.0,"key":"halation:EternalFortune"},{"floor":40.0,"key":"infinitespire:WardingShard"},{"floor":43.0,"key":"StuffTheSpire:Expresso"},{"floor":48.0,"key":"Blue Candle"},{"floor":54,"key":"infinitespire:PuzzleCube"}],"event_choices":[{"damage_healed":0.0,"max_hp_gain":0.0,"max_hp_loss":0.0,"gold_gain":0.0,"event_name":"Elementarium:GoldenStatues","player_choice":"Fight","floor":20.0,"gold_loss":0.0,"damage_taken":0.0},{"damage_healed":0.0,"max_hp_gain":0.0,"max_hp_loss":0.0,"gold_gain":0.0,"event_name":"Elementarium:ShatteredPortal","player_choice":"Gold","floor":29.0,"gold_loss":85.0,"damage_taken":0.0,"relics_obtained":["ReplayTheSpireMod:Shallot"]},{"cards_removed":["hermit:PistolWhip"],"damage_healed":0.0,"max_hp_gain":0.0,"max_hp_loss":0.0,"gold_gain":0.0,"event_name":"Falling","player_choice":"Removed Attack","floor":44.0,"gold_loss":0.0,"damage_taken":0.0}],"is_beta":false,"boss_relics":[{"not_picked":["hubris:BlackHole","conspire:RoyalGoblet"],"picked":"construct:WeddingRing"},{"not_picked":["Replay:Ancient Bell","Fusion Hammer"],"picked":"Coffee Dripper"}],"items_purged_floors":[19,31],"is_endless":false,"potions_floor_spawned":[1,2,13,14,18,22,33,35,40],"killed_by":"The Heart","ascension_level":7}}