{"host":"njo8qgvy2a57fcny","time":1611716766,"event":{"mods":["Aspiration","BaseMod","BetterRewards","CCEM2","Colored Map","Colored Powertips","Conspire","Custom Start","Downfall","Energized Spire","GifTheSpireLib","Halation","Hermit","Hubris","Infinite Spire","Jedi Mod","Jorbs\u0027s Wanderer Trilogy","Mimic Mod","Minty Spire (QoL Compilation)","Quick Restart","Random Character Button","Random Character Mod","Rare Cards Sparkle","Relic Sorter","Replay The Spire","Shop Mod","StSLib","Stuff the Spire","The Animator","The Jungle","The Runesmith","The Servant 0.9.4","Unceasing Turn Reminder","thorton"],"gold_per_floor":[99,112,112,130,55,3,30,44,44,44,74,74,24,199,215,215,215,215],"floor_reached":16,"language":"ENG","playtime":904,"items_purged":[],"score":118,"play_id":"4617da91-e6a5-4fd3-a98f-2247f1f63e42","local_time":"20210127140606","is_ascension_mode":true,"campfire_choices":[{"floor":1,"key":"DIG"},{"data":"Slimebound:RainOfGoop","floor":9,"key":"SMITH"},{"floor":13,"key":"RECALL"}],"circlet_count":0,"master_deck":["Slimebound:Strike_Slimebound","Slimebound:Tackle","Slimebound:Defend_Slimebound","Slimebound:Defend_Slimebound+1","Slimebound:Defend_Slimebound+1","Slimebound:Split","Slimebound:CorrosiveSpit","Slimebound:RainOfGoop+1","animator:Curse_GriefSeed","Slimebound:SplitLeeching","Slimebound:Schlurp","Slimebound:SpikyOuterGoop","Slimebound:SplitAcid+1","downfall:Malfunctioning","Slimebound:SpikyOuterGoop","Slimebound:LivingWall","Doubt","Slimebound:Schlurp"],"relics":["Slimebound:AbsorbEndCombat","StuffTheSpire:DarkSteelAnvil","Slimebound:GreedOozeRelic","CCEMRelics:Barrel","CCEMRelics:PorcelainBowl"],"acts_visited":["Exordium"],"potions_floor_usage":[6,15,16],"damage_taken":[{"damage":3,"enemies":"2 Louse","floor":2,"turns":3},{"damage":14,"enemies":"infinitespire:Voidling","floor":4,"turns":4},{"damage":2,"enemies":"downfall:FleeingMerchant","floor":6,"turns":4},{"damage":0,"enemies":"conspire:RoseBush","floor":8,"turns":2},{"damage":12,"enemies":"Replay:BlueRogue","floor":11,"turns":6},{"damage":6,"enemies":"Exordium Wildlife","floor":15,"turns":2},{"damage":90,"enemies":"IC_STATUS_ARCHETYPE","floor":16,"turns":13}],"seed_played":"-9166007924020315924","potions_obtained":[{"floor":4,"key":"Energy Potion"},{"floor":11,"key":"champ:CounterPotion"},{"floor":15,"key":"SkillPotion"}],"is_trial":false,"path_per_floor":["R_BF","M","?","M","?","$","T","M","R","?","E","?","R","?","M","B"],"character_chosen":"SLIMEBOUND","items_purchased":["Slimebound:SpikyOuterGoop"],"campfire_rested":0,"item_purchase_floors":[6],"current_hp_per_floor":[71,71,71,66,66,71,71,71,71,71,71,71,71,71,65,0,0,0],"gold":215,"neow_bonus":"TEN_PERCENT_HP_BONUS","is_daily":false,"chose_seed":false,"campfire_upgraded":1,"win_rate":0.0,"timestamp":1611716766,"path_taken":["R_BF","M","?","?","?","$","T","?","R","?","E","?","R","?","M","BOSS"],"items_purchased_type":["Card"],"build_version":"2020-12-22","purchased_purges":0,"victory":false,"max_hp_per_floor":[71,71,71,71,71,71,71,71,71,71,71,71,71,71,71,71,71,71],"card_choices":[{"not_picked":["Slimebound:ComboTackle","Slimebound:FlameTackle"],"picked":"Slimebound:RainOfGoop","floor":2},{"not_picked":["Slimebound:FinishingTackle","Slimebound:SplitBruiser"],"picked":"Slimebound:SplitLeeching","floor":4},{"not_picked":["Slimebound:Nibble","Slimebound:RejuvenatingLick"],"picked":"Slimebound:Schlurp","floor":6},{"not_picked":["Slimebound:ComboTackle","Slimebound:ProtectTheBoss"],"picked":"Slimebound:SplitAcid","floor":8},{"not_picked":["Slimebound:Equalize","Slimebound:Schlurp"],"picked":"Slimebound:SpikyOuterGoop","floor":11},{"not_picked":["Slimebound:RainOfGoop","Slimebound:FinishingTackle"],"picked":"Slimebound:Schlurp","floor":15}],"player_experience":725375,"relics_obtained":[{"floor":1,"key":"StuffTheSpire:DarkSteelAnvil"},{"floor":7,"key":"CCEMRelics:Barrel"},{"floor":11,"key":"CCEMRelics:PorcelainBowl"}],"event_choices":[],"is_beta":false,"boss_relics":[],"items_purged_floors":[],"is_endless":false,"potions_floor_spawned":[4,11,15],"killed_by":"IC_STATUS_ARCHETYPE","ascension_level":4}}