{"host":"edc6wmn2qug8wnvl","time":1611737913,"event":{"mods":["AchievementEnabler","BaseMod","Colored Map","Colored Powertips","Minty Spire (QoL Compilation)","StSLib"],"gold_per_floor":[117,14,14,14,33,60,78,96,96,96,109,109,126,146,146,248,248,265,19,33,33,48,48,48],"floor_reached":23,"language":"ENG","playtime":1427,"items_purged":[],"score":270,"play_id":"6f979d74-50d8-475b-8ad7-51efb71adc94","local_time":"20210127005833","is_ascension_mode":false,"campfire_choices":[{"floor":10,"key":"REST"},{"floor":12,"key":"REST"},{"floor":15,"key":"REST"}],"circlet_count":0,"master_deck":["Strike_R","Strike_R","Strike_R","Strike_R","Strike_R","Defend_R","Defend_R","Defend_R","Defend_R","Bash","Inflame","Inflame","Entrench","Hemokinesis","Dual Wield","Inflame","Heavy Blade","Rupture+1","Hemokinesis","Headbutt","Impervious","Heavy Blade","The Bomb","Anger","Impervious","Headbutt"],"relics":["Black Blood","NeowsBlessing","Gambling Chip","Darkstone Periapt","Frozen Egg 2","Membership Card"],"acts_visited":["Exordium","TheCity"],"potions_floor_usage":[7,16,22,22,23],"damage_taken":[{"damage":0,"enemies":"Cultist","floor":1,"turns":1},{"damage":0,"enemies":"Small Slimes","floor":5,"turns":1},{"damage":0,"enemies":"Gremlin Nob","floor":6,"turns":1},{"damage":2,"enemies":"Jaw Worm","floor":7,"turns":3},{"damage":48,"enemies":"Lots of Slimes","floor":8,"turns":6},{"damage":15,"enemies":"Red Slaver","floor":11,"turns":3},{"damage":2,"enemies":"Large Slime","floor":13,"turns":3},{"damage":24,"enemies":"Lots of Slimes","floor":14,"turns":4},{"damage":4,"enemies":"Slime Boss","floor":16,"turns":4},{"damage":32,"enemies":"Spheric Guardian","floor":18,"turns":6},{"damage":37,"enemies":"2 Thieves","floor":20,"turns":3},{"damage":37,"enemies":"Centurion and Healer","floor":22,"turns":7},{"damage":47,"enemies":"Book of Stabbing","floor":23,"turns":6}],"seed_played":"-7906931337163964797","potions_obtained":[{"floor":5,"key":"Energy Potion"},{"floor":6,"key":"FearPotion"},{"floor":13,"key":"FairyPotion"},{"floor":14,"key":"Swift Potion"},{"floor":16,"key":"CultistPotion"},{"floor":20,"key":"PowerPotion"},{"floor":22,"key":"EssenceOfSteel"}],"is_trial":false,"path_per_floor":["M","$","?","$","M","E","M","M","T","R","M","R","M","M","R","B",null,"M","$","M","?","M","E"],"character_chosen":"IRONCLAD","items_purchased":["Inflame","Entrench","Membership Card","The Bomb"],"campfire_rested":3,"item_purchase_floors":[2,2,19,19],"current_hp_per_floor":[80,80,68,68,74,80,80,38,38,62,53,77,80,62,80,80,80,60,60,35,35,35,0,0],"gold":48,"neow_bonus":"THREE_ENEMY_KILL","is_daily":false,"chose_seed":false,"campfire_upgraded":0,"win_rate":0.0,"timestamp":1611737913,"path_taken":["M","?","?","$","M","E","M","M","T","R","M","R","M","M","R","BOSS","M","$","M","?","?","E"],"items_purchased_type":["Card","Card","Relic","Card"],"build_version":"2020-12-22","purchased_purges":0,"victory":false,"max_hp_per_floor":[80,80,80,80,80,80,80,80,80,80,80,80,80,80,80,80,80,80,80,80,80,80,80,80],"card_choices":[{"not_picked":["Shrug It Off","Headbutt"],"picked":"Inflame","floor":1},{"not_picked":["Cleave","Battle Trance"],"picked":"Hemokinesis","floor":5},{"not_picked":["Hemokinesis","Shockwave"],"picked":"Dual Wield","floor":6},{"not_picked":["Warcry","Disarm"],"picked":"Inflame","floor":7},{"not_picked":["Metallicize","Rupture"],"picked":"Heavy Blade","floor":8},{"not_picked":["Twin Strike","Thunderclap"],"picked":"Rupture+1","floor":11},{"not_picked":["Sever Soul","Second Wind"],"picked":"Hemokinesis","floor":13},{"not_picked":["Iron Wave","Shockwave"],"picked":"Headbutt","floor":14},{"not_picked":["Double Tap","Barricade+1"],"picked":"Impervious","floor":16},{"not_picked":["Twin Strike","Shrug It Off"],"picked":"Heavy Blade","floor":18},{"not_picked":["Dark Embrace+1","Sword Boomerang"],"picked":"Anger","floor":20},{"not_picked":["Disarm+1","Twin Strike"],"picked":"Headbutt","floor":22}],"player_experience":55920,"relics_obtained":[{"floor":6,"key":"Darkstone Periapt"},{"floor":9,"key":"Frozen Egg 2"}],"event_choices":[{"damage_healed":0,"gold_gain":0,"player_choice":"Success","damage_taken":12,"relics_obtained":["Gambling Chip"],"max_hp_gain":0,"max_hp_loss":0,"event_name":"Scrap Ooze","floor":3,"gold_loss":0},{"damage_healed":0,"gold_gain":0,"player_choice":"Copied","damage_taken":0,"max_hp_gain":0,"max_hp_loss":0,"event_name":"Duplicator","floor":21,"gold_loss":0,"cards_obtained":["Impervious"]}],"is_beta":false,"boss_relics":[{"not_picked":["SlaversCollar","Philosopher\u0027s Stone"],"picked":"Black Blood"}],"items_purged_floors":[],"is_endless":false,"potions_floor_spawned":[5,6,13,14,16,20,22],"killed_by":"Book of Stabbing","ascension_level":0}}