{"host":"0dvp4uxbao5ucv2j","time":1611715585,"event":{"mods":["AchievementEnabler","Aspiration","BaseMod","Beaked The Cultist","BetterRewards","DNKmod","DNKmod Update","Downfall","Friendly Minions","GifTheSpireLib","Hubris","Infinite Spire","Minty Spire (QoL Compilation)","Replay The Spire","StSLib"],"gold_per_floor":[10000,10017,10017,9350,9350,9350,9420,9451,8340,8340,8352,8385,8385,8385,8404,8509,8509,8509,8521,8531,8631,8631,8647,8647,8664,8664,8114,8114,8130,8130,8146,8165,8266,8266,8266,8284,7088,7188,7288,7288,7288,7288,7288,7288],"floor_reached":42,"language":"ENG","playtime":3154,"items_purged":["Slimebound:CorrosiveSpit","Slimebound:Defend_Slimebound","Slimebound:Defend_Slimebound","Pain"],"score":627,"play_id":"a46ca75b-65c3-44f2-ae9a-d2861b6715a0","local_time":"20210127034625","is_ascension_mode":false,"campfire_choices":[{"data":"Slimebound:Split","floor":1.0,"key":"SMITH"},{"floor":13.0,"key":"RECALL"},{"floor":18.0,"key":"DIG"},{"data":"Slimebound:WasteNot","floor":28.0,"key":"SMITH"},{"data":"Slimebound:TongueLash","floor":35.0,"key":"SMITH"}],"circlet_count":0,"master_deck":["Slimebound:Strike_Slimebound","Slimebound:Strike_Slimebound","Slimebound:Tackle","Slimebound:Defend_Slimebound","Slimebound:Defend_Slimebound","Slimebound:Split+1","Slimebound:SamplingLick","Slimebound:SamplingLick","Slimebound:GoopSpray","Slimebound:SamplingLick","Slimebound:WasteNot+1","Slimebound:Prepare","Slimebound:LeadByExample+1","Slimebound:Nibble+1","Sadistic Nature+1","Specialist+1","Slimebound:Prepare","Slimebound:GoopSpray","Slimebound:Overexert+1","Slimebound:TongueLash+1","Slimebound:Nibble","Slimebound:SplitMire+1","Slimebound:HauntingLick","Slimebound:Gluttony+1","Slimebound:Gluttony+1","Slimebound:SplitMire","Finesse","Slimebound:GoopSpray","Slimebound:Prepare","Slimebound:DuplicatedForm+1","Slimebound:MegaLick+1","Slimebound:LevelUp+1","Slimebound:Darklings+1","Slimebound:SplitBruiser","Slimebound:LeechEnergy","expansioncontent:StudyTheSpire+1","infinitespire:UltimateForm+1","Slimebound:GoopSpray","ReplayTheSpireMod:Chaos Vortex+1"],"relics":["SacredBark","hubris:HerbalPaste","Shuriken","aspiration:ChemicalBlood","Frozen Egg 2","aspiration:TomeofQuesting","hubris:EvacipatedBox","infinitespire:Satchel","ClockworkSouvenir","Orichalcum","infinitespire:Lychee Nut","WarpedTongs","infinitespire:CursedDice","Replay:Grab Bag","beaked:SacredNecklace","aspiration:SecretTechniqueScroll","Runic Pyramid","Boot","Ice Cream","Question Card","hubris:Icosahedron","Lizard Tail","Ornamental Fan","hubris:BlackHole","aspiration:StickyExplosives_weak","aspiration:EmptySkull","Guide Book","hubris:MedicalManual","Replay:Wanted Poster","Sling","Dream Catcher"],"acts_visited":["Exordium","TheCity","TheBeyond"],"potions_floor_usage":[42,42],"damage_taken":[{"damage":9.0,"enemies":"Jaw Worm","floor":2.0,"turns":3.0},{"damage":13.0,"enemies":"downfall:FleeingMerchant","floor":4.0,"turns":4.0},{"damage":10.0,"enemies":"3 Sentries","floor":8.0,"turns":7.0},{"damage":0.0,"enemies":"downfall:FleeingMerchant","floor":9.0,"turns":4.0},{"damage":0.0,"enemies":"Cultist","floor":11.0,"turns":2.0},{"damage":26.0,"enemies":"Gremlin Nob","floor":12.0,"turns":4.0},{"damage":0.0,"enemies":"infinitespire:Voidling","floor":15.0,"turns":2.0},{"damage":20.0,"enemies":"DF_ARCHETYPE_STREAMLINE","floor":16.0,"turns":5.0},{"damage":6.0,"enemies":"Spheric Guardian","floor":19.0,"turns":3.0},{"damage":20.0,"enemies":"Shell Parasite","floor":20.0,"turns":3.0},{"damage":7.0,"enemies":"WA_ARCHETYPE_RETAIN","floor":21.0,"turns":4.0},{"damage":0.0,"enemies":"Shelled Parasite and Fungi","floor":23.0,"turns":2.0},{"damage":4.0,"enemies":"3 Cultists","floor":25.0,"turns":2.0},{"damage":11.0,"enemies":"downfall:FleeingMerchant","floor":27.0,"turns":4.0},{"damage":7.0,"enemies":"Centurion and Healer","floor":29.0,"turns":2.0},{"damage":17.0,"enemies":"Snake Plant","floor":31.0,"turns":2.0},{"damage":3.0,"enemies":"3 Cultists","floor":32.0,"turns":4.0},{"damage":23.0,"enemies":"IC_MUSHROOM_ARCHETYPE","floor":33.0,"turns":3.0},{"damage":49.0,"enemies":"3 Darklings","floor":36.0,"turns":4.0},{"damage":0.0,"enemies":"infinitespire:Three Voidlings","floor":38.0,"turns":2.0},{"damage":152.0,"enemies":"Nightmare_Alpha","floor":38.0,"turns":13.0},{"damage":72,"enemies":"Nightmare","floor":42,"turns":6}],"seed_played":"5860067140222437470","potions_obtained":[{"floor":8.0,"key":"SpeedPotion"},{"floor":11.0,"key":"Guardian:BlockOnCardUsePotion"},{"floor":12.0,"key":"Fire Potion"},{"floor":19.0,"key":"Weak Potion"},{"floor":21.0,"key":"AttackPotion"},{"floor":23.0,"key":"Ancient Potion"},{"floor":29.0,"key":"Energy Potion"},{"floor":30.0,"key":"downfall:CursedFountainPotion"},{"floor":32.0,"key":"Swift Potion"},{"floor":38.0,"key":"Explosive Potion"},{"floor":38.0,"key":"Slimebound:ThreeZeroPotion"},{"floor":38,"key":"BlessingOfTheForge"},{"floor":42,"key":"Weak Potion"}],"is_trial":false,"path_per_floor":["R","M","?","$","T","$","T","E","$","?","M","E","R","?","M","B",null,"R","M","M","?","?","M","T","M","?","$","R","M","?","M","M","B",null,"R","M","$","?","AVR","?","T","NM"],"character_chosen":"SLIMEBOUND","items_purchased":["hubris:HerbalPaste","Shuriken","aspiration:ChemicalBlood","Slimebound:SamplingLick","aspiration:TomeofQuesting","hubris:EvacipatedBox","ClockworkSouvenir","Orichalcum","infinitespire:Lychee Nut","Slimebound:LeadByExample+1","Slimebound:Nibble","Sadistic Nature+1","Specialist+1","Lizard Tail","Ornamental Fan","Slimebound:Gluttony+1","Slimebound:SplitMire","Finesse","aspiration:StickyExplosives_weak","Slimebound:LevelUp+1","Slimebound:Darklings","Slimebound:SplitBruiser","Slimebound:LeechEnergy","expansioncontent:StudyTheSpire","aspiration:EmptySkull","Guide Book"],"campfire_rested":0,"item_purchase_floors":[4,4,4,4,6,6,9,9,9,9,9,9,9,27,27,27,27,27,37,37,37,37,37,37,37,37],"current_hp_per_floor":[120,111,111,98,98,69,69,65,71,71,77,76,76,76,82,80,100,100,94,85,93,93,99,99,96,96,100,100,93,93,82,94,82,100,100,73,73,51,51,51,51,0,0,0],"gold":7288,"neow_bonus":"BOSS_RELIC","is_daily":false,"chose_seed":false,"campfire_upgraded":3,"win_rate":0.0,"timestamp":1611715585,"path_taken":["R","M","?","$","?","?","T","E","$","?","?","E","R","?","M","BOSS","R","M","M","?","?","M","T","M","?","$","R","?","?","M","M","BOSS","R","M","$","?","AVR","?","T","NM"],"items_purchased_type":["Relic","Relic","Relic","Card","Relic","Relic","Relic","Relic","Relic","Card","Card","Card","Card","Relic","Relic","Card","Card","Card","Relic","Card","Card","Card","Card","Card","Relic","Relic"],"build_version":"2020-12-22","purchased_purges":4,"victory":false,"max_hp_per_floor":[120,120,120,120,120,120,120,120,90,90,90,100,100,100,100,100,100,100,100,100,100,100,100,100,100,100,100,100,100,100,100,100,100,100,100,100,100,100,100,100,100,100,100,100],"card_choices":[{"not_picked":["Slimebound:LeechEnergy","Slimebound:LivingWall"],"picked":"Slimebound:SamplingLick","floor":2.0},{"not_picked":["Slimebound:GrowthPunch","Slimebound:ComboTackle"],"picked":"Slimebound:GoopSpray","floor":4.0},{"not_picked":["Slimebound:Repurpose","Slimebound:SlimeBarrage"],"picked":"Slimebound:WasteNot","floor":8.0},{"not_picked":["Slimebound:ViciousTackle","Slimebound:FormOfPuddle"],"picked":"Slimebound:Prepare","floor":9.0},{"not_picked":["Slimebound:LeechEnergy","Slimebound:SlimeBrawl","Slimebound:DisruptingSlam"],"picked":"SKIP","floor":11.0},{"not_picked":["Slimebound:MinionMaster+1","Slimebound:LeechingTouch"],"picked":"Slimebound:Prepare","floor":12.0},{"not_picked":["Slimebound:SpikyOuterGoop+1","Slimebound:LeechingTouch"],"picked":"Slimebound:GoopSpray","floor":15.0},{"not_picked":["Slimebound:SlimeSlap","Slimebound:MassFeed"],"picked":"Slimebound:Overexert+1","floor":16.0},{"not_picked":["Slimebound:LeechEnergy","Slimebound:ForwardTackle","Slimebound:PressTheAttack"],"picked":"SKIP","floor":19.0},{"not_picked":["Slimebound:Prepare","Slimebound:LeechingTouch"],"picked":"Slimebound:TongueLash","floor":20.0},{"not_picked":["Slimebound:DisruptingSlam","Slimebound:SlimeBarrage"],"picked":"Slimebound:Nibble","floor":21.0},{"not_picked":["Slimebound:LeechingTouch+1","Slimebound:GoopTackle","Slimebound:ServeAndProtect"],"picked":"Slimebound:SplitMire+1","floor":23.0},{"not_picked":["Slimebound:LivingWall","Slimebound:Chomp","Slimebound:LeechEnergy","Slimebound:ComboTackle"],"picked":"SKIP","floor":25.0},{"not_picked":["Slimebound:ItLooksTasty","Slimebound:SlimeSpikes","Slimebound:RollThrough"],"picked":"Slimebound:HauntingLick","floor":27.0},{"not_picked":["Slimebound:Prepare+1","Slimebound:SplitAcid","Slimebound:FirmFortitude"],"picked":"Slimebound:HungryTackle","floor":29.0},{"not_picked":["Slimebound:Replication","Slimebound:Prepare","Slimebound:LeechingTouch"],"picked":"Slimebound:GoopSpray","floor":31.0},{"not_picked":["Slimebound:LeechingTouch","Slimebound:SplitAcid","Slimebound:Chomp"],"picked":"Slimebound:Prepare","floor":32.0},{"not_picked":["Slimebound:FirmFortitude","Slimebound:OneTwoCombo","Slimebound:LeechLife"],"picked":"Slimebound:DuplicatedForm+1","floor":33.0},{"not_picked":["Slimebound:SplitMire+1","Slimebound:LeechEnergy+1","Slimebound:DivideAndConquer"],"picked":"Slimebound:MegaLick+1","floor":36.0},{"not_picked":["infinitespire:FinalStrike","infinitespire:Punishment"],"picked":"infinitespire:UltimateForm","floor":38},{"not_picked":["Slimebound:GoopTackle+1","Slimebound:SplitAcid","Slimebound:SplitSpecialist"],"picked":"Slimebound:GoopSpray","floor":38}],"player_experience":156493,"relics_obtained":[{"floor":5.0,"key":"Frozen Egg 2"},{"floor":8.0,"key":"infinitespire:Satchel"},{"floor":12.0,"key":"infinitespire:CursedDice"},{"floor":18.0,"key":"Boot"},{"floor":21.0,"key":"Ice Cream"},{"floor":21.0,"key":"Question Card"},{"floor":38,"key":"hubris:MedicalManual"},{"floor":41,"key":"Dream Catcher"}],"event_choices":[{"damage_healed":0.0,"max_hp_gain":0.0,"max_hp_loss":0.0,"gold_gain":0.0,"event_name":"Accursed Blacksmith","player_choice":"Rummage","floor":10.0,"gold_loss":0.0,"damage_taken":0.0,"relics_obtained":["WarpedTongs"],"cards_obtained":["Pain"]},{"damage_healed":0.0,"max_hp_gain":0.0,"max_hp_loss":0.0,"gold_gain":0.0,"event_name":"Vampires","player_choice":"Ignored","floor":22.0,"gold_loss":0.0,"damage_taken":0.0},{"damage_healed":0,"gold_gain":0,"player_choice":"Ignored","damage_taken":0,"max_hp_gain":0,"max_hp_loss":0,"event_name":"Vampires","floor":38,"gold_loss":0},{"cards_removed":["Slimebound:HungryTackle"],"damage_healed":0,"gold_gain":0,"player_choice":"Removed Attack","damage_taken":0,"max_hp_gain":0,"max_hp_loss":0,"event_name":"Falling","floor":40,"gold_loss":0}],"is_beta":false,"boss_relics":[{"not_picked":["SlaversCollar","Ring of Chaos","Cursed Key"],"picked":"Replay:Grab Bag"},{"not_picked":["hubris:GrandSneckoEye","Replay:Bronze Core","Pandora\u0027s Box"],"picked":"beaked:SacredNecklace"},{"not_picked":["Abe\u0027s Treasure","bronze:MakeshiftBattery","Sozu"],"picked":"aspiration:SecretTechniqueScroll"},{"not_picked":["Snecko Eye","aspiration:SilentSkillbook","Slimebound:TarBlob"],"picked":"Runic Pyramid"},{"not_picked":["aspiration:RunicSpoon","aspiration:FutureDiary","hubris:Backtick"],"picked":"hubris:BlackHole"}],"items_purged_floors":[4,9,27,37],"is_endless":false,"potions_floor_spawned":[8,11,12,19,20,23,29,32,38,38],"killed_by":"Nightmare","ascension_level":0}}