{"host":"xkfvvb2eqyo6l3km","time":1611768853,"event":{"mods":["AchievementEnabler","AlwaysNeverKeys","BaseMod","Better Third Choice","BetterRewards","Block Reminder","Card Forge","Colored Map","Colored Powertips","DeckTracker","Energized Spire","Force Act Four","Hubris","Jorbs\u0027s Wanderer Trilogy","Minty Spire (QoL Compilation)","Permanent Neow","Quick Restart","Replay The Spire","Spicy Shops","StSLib","The Blackbeard","The Blue Laboratory","The Cursed","The Disciple","The Hierophant","The Necromancer","The Sage","The Valiant"],"gold_per_floor":[112,112,132,143,160,160,193,193,220,220,220,25,53,72,72,171,171,85,103,115,165,181,208,223,223,223,235,274,286,329,351,363,475,487,510,540,5,22,60,91,106,117,140,153,187,62,75,90,90,90,90,90,27,58,58],"floor_reached":56,"language":"ENG","playtime":4020,"items_purged":["stsjorbsmod:Strike_Wanderer","stsjorbsmod:Defend_Wanderer","stsjorbsmod:Defend_Wanderer"],"score":1508,"play_id":"a2f45a10-9669-49cf-bc1a-487b28983b81","local_time":"20210127153413","is_ascension_mode":false,"campfire_choices":[{"data":"stsjorbsmod:TinyHut","floor":6,"key":"SMITH"},{"data":"stsjorbsmod:ArcaneWeapon","floor":8,"key":"SMITH"},{"data":"stsjorbsmod:ArcaneWeapon","floor":10,"key":"SMITH"},{"floor":15,"key":"REST"},{"data":"stsjorbsmod:MagicMissiles","floor":25,"key":"SMITH"},{"data":"stsjorbsmod:DisguiseSelf","floor":27,"key":"SMITH"},{"data":"stsjorbsmod:TrueStrike","floor":29,"key":"SMITH"},{"data":"stsjorbsmod:Prestidigitation","floor":32,"key":"SMITH"},{"data":"stsjorbsmod:IvoryTower","floor":52,"key":"SMITH"}],"circlet_count":0,"master_deck":["stsjorbsmod:ForbiddenGrimoire+1","stsjorbsmod:Strike_Wanderer+1","stsjorbsmod:Strike_Wanderer","stsjorbsmod:Defend_Wanderer","stsjorbsmod:Defend_Wanderer","stsjorbsmod:FreshAdventure","stsjorbsmod:EyeOfTheStorm","stsjorbsmod:ArcaneWeapon+1","stsjorbsmod:ArcaneWeapon+1","stsjorbsmod:TinyHut+1","stsjorbsmod:HedgeWizard+1","stsjorbsmod:Firebolt","stsjorbsmod:RayOfFrost+1","stsjorbsmod:Rediscovery+1","stsjorbsmod:ChatteringStrike","stsjorbsmod:Message+1","stsjorbsmod:DisguiseSelf+1","stsjorbsmod:MagicMissiles+1","stsjorbsmod:TrueStrike+1","stsjorbsmod:Withdraw","stsjorbsmod:ArcaneWeapon+1","stsjorbsmod:Prestidigitation+1","stsjorbsmod:Prestidigitation+1","stsjorbsmod:Materialize+1","stsjorbsmod:TrueStrike+1","stsjorbsmod:Entangle+1","stsjorbsmod:DisguiseSelf+1","stsjorbsmod:IvoryTower+1","stsjorbsmod:Materialize","stsjorbsmod:DoubleCheck"],"relics":["stsjorbsmod:GrimoireRelic","Hammer of Thor","Seething Fire","Anvil of the Gods","Oddly Smooth Stone","Replay:Towering Pillar of Hats","OrangePellets","Bag of Marbles","Thread and Needle","Anchor","hubris:Icosahedron","Replay:Wax Seal","ClockworkSouvenir","CaptainsWheel","Question Card","Replay:Ancient Bell","Replay:Baseball","Blue Candle","Calipers","Bag of Preparation","MawBank","stsjorbsmod:BottledMemoryRelic","Vajra","energizedSpire:SpiderWeb","stsjorbsmod:MindPalaceRelic","HornCleat","ReplayTheSpireMod:CursedCoin","Juzu Bracelet","sagemod:Singing_Vial","Winged Necklace","Nunchaku","Replay:Bottled Eggs","Centennial Puzzle"],"acts_visited":["Exordium","TheCity","TheBeyond","TheEnding"],"potions_floor_usage":[55,55,55],"damage_taken":[{"damage":0,"enemies":"Small Slimes","floor":1,"turns":3},{"damage":0,"enemies":"Cultist","floor":3,"turns":3},{"damage":5,"enemies":"Jaw Worm","floor":4,"turns":4},{"damage":1,"enemies":"Exordium Thugs","floor":5,"turns":4},{"damage":7,"enemies":"Gremlin Nob","floor":7,"turns":5},{"damage":3,"enemies":"Lagavulin","floor":13,"turns":5},{"damage":0,"enemies":"Blue Slaver","floor":14,"turns":3},{"damage":9,"enemies":"Slime Boss","floor":16,"turns":7},{"damage":1,"enemies":"3 Byrds","floor":18,"turns":5},{"damage":0,"enemies":"Chosen","floor":19,"turns":4},{"damage":0,"enemies":"Snake Plant","floor":20,"turns":6},{"damage":2,"enemies":"Shelled Parasite and Fungi","floor":22,"turns":5},{"damage":10,"enemies":"Gremlin Leader","floor":23,"turns":8},{"damage":0,"enemies":"Sentry and Sphere","floor":24,"turns":5},{"damage":0,"enemies":"Slavers","floor":28,"turns":7},{"damage":0,"enemies":"Gremlin Leader","floor":30,"turns":7},{"damage":0,"enemies":"Centurion and Healer","floor":31,"turns":6},{"damage":8,"enemies":"Champ","floor":33,"turns":9},{"damage":0,"enemies":"Orb Walker","floor":35,"turns":4},{"damage":7,"enemies":"3 Shapes","floor":36,"turns":5},{"damage":0,"enemies":"Sphere and 2 Shapes","floor":38,"turns":4},{"damage":0,"enemies":"Giant Head","floor":40,"turns":6},{"damage":0,"enemies":"3 Darklings","floor":41,"turns":4},{"damage":0,"enemies":"Jaw Worm Horde","floor":42,"turns":4},{"damage":0,"enemies":"Spire Growth","floor":44,"turns":4},{"damage":0,"enemies":"Nemesis","floor":45,"turns":5},{"damage":0,"enemies":"Writhing Mass","floor":47,"turns":5},{"damage":0,"enemies":"Maw","floor":48,"turns":6},{"damage":15,"enemies":"Time Eater","floor":50,"turns":8},{"damage":0,"enemies":"Shield and Spear","floor":54,"turns":7},{"damage":45,"enemies":"The Heart","floor":55,"turns":9}],"seed_played":"7792642668861658242","potions_obtained":[{"floor":4,"key":"Milkshake"},{"floor":5,"key":"blueLaboratory:LouseDecoction"},{"floor":7,"key":"Fire Potion"},{"floor":19,"key":"Fire Potion"},{"floor":24,"key":"SkillPotion"}],"is_trial":false,"path_per_floor":["M","?","M","M","M","R","E","R","T","R","?","$","E","M","R","B",null,"M","M","M","?","M","E","M","R","T","R","E","R","E","M","R","B",null,"M","M","$","M","?","E","M","M","T","M","E","$","M","M","R_BF","B",null,"R","$","E","B",null],"character_chosen":"WANDERER","items_purchased":["stsjorbsmod:ArcaneWeapon","Oddly Smooth Stone","OrangePellets","Bag of Marbles","Replay:Wax Seal","ClockworkSouvenir","CaptainsWheel","stsjorbsmod:MindPalaceRelic","HornCleat","ReplayTheSpireMod:CursedCoin","Juzu Bracelet","stsjorbsmod:Materialize"],"campfire_rested":1,"item_purchase_floors":[0,0,0,0,12,12,12,37,37,37,37,53],"current_hp_per_floor":[38,38,41,38,41,41,37,37,37,37,37,37,37,38,59,50,72,72,72,72,72,72,62,64,64,64,64,66,66,69,71,71,63,72,72,66,66,70,52,59,62,65,65,68,71,71,76,80,80,65,80,80,80,80,35],"gold":58,"neow_bonus":"","is_daily":false,"chose_seed":false,"campfire_upgraded":8,"win_rate":0.0,"timestamp":1611768853,"path_taken":["M","?","M","M","?","R","E","R","T","R","?","?","E","M","R","BOSS","M","M","M","?","?","E","M","R","T","R","E","R","E","M","R","BOSS","M","M","$","M","?","E","M","M","T","M","E","$","M","M","R_BF","BOSS","R","$","E","BOSS"],"items_purchased_type":["Card","Relic","Relic","Relic","Relic","Relic","Relic","Relic","Relic","Relic","Relic","Card"],"build_version":"2020-12-22","purchased_purges":3,"victory":true,"max_hp_per_floor":[68,68,70,70,72,72,72,72,72,72,72,72,72,72,72,72,72,72,72,72,72,72,72,72,72,72,72,72,72,72,72,72,72,72,72,72,72,74,74,76,76,76,76,76,76,76,78,80,80,80,80,80,80,80,80],"card_choices":[{"not_picked":["stsjorbsmod:Will","stsjorbsmod:RayOfFrost"],"picked":"stsjorbsmod:ArcaneWeapon","floor":1},{"not_picked":["stsjorbsmod:Index","stsjorbsmod:WeightOfMemory"],"picked":"stsjorbsmod:TinyHut","floor":3},{"not_picked":["stsjorbsmod:BookOfTongues","stsjorbsmod:Mindworm"],"picked":"stsjorbsmod:HedgeWizard","floor":4},{"not_picked":["stsjorbsmod:UnseenServant","stsjorbsmod:Prepare","stsjorbsmod:FracturedMind"],"picked":"SKIP","floor":5},{"not_picked":["stsjorbsmod:Hurt","stsjorbsmod:ParryingBlow"],"picked":"stsjorbsmod:Firebolt","floor":7},{"not_picked":["stsjorbsmod:Mindworm","stsjorbsmod:Banish","stsjorbsmod:Counterspell"],"picked":"SKIP","floor":13},{"not_picked":["stsjorbsmod:BlackTentacles","stsjorbsmod:UnseenServant","stsjorbsmod:Hibernate"],"picked":"stsjorbsmod:RayOfFrost","floor":14},{"not_picked":["stsjorbsmod:MirrorImage","stsjorbsmod:ThirstingSword","stsjorbsmod:Banish"],"picked":"stsjorbsmod:Rediscovery","floor":16},{"not_picked":["stsjorbsmod:PollutedStrike","CommonCold","hubris:Wrath"],"picked":"Normality","floor":17},{"not_picked":["Looming Evil","Parasite","hubris:Disease"],"picked":"Writhe","floor":17},{"not_picked":["Looming Evil","Hallucinations","hubris:Lust"],"picked":"Clumsy","floor":17},{"not_picked":["stsjorbsmod:Mania","stsjorbsmod:FlameWard","stsjorbsmod:Introspection"],"picked":"stsjorbsmod:ChatteringStrike","floor":18},{"not_picked":["stsjorbsmod:FlameWard+1","stsjorbsmod:Materialize","stsjorbsmod:TollTheDead"],"picked":"stsjorbsmod:Message","floor":19},{"not_picked":["stsjorbsmod:BlackTentacles","stsjorbsmod:FracturedMind","stsjorbsmod:Index"],"picked":"stsjorbsmod:DisguiseSelf","floor":20},{"not_picked":["stsjorbsmod:Introspection","stsjorbsmod:ChatteringStrike","stsjorbsmod:ParryingBlow+1"],"picked":"stsjorbsmod:MagicMissiles","floor":22},{"not_picked":["stsjorbsmod:Hibernate","stsjorbsmod:Inferno","stsjorbsmod:UnseenServant","stsjorbsmod:RayOfFrost"],"picked":"SKIP","floor":23},{"not_picked":["stsjorbsmod:MagicMissiles","stsjorbsmod:FracturedMind","stsjorbsmod:Hurt"],"picked":"stsjorbsmod:TrueStrike","floor":24},{"not_picked":["stsjorbsmod:MistyStep","stsjorbsmod:Message","stsjorbsmod:Mania"],"picked":"stsjorbsmod:Withdraw","floor":28},{"not_picked":["stsjorbsmod:DisguiseSelf+1","stsjorbsmod:LoseGrip","stsjorbsmod:SchoolsOfMagic+1"],"picked":"stsjorbsmod:ArcaneWeapon","floor":30},{"not_picked":["stsjorbsmod:FracturedMind+1","stsjorbsmod:MagicMissiles","stsjorbsmod:UnseenServant+1"],"picked":"stsjorbsmod:Prestidigitation","floor":31},{"not_picked":["stsjorbsmod:Trauma","stsjorbsmod:ThirstingSword","stsjorbsmod:Fireball"],"picked":"stsjorbsmod:Pyromancy","floor":33},{"not_picked":["stsjorbsmod:Rest+1","stsjorbsmod:Firebolt","stsjorbsmod:FaerieFire+1"],"picked":"stsjorbsmod:Prestidigitation","floor":35},{"not_picked":["stsjorbsmod:Hurt+1","stsjorbsmod:Message+1","stsjorbsmod:Counterspell+1"],"picked":"stsjorbsmod:Materialize","floor":36},{"not_picked":["stsjorbsmod:FlameWard+1","stsjorbsmod:DoubleCheck+1","stsjorbsmod:Rest+1","stsjorbsmod:UnseenServant+1"],"picked":"SKIP","floor":38},{"not_picked":["stsjorbsmod:Index","stsjorbsmod:SchoolsOfMagic+1","stsjorbsmod:MistyStep","stsjorbsmod:UnseenServant"],"picked":"Singing Bowl","floor":39},{"not_picked":["stsjorbsmod:SchoolsOfMagic+1","stsjorbsmod:Message+1","stsjorbsmod:BlackTentacles+1"],"picked":"stsjorbsmod:TrueStrike+1","floor":39},{"not_picked":["stsjorbsmod:ScorchingRay","stsjorbsmod:RayOfFrost","stsjorbsmod:LocateObject"],"picked":"stsjorbsmod:Entangle","floor":40},{"not_picked":["stsjorbsmod:Mending+1","stsjorbsmod:Firebolt+1","stsjorbsmod:Prepare+1","stsjorbsmod:UnseenServant"],"picked":"Singing Bowl","floor":41},{"not_picked":["stsjorbsmod:Firebolt","stsjorbsmod:SmithingStrike","stsjorbsmod:FaerieFire","stsjorbsmod:RayOfFrost"],"picked":"SKIP","floor":42},{"not_picked":["stsjorbsmod:Channel+1","stsjorbsmod:LoseGrip","stsjorbsmod:ChainLightning"],"picked":"stsjorbsmod:DisguiseSelf+1","floor":44},{"not_picked":["stsjorbsmod:ChatteringStrike","stsjorbsmod:ParryingBlow+1","stsjorbsmod:ColorSpray","stsjorbsmod:Prestidigitation"],"picked":"SKIP","floor":45},{"not_picked":["stsjorbsmod:Prestidigitation","stsjorbsmod:LocateObject+1","stsjorbsmod:SmithingStrike+1"],"picked":"stsjorbsmod:IvoryTower","floor":47},{"not_picked":["stsjorbsmod:Mending","stsjorbsmod:Mania","stsjorbsmod:ScorchingRay","stsjorbsmod:FracturedMind+1"],"picked":"SKIP","floor":48},{"not_picked":["stsjorbsmod:FlameWard","stsjorbsmod:ParryingBlow+1","stsjorbsmod:Counterspell+1"],"picked":"stsjorbsmod:DoubleCheck","floor":54}],"player_experience":290446,"relics_obtained":[{"floor":7,"key":"Thread and Needle"},{"floor":9,"key":"Anchor"},{"floor":13,"key":"Question Card"},{"floor":23,"key":"Bag of Preparation"},{"floor":26,"key":"MawBank"},{"floor":28,"key":"stsjorbsmod:BottledMemoryRelic"},{"floor":30,"key":"Vajra"},{"floor":39,"key":"sagemod:Singing_Vial"},{"floor":40,"key":"Winged Necklace"},{"floor":43,"key":"Nunchaku"},{"floor":45,"key":"Replay:Bottled Eggs"},{"floor":54,"key":"Centennial Puzzle"}],"event_choices":[{"cards_removed":["stsjorbsmod:Strike_Wanderer"],"damage_healed":0,"gold_gain":0,"player_choice":"Offered Basic","damage_taken":0,"max_hp_gain":0,"max_hp_loss":0,"event_name":"Bonfire Elementals","floor":2,"gold_loss":0},{"damage_healed":0,"gold_gain":100,"player_choice":"Bet on Murderer","damage_taken":0,"max_hp_gain":0,"max_hp_loss":0,"event_name":"The Joust","floor":21,"gold_loss":50}],"is_beta":false,"boss_relics":[{"not_picked":["Coffee Dripper","sagemod:Falmels_Amulet"],"picked":"Replay:Ancient Bell"},{"not_picked":["Blood Vial","Lantern"],"picked":"Replay:Baseball"},{"not_picked":["Prayer Beads","hubris:DeckOfHolding"],"picked":"Blue Candle"},{"not_picked":["Du-Vu Doll","Prayer Wheel"],"picked":"Calipers"},{"not_picked":["Cursed Key","Painkiller Herb"],"picked":"energizedSpire:SpiderWeb"}],"items_purged_floors":[0,0,46],"is_endless":false,"potions_floor_spawned":[4,5,7,18,19,24,28,36,38,47,48],"ascension_level":0}}