{"host":"w7o06k3e8uel8euj","time":1611743262,"event":{"mods":["AchievementEnabler","BaseMod","Colored Powertips","Custom Start","DeckTracker","Keyboard Shortcuts","Minty Spire (QoL Compilation)","Quick Restart","Relic Stats","StSLib","SuperFastMode","everything is the same but u backflip on backflip"],"gold_per_floor":[16,34,51,68,80,105,105,133,133,145,177,190,190,200,200,277,277,293,312,16,33,83,83,116,136,187,206,220,220,248,248,248,248,248],"floor_reached":33,"language":"KOR","playtime":944,"items_purged":["Bash"],"score":686,"play_id":"7ab37fe7-0813-462b-91bb-b0581b30a1b4","local_time":"20210127192742","is_ascension_mode":true,"campfire_choices":[{"data":"Pommel Strike","floor":7,"key":"SMITH"},{"data":"Pommel Strike","floor":13,"key":"SMITH"},{"data":"Evolve","floor":15,"key":"SMITH"},{"data":"Feed","floor":23,"key":"SMITH"},{"data":"Feed","floor":29,"key":"SMITH"},{"floor":32,"key":"REST"}],"circlet_count":0,"master_deck":["AscendersBane","Bite","Bite","Bite","Bite","Feed+1","Feed","Feed","Feed","Feed+1","Pommel Strike+1","Fire Breathing","Blood for Blood","Pommel Strike+1","Evolve+1"],"relics":["Black Blood","Strawberry","Pear","Mango","Lee\u0027s Waffle","FaceOfCleric","Blood Vial","Eternal Feather","StrikeDummy","Shuriken","Strawberry","Runic Pyramid","Lee\u0027s Waffle","FossilizedHelix","Akabeko","Red Mask","HornCleat"],"acts_visited":["Exordium","TheCity"],"potions_floor_usage":[16,30,33],"damage_taken":[{"damage":6,"enemies":"Cultist","floor":1,"turns":3},{"damage":12,"enemies":"Jaw Worm","floor":2,"turns":2},{"damage":0,"enemies":"2 Louse","floor":3,"turns":2},{"damage":21,"enemies":"Blue Slaver","floor":4,"turns":3},{"damage":28,"enemies":"Large Slime","floor":5,"turns":5},{"damage":56,"enemies":"Gremlin Nob","floor":6,"turns":5},{"damage":80,"enemies":"Lagavulin","floor":8,"turns":7},{"damage":11,"enemies":"Looter","floor":10,"turns":2},{"damage":30,"enemies":"3 Sentries","floor":11,"turns":4},{"damage":26,"enemies":"Lots of Slimes","floor":12,"turns":5},{"damage":22,"enemies":"Exordium Thugs","floor":14,"turns":4},{"damage":104,"enemies":"Hexaghost","floor":16,"turns":7},{"damage":33,"enemies":"2 Thieves","floor":18,"turns":4},{"damage":50,"enemies":"3 Byrds","floor":19,"turns":6},{"damage":119,"enemies":"3 Cultists","floor":21,"turns":7},{"damage":94,"enemies":"Book of Stabbing","floor":24,"turns":5},{"damage":64,"enemies":"Snake Plant","floor":25,"turns":5},{"damage":51,"enemies":"Cultist and Chosen","floor":27,"turns":7},{"damage":66,"enemies":"Sentry and Sphere","floor":28,"turns":6},{"damage":94,"enemies":"Masked Bandits","floor":30,"turns":6},{"damage":194,"enemies":"Automaton","floor":33,"turns":10}],"seed_played":"5195601187754822353","potions_obtained":[{"floor":2,"key":"BloodPotion"},{"floor":4,"key":"GamblersBrew"},{"floor":5,"key":"Fire Potion"},{"floor":19,"key":"Strength Potion"},{"floor":30,"key":"LiquidBronze"}],"is_trial":false,"path_per_floor":["M","M","M","M","M","E","R","E","T","M","E","M","R","M","R","B",null,"M","M","$","M","?","R","E","M","T","M","M","R","?","T","R","B"],"character_chosen":"IRONCLAD","items_purchased":["BloodPotion","Lee\u0027s Waffle"],"campfire_rested":1,"item_purchase_floors":[20,20],"current_hp_per_floor":[131,135,142,141,142,112,118,70,70,79,84,98,107,112,121,90,175,175,167,227,148,148,157,94,63,63,60,34,43,44,44,135,0,0],"gold":248,"neow_bonus":"TWENTY_PERCENT_HP_BONUS","is_daily":false,"chose_seed":false,"campfire_upgraded":5,"win_rate":0.0,"timestamp":1611743262,"path_taken":["M","M","M","M","M","E","R","E","T","M","E","?","R","M","R","BOSS","M","M","$","M","?","R","E","M","T","M","M","R","?","?","R","BOSS"],"items_purchased_type":["Potion","Relic"],"build_version":"2020-12-22","purchased_purges":1,"victory":false,"max_hp_per_floor":[131,135,142,146,153,157,157,161,161,165,176,192,192,199,199,203,203,210,220,227,237,237,237,242,247,247,255,263,263,275,275,275,275,275],"relic_stats":{"Blood Vial":32,"Lee\u0027s Waffle":74,"FaceOfCleric":20,"counters":[21,105],"Shuriken":[44],"Black Blood":222,"Eternal Feather":51,"obtain_stats":[{"Lee\u0027s Waffle":0,"Pear":0,"Black Blood":0,"Mango":0,"Eternal Feather":6,"Burning Blood":0,"Akabeko":26,"Blood Vial":0,"HornCleat":31,"FaceOfCleric":0,"Shuriken":9,"Strawberry":0,"Red Mask":30,"StrikeDummy":8,"FossilizedHelix":24,"Runic Pyramid":17},{"Lee\u0027s Waffle":0,"Pear":0,"Black Blood":0,"Mango":0,"Eternal Feather":6,"Burning Blood":0,"Akabeko":17,"Blood Vial":0,"HornCleat":20,"FaceOfCleric":0,"Shuriken":7,"Strawberry":0,"Red Mask":20,"StrikeDummy":7,"FossilizedHelix":16,"Runic Pyramid":12},{"Lee\u0027s Waffle":0,"Pear":0,"Black Blood":0,"Mango":0,"Eternal Feather":20,"Burning Blood":0,"Akabeko":76,"Blood Vial":0,"HornCleat":95,"FaceOfCleric":0,"Shuriken":27,"Strawberry":0,"Red Mask":95,"StrikeDummy":27,"FossilizedHelix":71,"Runic Pyramid":49}]},"card_choices":[{"not_picked":["Twin Strike","Thunderclap","Sword Boomerang"],"picked":"SKIP","floor":1},{"not_picked":["Anger","Flex","Bloodletting"],"picked":"SKIP","floor":2},{"not_picked":["Anger","Heavy Blade"],"picked":"Pommel Strike","floor":3},{"not_picked":["Sword Boomerang","Searing Blow"],"picked":"Fire Breathing","floor":4},{"not_picked":["Flame Barrier","Body Slam"],"picked":"Blood for Blood","floor":5},{"not_picked":["Thunderclap","Rampage","Bloodletting"],"picked":"SKIP","floor":6},{"not_picked":["Warcry","Heavy Blade","Iron Wave"],"picked":"SKIP","floor":8},{"not_picked":["Reckless Charge","Warcry","Dropkick"],"picked":"SKIP","floor":10},{"not_picked":["Heavy Blade","Exhume","Disarm"],"picked":"SKIP","floor":11},{"not_picked":["Body Slam","Clothesline"],"picked":"Pommel Strike","floor":12},{"not_picked":["Rampage","Sword Boomerang"],"picked":"Evolve","floor":14},{"not_picked":["Inflame","Carnage","Sentinel"],"picked":"SKIP","floor":18},{"not_picked":["Twin Strike","Bloodletting","Shrug It Off"],"picked":"SKIP","floor":19},{"not_picked":["True Grit+1","Sword Boomerang","Feel No Pain"],"picked":"SKIP","floor":21},{"not_picked":["Pummel","Perfected Strike","Exhume"],"picked":"SKIP","floor":24},{"not_picked":["Heavy Blade","Flex","Wild Strike"],"picked":"SKIP","floor":25},{"not_picked":["Wild Strike","Armaments+1","Dropkick"],"picked":"SKIP","floor":27},{"not_picked":["Headbutt+1","Rupture","Bludgeon"],"picked":"SKIP","floor":28}],"player_experience":508810,"relics_obtained":[{"floor":6,"key":"Eternal Feather"},{"floor":8,"key":"StrikeDummy"},{"floor":9,"key":"Shuriken"},{"floor":11,"key":"Strawberry"},{"floor":24,"key":"FossilizedHelix"},{"floor":26,"key":"Akabeko"},{"floor":30,"key":"Red Mask"},{"floor":31,"key":"HornCleat"}],"event_choices":[{"damage_healed":0,"gold_gain":50,"player_choice":"Stole From Cult","damage_taken":0,"max_hp_gain":0,"max_hp_loss":0,"event_name":"Nest","floor":22,"gold_loss":0},{"damage_healed":0,"gold_gain":0,"player_choice":"Fought Bandits","damage_taken":0,"max_hp_gain":0,"max_hp_loss":0,"event_name":"Masked Bandits","floor":30,"gold_loss":0}],"is_beta":false,"boss_relics":[{"not_picked":["Runic Cube","Tiny House"],"picked":"Runic Pyramid"}],"items_purged_floors":[20],"is_endless":false,"potions_floor_spawned":[2,4,5,6,11,19,21,24,30],"killed_by":"Automaton","ascension_level":20}}