{"host":"eeeqmyc7a1933jos","time":1611752281,"event":{"mods":["2.2 Compatiblity","Act Like it!","BaseMod","CapriCore","Colored Powertips","Conspire","Downfall","Elementarium","Friendly Minions","Gensokyo","GifTheSpireLib","Gremlin Mod","Hallownest","Hermit","Hubris","Infinite Spire","Jorbs\u0027s Wanderer Trilogy","Marisa????????","Mimic Mod","Minty Spire (QoL Compilation)","Pale of the Ancients","Random Character Button","Random Character Mod","Rare Cards Sparkle","Reimu??????","Relic Sorter","Relic Stats","SIMod","StSLib","The Administrix","The Bug Knight","The Disciple","The Dragon Tamer","The Hierophant","The Immortal","The Marked","The Mystic","The Runesmith","The Senshi","The Servant 0.9.4","The Vixen","TheFirefly","Wandering Minibosses"],"gold_per_floor":[20,39,59,59,59,86,86,114,154,154,154,187,187,34,34,137,137,156,79,91,110,125,125,156,156,183,195,195,228,273,71,71,170,170,188,188,202,152,202,228,228,178,226,255,255,270,283,383,383,385],"floor_reached":51,"language":"ENG","playtime":3082,"items_purged":["Pain","theMarked:Defend","theMarked:Strike","theMarked:Strike","theMarked:Aftermath"],"score":993,"play_id":"cd127ed7-c974-4421-9a92-360bfe5d20f0","local_time":"20210127135801","is_ascension_mode":true,"campfire_choices":[{"floor":7,"key":"REST"},{"data":"theMarked:Improvise","floor":10,"key":"SMITH"},{"data":"theMarked:StartUp","floor":13,"key":"SMITH"},{"data":"theMarked:MuscleMemory","floor":15,"key":"SMITH"},{"data":"theMarked:Improvise","floor":23,"key":"SMITH"},{"data":"theMarked:HeightenedSenses","floor":25,"key":"SMITH"},{"data":"theMarked:EternalStudent","floor":28,"key":"SMITH"},{"data":"theMarked:SoldierOfQuellstein","floor":32,"key":"SMITH"},{"data":"theMarked:Levitate","floor":45,"key":"SMITH"},{"floor":49,"key":"REST"}],"circlet_count":0,"master_deck":["theMarked:SoldierOfQuellstein+1","theMarked:Improvise+1","theMarked:EmpowerWeapon","theMarked:FavorableWinds+1","theMarked:MuscleMemory+1","theMarked:StartUp+1","theMarked:Challenge","theMarked:EternalStudent+1","theMarked:HeightenedSenses+1","theMarked:Improvise+1","theMarked:Convert+1","theMarked:Aftermath+1","theMarked:HeightenedSenses+1","theMarked:Levitate+1","theMarked:TurnInvisible","theMarked:EnhanceMovement"],"relics":["theMarked:ArtifactOfAir","Pear","Vajra","Juzu Bracelet","Smiling Mask","Gensokyo:LunaticRedEyes","Nunchaku","bronze:MakeshiftBattery","hubris:CrystalStatue","Bag of Preparation","infinitespire:EmpoweringShard","Toolbox","infinitespire:Cupcake","War Paint","CatCart","theMarked:NailFile","infinitespire:PuzzleCube","hubris:SlimyHat"],"acts_visited":["Exordium","Gensokyo:Gensokyo","TheBeyond"],"potions_floor_usage":[6,12,16,33,39,39,50],"damage_taken":[{"damage":2,"enemies":"Gensokyo:Python","floor":1,"turns":3},{"damage":0,"enemies":"Gensokyo:3_Fairies","floor":2,"turns":3},{"damage":4,"enemies":"Gensokyo:2_Kodama","floor":3,"turns":3},{"damage":2,"enemies":"Gensokyo:Aya","floor":6,"turns":4},{"damage":4,"enemies":"Gensokyo:Mamizou","floor":8,"turns":7},{"damage":4,"enemies":"Gensokyo:LivingMonolith","floor":9,"turns":5},{"damage":1,"enemies":"Gensokyo:Cirno","floor":12,"turns":5},{"damage":18,"enemies":"Gensokyo:Kokoro","floor":16,"turns":7},{"damage":5,"enemies":"Hallownest:Flukemon_and_Top","floor":18,"turns":4},{"damage":4,"enemies":"Hallownest:2_Mistakes","floor":20,"turns":5},{"damage":5,"enemies":"Hallownest:2_Flukemon","floor":21,"turns":6},{"damage":8,"enemies":"Hallownest:2_Husk_Sentries","floor":22,"turns":4},{"damage":0,"enemies":"Hallownest:eliteWatcherKnight","floor":24,"turns":7},{"damage":0,"enemies":"Hallownest:monsterShrumalOgre","floor":27,"turns":2},{"damage":0,"enemies":"Hallownest:eliteSoulWarrior","floor":29,"turns":2},{"damage":0,"enemies":"Hallownest:Glutton_and_Coward","floor":30,"turns":2},{"damage":0,"enemies":"Hallownest:BossGrimm","floor":33,"turns":4},{"damage":4,"enemies":"3 Shapes","floor":35,"turns":3},{"damage":3,"enemies":"3 Darklings","floor":37,"turns":3},{"damage":24,"enemies":"Orin","floor":39,"turns":8},{"damage":0,"enemies":"Nemesis","floor":40,"turns":3},{"damage":0,"enemies":"Giant Head","floor":44,"turns":5},{"damage":0,"enemies":"Maw","floor":46,"turns":3},{"damage":0,"enemies":"Spire Growth","floor":47,"turns":3},{"damage":62,"enemies":"conspire:OrnateMirror","floor":50,"turns":9}],"seed_played":"-1111981433793551786","potions_obtained":[{"floor":2,"key":"Explosive Potion"},{"floor":3,"key":"ColorlessPotion"},{"floor":6,"key":"hexamod:SoulburnPotion"},{"floor":18,"key":"ColorlessPotion"},{"floor":20,"key":"ZuzhouPotion:ReiMu"},{"floor":21,"key":"Strength Potion"},{"floor":30,"key":"AttackPotion"},{"floor":40,"key":"Regen Potion"},{"floor":47,"key":"Explosive Potion"}],"is_trial":false,"path_per_floor":["M","M","M","?","?","E","R","E","MIM","R","?","E","R","$","R","B",null,"M","$","M","M","M","R","E","R","T","M","R","E","M","$","R","B",null,"M","AVR","M","$","?","E","?","$","T","E","R","M","M","?","R","B",null],"character_chosen":"THE_DEFAULT","items_purchased":["theMarked:Challenge","theMarked:Improvise","Toolbox"],"campfire_rested":2,"item_purchase_floors":[14,19,31],"current_hp_per_floor":[68,68,64,36,31,29,53,49,45,45,45,44,44,44,44,26,80,75,75,71,66,58,58,58,58,58,58,58,58,58,58,58,58,80,76,76,73,73,51,51,51,51,51,51,51,51,51,51,75,22],"gold":385,"neow_bonus":"REMOVE_TWO","is_daily":false,"chose_seed":false,"campfire_upgraded":8,"win_rate":0.0,"timestamp":1611752281,"path_taken":["M","M","M","?","?","E","R","E","MIM","R","?","E","R","?","R","BOSS","M","$","M","M","M","R","E","R","T","M","R","E","M","$","R","BOSS","M","AVR","M","$","?","E","?","$","T","E","R","M","M","?","R","BOSS"],"items_purchased_type":["Card","Card","Relic"],"build_version":"2020-12-22","purchased_purges":5,"victory":true,"max_hp_per_floor":[70,70,70,70,80,80,80,80,80,80,80,80,80,80,80,80,80,80,80,80,80,80,80,80,80,80,80,80,80,80,80,80,80,80,80,80,80,80,80,80,80,80,80,80,80,80,80,80,80,80],"relic_stats":{"Nunchaku":[16],"counters":[25,110],"Juzu Bracelet":1,"Bag of Preparation":[24],"War Paint":["theMarked:FavorableWinds","theMarked:Defend"],"Smiling Mask":250,"obtain_stats":[{"theMarked:NailFile":40,"Pear":5,"hubris:CrystalStatue":24,"Vajra":6,"Juzu Bracelet":8,"Bag of Preparation":26,"hubris:SlimyHat":44,"War Paint":36,"Smiling Mask":9,"Gensokyo:LunaticRedEyes":11,"theMarked:ArtifactOfAir":0,"Nunchaku":12,"Toolbox":31,"infinitespire:EmpoweringShard":29,"CatCart":39,"bronze:MakeshiftBattery":17,"infinitespire:PuzzleCube":43,"infinitespire:Cupcake":34},{"theMarked:NailFile":21,"Pear":3,"hubris:CrystalStatue":13,"Vajra":4,"Juzu Bracelet":5,"Bag of Preparation":13,"hubris:SlimyHat":22,"War Paint":18,"Smiling Mask":6,"Gensokyo:LunaticRedEyes":6,"theMarked:ArtifactOfAir":0,"Nunchaku":7,"Toolbox":16,"infinitespire:EmpoweringShard":15,"CatCart":20,"bronze:MakeshiftBattery":8,"infinitespire:PuzzleCube":21,"infinitespire:Cupcake":17},{"theMarked:NailFile":90,"Pear":9,"hubris:CrystalStatue":63,"Vajra":13,"Juzu Bracelet":20,"Bag of Preparation":63,"hubris:SlimyHat":95,"War Paint":76,"Smiling Mask":25,"Gensokyo:LunaticRedEyes":25,"theMarked:ArtifactOfAir":0,"Nunchaku":30,"Toolbox":69,"infinitespire:EmpoweringShard":67,"CatCart":87,"bronze:MakeshiftBattery":37,"infinitespire:PuzzleCube":90,"infinitespire:Cupcake":73}]},"card_choices":[{"not_picked":["theMarked:WastefulAttack","theMarked:OneWithTheBlade"],"picked":"theMarked:Improvise","floor":1},{"not_picked":["theMarked:WardOff","theMarked:SwordAndMagic"],"picked":"theMarked:EmpowerWeapon","floor":2},{"not_picked":["theMarked:WastefulAttack","theMarked:ChainLightning"],"picked":"theMarked:FavorableWinds","floor":3},{"not_picked":["theMarked:ElectricStrings","theMarked:BanishingStrike"],"picked":"theMarked:MuscleMemory","floor":6},{"not_picked":["theMarked:PowerFlow","theMarked:SelfDefenseTraining"],"picked":"theMarked:StartUp","floor":8},{"not_picked":["theMarked:Memento","theMarked:ChannelForce"],"picked":"theMarked:Aftermath","floor":9},{"not_picked":["theMarked:Snap","theMarked:Overthink","theMarked:Parkour"],"picked":"SKIP","floor":12},{"not_picked":["theMarked:MagusForm","theMarked:Vacuum"],"picked":"theMarked:EternalStudent","floor":16},{"not_picked":["theMarked:BanishingWave","theMarked:ChannelForce"],"picked":"theMarked:HeightenedSenses","floor":18},{"not_picked":["theMarked:WardOff","theMarked:ChannelForce"],"picked":"theMarked:Convert+1","floor":20},{"not_picked":["theMarked:ElectricStrings","theMarked:WastefulAttack"],"picked":"theMarked:Aftermath+1","floor":21},{"not_picked":["theMarked:Aftermath","theMarked:ResourceFulStrike","theMarked:KeepCalmAndFight"],"picked":"SKIP","floor":22},{"not_picked":["theMarked:BanishingStrike","theMarked:TakeCover","theMarked:WardOff"],"picked":"SKIP","floor":24},{"not_picked":["theMarked:SuspiciousRaven","theMarked:Memento"],"picked":"theMarked:HeightenedSenses+1","floor":27},{"not_picked":["theMarked:HeightenedSenses","theMarked:Standoff"],"picked":"theMarked:Levitate","floor":29},{"not_picked":["theMarked:EmpowerWeapon","theMarked:HeightenedSenses+1","theMarked:TakeCover+1"],"picked":"SKIP","floor":30},{"not_picked":["theMarked:Defy","theMarked:Challenge"],"picked":"theMarked:TurnInvisible","floor":33},{"not_picked":["theMarked:ElectricStrings","theMarked:AttractMetal"],"picked":"theMarked:EnhanceMovement","floor":35},{"not_picked":["theMarked:Improvise","theMarked:ChainLightning","theMarked:DispelDoubt"],"picked":"SKIP","floor":37},{"not_picked":["theMarked:SwordAndMagic+1","theMarked:LightningStrikesTwice+1","theMarked:Memento+1"],"picked":"SKIP","floor":40},{"not_picked":["theMarked:ElectricStrings","theMarked:ResourceFulStrike","theMarked:Electrocute+1"],"picked":"SKIP","floor":44},{"not_picked":["theMarked:SelfDefenseTraining+1","theMarked:EmpowerWeapon+1","theMarked:HeightenedSenses"],"picked":"SKIP","floor":46},{"not_picked":["theMarked:EmpowerWeapon","theMarked:WastefulAttack","theMarked:Electrocute+1"],"picked":"SKIP","floor":47}],"player_experience":1626903,"relics_obtained":[{"floor":6,"key":"Vajra"},{"floor":8,"key":"Juzu Bracelet"},{"floor":9,"key":"Smiling Mask"},{"floor":12,"key":"Nunchaku"},{"floor":24,"key":"hubris:CrystalStatue"},{"floor":26,"key":"Bag of Preparation"},{"floor":29,"key":"infinitespire:EmpoweringShard"},{"floor":39,"key":"CatCart"},{"floor":40,"key":"theMarked:NailFile"},{"floor":43,"key":"infinitespire:PuzzleCube"},{"floor":44,"key":"hubris:SlimyHat"}],"event_choices":[{"damage_healed":0,"gold_gain":0,"player_choice":"Fight","damage_taken":0,"max_hp_gain":0,"max_hp_loss":0,"event_name":"OrinTheCat","floor":39,"gold_loss":0},{"cards_removed":["theMarked:Defend"],"damage_healed":0,"gold_gain":0,"player_choice":"Purged","damage_taken":0,"max_hp_gain":0,"max_hp_loss":0,"event_name":"Purifier","floor":41,"gold_loss":0},{"damage_healed":0,"gold_gain":100,"player_choice":"Pray","damage_taken":0,"max_hp_gain":0,"max_hp_loss":0,"event_name":"Golden Shrine","floor":48,"gold_loss":0}],"is_beta":false,"boss_relics":[{"not_picked":["Runic Pyramid","Tiny House"],"picked":"bronze:MakeshiftBattery"},{"not_picked":["hubris:VirtuousBlindfold","Velvet Choker"],"picked":"infinitespire:Cupcake"}],"items_purged_floors":[19,31,36,38,42],"is_endless":false,"potions_floor_spawned":[2,3,6,18,20,21,27,30,40,47],"ascension_level":2}}