{"host":"mai03x2ekbjy4059","time":1611761651,"event":{"mods":["2.2 Compatiblity","BaseMod","Colored Map","DeckTracker","Keyboard Shortcuts","Minty Spire (QoL Compilation)","Permanent Neow","Quick Restart","SuperFastMode","everything is the same but u backflip on backflip"],"gold_per_floor":[114,114,114,13,13,42,62,62,130,148,69,102,102],"floor_reached":12,"language":"KOR","playtime":664,"items_purged":["Defend_G"],"score":90,"play_id":"6a628ec0-d790-4c44-8da8-d5c7fe37b903","local_time":"20210128003411","is_ascension_mode":true,"campfire_choices":[],"circlet_count":0,"master_deck":["Strike_G","Strike_G","Strike_G","Strike_G+1","Defend_G+1","Defend_G","Defend_G","Defend_G","Survivor","Neutralize","Cloak And Dagger","Backflip","Backflip","Caltrops"],"relics":["Ring of the Snake","Calipers","InkBottle","Golden Idol","Matryoshka","Ginger"],"acts_visited":["Exordium"],"potions_floor_usage":[6,12],"damage_taken":[{"damage":2.0,"enemies":"Cultist","floor":1.0,"turns":5.0},{"damage":33,"enemies":"Lagavulin","floor":6,"turns":11},{"damage":0,"enemies":"Small Slimes","floor":7,"turns":3},{"damage":0,"enemies":"2 Louse","floor":10,"turns":2},{"damage":6,"enemies":"3 Sentries","floor":12,"turns":7}],"seed_played":"-2065097895205313120","potions_obtained":[{"floor":1.0,"key":"Weak Potion"},{"floor":7,"key":"LiquidBronze"},{"floor":10,"key":"AttackPotion"}],"is_trial":false,"path_per_floor":["M","?","?","$","?","E","M","?","T","M","$","E"],"character_chosen":"THE_SILENT","items_purchased":["Cloak And Dagger","Caltrops"],"campfire_rested":0,"item_purchase_floors":[4,11],"current_hp_per_floor":[68,54,47,47,47,14,14,14,14,14,14,8,8],"gold":102,"neow_bonus":"ONE_RARE_RELIC","is_daily":false,"chose_seed":false,"campfire_upgraded":0,"win_rate":0.0,"timestamp":1611761651,"path_taken":["M","?","?","$","?","E","M","?","T","M","?","E"],"items_purchased_type":["Card","Card"],"build_version":"2020-12-22","purchased_purges":1,"victory":false,"max_hp_per_floor":[70,70,70,70,70,70,70,65,65,65,65,65,65],"card_choices":[{"not_picked":["Predator","Prepared","Acrobatics"],"picked":"SKIP","floor":1.0},{"not_picked":["Distraction","Sucker Punch","Setup"],"picked":"SKIP","floor":6},{"not_picked":["Bane","Concentrate"],"picked":"Backflip","floor":7},{"not_picked":["Bane","Choke"],"picked":"Backflip","floor":10},{"not_picked":["Flying Knee","Terror","Calculated Gamble"],"picked":"SKIP","floor":12}],"player_experience":1143786,"relics_obtained":[{"floor":6,"key":"InkBottle"},{"floor":9,"key":"Matryoshka"},{"floor":12,"key":"Ginger"}],"event_choices":[{"damage_healed":0.0,"max_hp_gain":0.0,"max_hp_loss":0.0,"gold_gain":0.0,"event_name":"Shining Light","player_choice":"Entered Light","floor":2.0,"gold_loss":0.0,"damage_taken":14.0,"cards_upgraded":["Strike_G","Defend_G"]},{"cards_removed":["Injury"],"damage_healed":0.0,"max_hp_gain":0.0,"max_hp_loss":0.0,"gold_gain":0.0,"event_name":"Golden Wing","player_choice":"Card Removal","floor":3.0,"gold_loss":0.0,"damage_taken":7.0},{"cards_removed":["Strike_G"],"damage_healed":0,"gold_gain":0,"player_choice":"Forget","damage_taken":0,"max_hp_gain":0,"max_hp_loss":0,"event_name":"Living Wall","floor":5,"gold_loss":0},{"damage_healed":0,"gold_gain":0,"player_choice":"Lose Max HP","damage_taken":0,"relics_obtained":["Golden Idol"],"max_hp_gain":0,"max_hp_loss":5,"event_name":"Golden Idol","floor":8,"gold_loss":0}],"is_beta":false,"boss_relics":[],"items_purged_floors":[4],"is_endless":false,"potions_floor_spawned":[1,7,10],"killed_by":"3 Sentries","ascension_level":1}}