{"host":"cgwysqtmt736mr58","time":1611715236,"event":{"mods":["2.2 Compatiblity","Aspiration","BaseMod","Beaked The Cultist","Colored Map","Colored Powertips","Downfall","Googly Eyes","Halation","Hermit","Hubris","Infinite Spire","Lobotomy","LobotomyExtend","Marisa????????","Minty Spire (QoL Compilation)","Relic Stats","Replay The Spire","Shade Mod","StSLib","The Bug Knight","The Construct","The Cursed","The Disciple","The Exalted","The Jungle","The Necromancer","The Runesmith","The Servant 0.9.4","The Wild Card","Waifu the Spire","Yuri Mod"],"gold_per_floor":[99,115,134,71,71,81,81,101,1,16,43,43,53,53,73,73,73,73],"floor_reached":16,"language":"ENG","playtime":633,"items_purged":[],"score":120,"play_id":"0d9bb7d9-0ad8-4d5b-b20b-7b8f6e13e185","local_time":"20210127134036","is_ascension_mode":true,"campfire_choices":[{"floor":1,"key":"RECALL"},{"floor":9,"key":"REST"},{"data":"bronze:Overheat","floor":12,"key":"SMITH"}],"circlet_count":0,"master_deck":["bronze:Strike","bronze:Strike","bronze:Strike","bronze:Strike","bronze:Defend","bronze:Defend","bronze:Defend","bronze:Defend","bronze:Replicate","bronze:Goto","bronze:TinkerersToolbox","bronze:Fortify","bronze:Boost","bronze:Overheat+1","bronze:WildBeam","bronze:Boost","bronze:OilSpill","bronze:OilSpill","bronze:Separator"],"relics":["bronze:BronzeCore","LetterFromLob","Nunchaku","downfall:HeartBlessingRed","Replay:Accelerometer","hubris:Icosahedron"],"acts_visited":["Exordium"],"potions_floor_usage":[15,16],"damage_taken":[{"damage":3,"enemies":"Small Slimes","floor":2,"turns":4},{"damage":1,"enemies":"Cultist","floor":3,"turns":3},{"damage":0,"enemies":"downfall:FleeingMerchant","floor":4,"turns":4},{"damage":0,"enemies":"2 Louse","floor":6,"turns":3},{"damage":13,"enemies":"Exordium Thugs","floor":8,"turns":3},{"damage":13,"enemies":"Lots of Slimes","floor":10,"turns":4},{"damage":2,"enemies":"Gremlin Nob","floor":11,"turns":3},{"damage":0,"enemies":"2 Fungi Beasts","floor":13,"turns":2},{"damage":3,"enemies":"Lots of Slimes","floor":15,"turns":3},{"damage":78,"enemies":"WA_ARCHETYPE_RETAIN","floor":16,"turns":5}],"seed_played":"-7701004082652270566","potions_obtained":[{"floor":2,"key":"infinitespire:BlackPotion"},{"floor":6,"key":"Guardian:BlockOnCardUsePotion"},{"floor":10,"key":"infinitespire:BlackPotion"}],"is_trial":false,"path_per_floor":["R_BF","M","M","$","?","M","T","M","R","M","E","R","M","?","M","B"],"character_chosen":"THE_AUTOMATON","items_purchased":["bronze:WildBeam"],"campfire_rested":1,"item_purchase_floors":[4],"current_hp_per_floor":[70,67,66,66,66,66,66,53,70,57,55,55,55,55,52,0,0,0],"gold":73,"neow_bonus":"ONE_RANDOM_RARE_CARD","is_daily":false,"chose_seed":false,"campfire_upgraded":1,"win_rate":0.0,"timestamp":1611715236,"path_taken":["R_BF","M","M","$","?","M","T","M","R","M","E","R","?","?","M","BOSS"],"items_purchased_type":["Card"],"build_version":"2020-12-22","purchased_purges":0,"victory":false,"max_hp_per_floor":[70,70,70,70,70,70,70,70,70,70,70,70,70,70,70,70,70,70],"relic_stats":{"Nunchaku":[4],"counters":[10,34],"obtain_stats":[{"Replay:Accelerometer":11,"Nunchaku":7,"bronze:BronzeCore":0,"hubris:Icosahedron":14,"downfall:HeartBlessingRed":9,"LetterFromLob":2},{"Replay:Accelerometer":7,"Nunchaku":4,"bronze:BronzeCore":0,"hubris:Icosahedron":8,"downfall:HeartBlessingRed":5,"LetterFromLob":1},{"Replay:Accelerometer":24,"Nunchaku":14,"bronze:BronzeCore":0,"hubris:Icosahedron":26,"downfall:HeartBlessingRed":17,"LetterFromLob":4}]},"card_choices":[{"not_picked":["bronze:Deprecate","bronze:Branch"],"picked":"bronze:Fortify","floor":2},{"not_picked":["bronze:Shield","bronze:Overheat"],"picked":"bronze:Boost","floor":3},{"not_picked":["bronze:Deprecate","bronze:ThunderWave"],"picked":"bronze:Overheat","floor":4},{"not_picked":["bronze:FollowUp","bronze:Return","bronze:BronzeArmor"],"picked":"SKIP","floor":6},{"not_picked":["bronze:Overheat","bronze:BronzeArmor","bronze:Invalidate"],"picked":"SKIP","floor":8},{"not_picked":["bronze:Repulsor","bronze:BuggyMess"],"picked":"bronze:OilSpill","floor":10},{"not_picked":["bronze:Shield","bronze:CutThrough","bronze:Invalidate"],"picked":"SKIP","floor":11},{"not_picked":["bronze:CutThrough","bronze:Return"],"picked":"bronze:OilSpill","floor":13},{"not_picked":["bronze:Shell","bronze:DelayedGuard"],"picked":"bronze:Separator","floor":15}],"player_experience":1060521,"relics_obtained":[{"floor":2,"key":"LetterFromLob"},{"floor":7,"key":"Nunchaku"},{"floor":11,"key":"Replay:Accelerometer"}],"event_choices":[],"is_beta":false,"boss_relics":[],"items_purged_floors":[],"is_endless":false,"potions_floor_spawned":[2,6,10,11],"killed_by":"WA_ARCHETYPE_RETAIN","ascension_level":3}}