{"host":"pgm1p3lvdjflie30","time":1611771847,"event":{"mods":["100% Spire Juice","ATMod(阿瑾Mod)","AchievementEnabler","Act Like it!","Aspiration","Astrologer","Bard","BaseMod","Chen","Colored Map","Colored Powertips","Conspire","Dark Map","Decade(王小明)","Dota2Spire","Downfall","Energized Spire","Gensokyo","Gremlin Mod","Hallownest","HololiveMod","KinomotoSakuraMod(木之本?)","LagranYue(拉格朗·月)","Luminous","Mari Mod (Legacy)","Mari\u0027s V1 Patch","Minty Spire (QoL Compilation)","MostiFishMod","Nova Terra(?娃·泰拉)","Pale of the Ancients","Quarter Circle Forward PUNCH!","Reimu（博???）","Replay The Spire","Robot Space Explorer","SOS（斯巴?之子）","StSLib","TestMod","The Administrix","The Blackbeard","The Bug Knight","The Construct","The Cursed","The Dragon Tamer","The Gatherer","The Hierophant","The IronCluck","The Jungle","The Mystic","The Poker Player","The Runesmith","The Saiyan","The Senshi","The Servant 0.9.4","The Showman","TheHeartMod","TheWitcher","Waifu the Spire","Warlord Emblem","Yakumo Yukari mod","Yuri Mod","Yuyuko","【功能Mod】混沌之?修复?丁","【?物卡牌】REMEMod","?留之物","篝火指南"],"gold_per_floor":[214,231,250,250,250,276,44,74,125,140,199,199,49,69,69,174,174,187,112,112,112,131,131,164,164,164,183,183,39,73,141,141,242,242,257,268,268,183,183,183,214,230,300,332,369,389,411,443,443,450,450,450,9,44,56],"floor_reached":56,"language":"ZHS","playtime":1684,"items_purged":["RobotSpaceExplorer:Defend","RobotSpaceExplorer:SurgingShield"],"score":1710,"play_id":"5201794c-3ecb-4cac-bf09-2758f23061a9","local_time":"20210128022407","is_ascension_mode":false,"campfire_choices":[{"floor":12,"key":"RECALL"},{"data":"RobotSpaceExplorer:MiniDrones","floor":15,"key":"SMITH"},{"data":"RobotSpaceExplorer:MiniDrones","floor":23,"key":"SMITH"},{"data":"RobotSpaceExplorer:StunGrenade","floor":28,"key":"SMITH"},{"data":"RobotSpaceExplorer:ShovelStrike","floor":32,"key":"SMITH"},{"data":"RobotSpaceExplorer:MiniLasers","floor":40,"key":"SMITH"},{"data":"RobotSpaceExplorer:MiniDrones","floor":49,"key":"SMITH"},{"data":"RobotSpaceExplorer:StunGrenade","floor":52,"key":"SMITH"}],"circlet_count":0,"master_deck":["RobotSpaceExplorer:Strike+1","RobotSpaceExplorer:Scan","RobotSpaceExplorer:MiniLasers+1","AT_DrawKnifeCut+1","RobotSpaceExplorer:StunGrenade+1","RobotSpaceExplorer:MiniDrones+1","RobotSpaceExplorer:SurgingShield+1","RobotSpaceExplorer:MiniDrones+1","RobotSpaceExplorer:Probe","RobotSpaceExplorer:Pulsar+1","RobotSpaceExplorer:ShovelStrike+1","RobotSpaceExplorer:Probe+1","RobotSpaceExplorer:GlueShot+1","RobotSpaceExplorer:ShockKick+1","RobotSpaceExplorer:Ammunition","RobotSpaceExplorer:MetalStrike","RobotSpaceExplorer:SwiftStep","RobotSpaceExplorer:FranticSearch","RobotSpaceExplorer:SlimeMissile","RobotSpaceExplorer:MiniDrones+1","RobotSpaceExplorer:StunGrenade+1","RobotSpaceExplorer:MiniDrones+1","RobotSpaceExplorer:Pulsar+1","RobotSpaceExplorer:StunGrenade+1","RobotSpaceExplorer:Probe"],"relics":["RobotSpaceExplorer:RoboCore","AT_ATBox","DaveBox","testmod-TestBox","REME_ComplimentaryCards","LagranYue:RandomDrawCardRelic","PatriotShield","testmod-DreamHouse","Happy Flower","Lantern","SynthV:TestCard","testmod-CasingShield","Strawberry","theSenshi:FeatherClipsRelic","Bag of Marbles","Gremlin Food","conspire:SpecialSausage","TungstenRod","PlaceholderMod:DaolothFragment","WarlordEmblem:BadgeWrath","SynthV","Ancient Tea Set","Mirror","REME_LowDesire","PreservedInsect","AT_BellDemon","Mercury Hourglass","REME_LimitBreaker","Hallownest:KingsIdolRelic","construct:BoolHorns","War Paint","testmod-TheFather","HollowMod:StagPassRelic","AT_ChloranthyRing","WarlordEmblem:WuziBook","Blood Vial","Dota2Spire:ShivaGuard","LagranYue:RareGoldArmorRelic","LagranYue:MagicReflectiveArmorRelic","SynthV:C4","Hololive_LightStick","Shuriken"],"acts_visited":["Exordium","TheCity","Hallownest:KingdomsEdge","TheEnding"],"potions_floor_usage":[6,8,24,30,33,50,55,55,55],"damage_taken":[{"damage":0,"enemies":"Jaw Worm","floor":1,"turns":1},{"damage":0,"enemies":"2 Louse","floor":2,"turns":1},{"damage":0,"enemies":"Small Slimes","floor":3,"turns":1},{"damage":0,"enemies":"Lagavulin","floor":6,"turns":1},{"damage":0,"enemies":"Gremlin Nob","floor":8,"turns":1},{"damage":0,"enemies":"Blue Slaver","floor":10,"turns":1},{"damage":0,"enemies":"3 Sentries","floor":11,"turns":1},{"damage":0,"enemies":"Exordium Wildlife","floor":14,"turns":1},{"damage":0,"enemies":"Slime Boss","floor":16,"turns":1},{"damage":0,"enemies":"Chosen","floor":18,"turns":1},{"damage":0,"enemies":"Spheric Guardian","floor":22,"turns":1},{"damage":0,"enemies":"Slavers","floor":24,"turns":1},{"damage":0,"enemies":"Snecko","floor":27,"turns":1},{"damage":0,"enemies":"conspire:MimicChest","floor":30,"turns":2},{"damage":0,"enemies":"Champ","floor":33,"turns":2},{"damage":0,"enemies":"Hallownest:3_Siblings","floor":35,"turns":1},{"damage":0,"enemies":"Hallownest:2_Littles","floor":36,"turns":1},{"damage":0,"enemies":"Hallownest:eliteHiveKnight","floor":41,"turns":2},{"damage":0,"enemies":"Hallownest:monsterPrimalAspid","floor":42,"turns":1},{"damage":0,"enemies":"Hallownest:Slobbering_and_Violent","floor":44,"turns":2},{"damage":0,"enemies":"Hallownest:eliteCollector","floor":45,"turns":1},{"damage":0,"enemies":"Hallownest:2_Great","floor":46,"turns":1},{"damage":0,"enemies":"Hallownest:Shield_Sturdy","floor":47,"turns":1},{"damage":0,"enemies":"Hallownest:Slobbering_and_Violent","floor":48,"turns":1},{"damage":0,"enemies":"Hallownest:BossGreyPrinceZote","floor":50,"turns":2},{"damage":0,"enemies":"Shield and Spear","floor":54,"turns":1},{"damage":0,"enemies":"The Heart","floor":55,"turns":3}],"seed_played":"-3617898989110059908","potions_obtained":[{"floor":3,"key":"SkillPotion"},{"floor":6,"key":"ColorlessPotion"},{"floor":10,"key":"CultistPotion"},{"floor":11,"key":"SteroidPotion"},{"floor":16,"key":"Strength Potion"},{"floor":24,"key":"Fire Potion"},{"floor":33,"key":"Elixir"},{"floor":41,"key":"GamblersBrew"},{"floor":44,"key":"Fire Potion"}],"is_trial":false,"path_per_floor":["M","M","M","?","?","E","$","E","T","M","?","R","$","M","R","B",null,"M","?","?","T","M","R","E","?","T","M","R","$","?","T","R_BF","B",null,"M","M","?","?","?","R","E","M","T","M","E","M","M","M","R","B",null,"R","$","E","B",null],"character_chosen":"RobotSpaceExplorer","items_purchased":["Strawberry","Gremlin Food","SynthV","Reflective Coating","SynthV:C4","RobotSpaceExplorer:MiniDrones","RobotSpaceExplorer:Pulsar","RobotSpaceExplorer:StunGrenade"],"campfire_rested":0,"item_purchase_floors":[7,13,29,53,53,53,53,53],"current_hp_per_floor":[75,75,75,60,60,60,67,67,67,73,79,79,79,82,82,82,82,82,82,82,82,82,82,82,82,82,82,82,82,82,82,82,82,82,82,82,79,79,79,79,82,82,82,82,82,82,82,82,82,82,82,82,82,82,82],"gold":56,"neow_bonus":"HUNDRED_GOLD","is_daily":false,"chose_seed":false,"campfire_upgraded":7,"win_rate":0.0,"timestamp":1611771847,"path_taken":["M","M","M","?","?","E","$","E","T","M","?","R","$","M","R","BOSS","M","?","?","?","M","R","E","?","T","M","R","$","?","?","R_BF","BOSS","M","M","?","?","?","R","E","M","T","M","E","?","?","M","R","BOSS","R","$","E","BOSS"],"items_purchased_type":["Relic","Relic","Relic","Potion","Relic","Card","Card","Card"],"build_version":"2020-12-22","purchased_purges":2,"victory":true,"max_hp_per_floor":[75,75,75,75,75,75,82,82,82,82,82,82,82,82,82,82,82,82,82,82,82,82,82,82,82,82,82,82,82,82,82,82,82,82,82,82,82,82,82,82,82,82,82,82,82,82,82,82,82,82,82,82,82,82,82],"card_choices":[{"not_picked":["RobotSpaceExplorer:SlimeMissile","RobotSpaceExplorer:Ammunition"],"picked":"RobotSpaceExplorer:StunGrenade","floor":1},{"not_picked":["RobotSpaceExplorer:SelfCleaning","RobotSpaceExplorer:SwiftStep","RobotSpaceExplorer:ScrapShield","RobotSpaceExplorer:ScrapMissile"],"picked":"RobotSpaceExplorer:MiniDrones","floor":2},{"not_picked":["RobotSpaceExplorer:Jetpack","RobotSpaceExplorer:FranticSearch","RobotSpaceExplorer:Reload","RobotSpaceExplorer:ImprovisedAttack"],"picked":"RobotSpaceExplorer:SurgingShield","floor":3},{"not_picked":["RobotSpaceExplorer:Calculate","RobotSpaceExplorer:ShockKick","RobotSpaceExplorer:ShovelStrike","RobotSpaceExplorer:Probe"],"picked":"RobotSpaceExplorer:MiniBoosters","floor":6},{"not_picked":["RobotSpaceExplorer:SwiftStep","RobotSpaceExplorer:ExhaustFan","RobotSpaceExplorer:Blitz","RobotSpaceExplorer:DoubleBlock"],"picked":"RobotSpaceExplorer:BigMissile","floor":8},{"not_picked":["RobotSpaceExplorer:FreezeRay","RobotSpaceExplorer:Smokescreen","RobotSpaceExplorer:SurgingShield","RobotSpaceExplorer:GlueShot"],"picked":"RobotSpaceExplorer:Arsenal","floor":10},{"not_picked":["RobotSpaceExplorer:ToxicBomb","RobotSpaceExplorer:SurgingShield","RobotSpaceExplorer:MetalStrike","RobotSpaceExplorer:Fix"],"picked":"RobotSpaceExplorer:MiniDrones","floor":11},{"not_picked":["RobotSpaceExplorer:StarLightning","RobotSpaceExplorer:Counterblock","RobotSpaceExplorer:Ammunition","RobotSpaceExplorer:FranticSearch"],"picked":"RobotSpaceExplorer:BlastShield","floor":14},{"not_picked":["RobotSpaceExplorer:ShockMissile","RobotSpaceExplorer:HighVoltage","RobotSpaceExplorer:Explosion","RobotSpaceExplorer:Comet"],"picked":"RobotSpaceExplorer:Asteroid","floor":16},{"not_picked":["RobotSpaceExplorer:ImprovisedAttack+1","RobotSpaceExplorer:MetalStrike","RobotSpaceExplorer:GearShield+1","RobotSpaceExplorer:GlueSpray"],"picked":"RobotSpaceExplorer:Probe","floor":18},{"not_picked":["RobotSpaceExplorer:Reload","RobotSpaceExplorer:SlimeMissile+1","RobotSpaceExplorer:SurgingShield","RobotSpaceExplorer:SurgingStrike"],"picked":"RobotSpaceExplorer:Electropulse","floor":22},{"not_picked":["RobotSpaceExplorer:ShockMissile","RobotSpaceExplorer:SwiftStep","RobotSpaceExplorer:Calculate","RobotSpaceExplorer:PowerGlove"],"picked":"RobotSpaceExplorer:Pulsar","floor":24},{"not_picked":["RobotSpaceExplorer:DoubleFind","RobotSpaceExplorer:PowerCollector","RobotSpaceExplorer:GlueShot","RobotSpaceExplorer:Blitz+1"],"picked":"RobotSpaceExplorer:ShovelStrike","floor":27},{"not_picked":["RobotSpaceExplorer:ImprovisedAttack","RobotSpaceExplorer:Fix","RobotSpaceExplorer:ShockKick","RobotSpaceExplorer:StarLightning"],"picked":"RobotSpaceExplorer:Probe+1","floor":30},{"not_picked":["RobotSpaceExplorer:Multitool","RobotSpaceExplorer:Blaster","RobotSpaceExplorer:Wormhole","RobotSpaceExplorer:BlastShield"],"picked":"RobotSpaceExplorer:ChargingLaser","floor":33},{"not_picked":["RobotSpaceExplorer:SlimeMissile+1","RobotSpaceExplorer:ShovelStrike","RobotSpaceExplorer:FranticSearch","RobotSpaceExplorer:ScrapShield+1","Enlightenment"],"picked":"RobotSpaceExplorer:GlueShot+1","floor":35},{"not_picked":["RobotSpaceExplorer:SwiftStep+1","RobotSpaceExplorer:ImprovisedAttack+1","RobotSpaceExplorer:Counterblock+1","RobotSpaceExplorer:Electropulse+1","testmod-AutoReboundSystem"],"picked":"RobotSpaceExplorer:ShockKick+1","floor":36},{"not_picked":["RobotSpaceExplorer:ImprovisedAttack+1","RobotSpaceExplorer:DroneSwarm","RobotSpaceExplorer:ShockKick+1","RobotSpaceExplorer:MetalStrike+1","AT_Homeward+1"],"picked":"RobotSpaceExplorer:Ammunition","floor":41},{"not_picked":["RobotSpaceExplorer:StarDust+1","RobotSpaceExplorer:Jetpack+1","RobotSpaceExplorer:Wormhole","RobotSpaceExplorer:ShovelStrike","testmod-Provocation+1"],"picked":"RobotSpaceExplorer:MetalStrike","floor":42},{"not_picked":["RobotSpaceExplorer:Blitz","RobotSpaceExplorer:ShovelStrike","RobotSpaceExplorer:ShockKick","RobotSpaceExplorer:ScrapMissile","testmod-Bloodthirsty+1"],"picked":"RobotSpaceExplorer:SwiftStep","floor":44},{"not_picked":["RobotSpaceExplorer:Electroshield+1","RobotSpaceExplorer:Pulsar","RobotSpaceExplorer:Electropulse+1","RobotSpaceExplorer:LaserBurst+1","Poisoned Strike"],"picked":"RobotSpaceExplorer:FranticSearch","floor":45},{"not_picked":["RobotSpaceExplorer:SwiftStep+1","RobotSpaceExplorer:MiniBoosters+1","RobotSpaceExplorer:DoubleBlock","RobotSpaceExplorer:MiniDrones+1","AT_BreakingExtremeWeapon"],"picked":"RobotSpaceExplorer:SlimeMissile","floor":46},{"not_picked":["RobotSpaceExplorer:ScrapToss+1","RobotSpaceExplorer:ShockKick","RobotSpaceExplorer:FranticSearch+1","RobotSpaceExplorer:Electropulse","ReplayTheSpireMod:Uncanny Aura"],"picked":"RobotSpaceExplorer:SurgingShield","floor":47},{"not_picked":["RobotSpaceExplorer:Probe","RobotSpaceExplorer:Electroshield"],"picked":"RobotSpaceExplorer:MiniDrones","floor":48},{"not_picked":["RobotSpaceExplorer:ExhaustFan","RobotSpaceExplorer:Electropulse+1","RobotSpaceExplorer:ScrapMissile+1","RobotSpaceExplorer:ShockKick+1","MostiFishMod:ForestofLight"],"picked":"RobotSpaceExplorer:StunGrenade","floor":48},{"not_picked":["RobotSpaceExplorer:PowerGlove","RobotSpaceExplorer:MakeshiftVolley"],"picked":"RobotSpaceExplorer:Explosion","floor":54},{"not_picked":["RobotSpaceExplorer:ScrapMissile","RobotSpaceExplorer:SurgingShield+1","RobotSpaceExplorer:ChargingLaser","RobotSpaceExplorer:Counterblock","MostiFishMod:StoryBook"],"picked":"RobotSpaceExplorer:Probe","floor":54}],"player_experience":310402,"relics_obtained":[{"floor":1,"key":"SynthV:TestCard"},{"floor":6,"key":"testmod-CasingShield"},{"floor":8,"key":"theSenshi:FeatherClipsRelic"},{"floor":11,"key":"Bag of Marbles"},{"floor":21,"key":"TungstenRod"},{"floor":24,"key":"PlaceholderMod:DaolothFragment"},{"floor":26,"key":"WarlordEmblem:BadgeWrath"},{"floor":30,"key":"Ancient Tea Set"},{"floor":31,"key":"Mirror"},{"floor":34,"key":"PreservedInsect"},{"floor":34,"key":"AT_BellDemon"},{"floor":35,"key":"Mercury Hourglass"},{"floor":36,"key":"REME_LimitBreaker"},{"floor":41,"key":"construct:BoolHorns"},{"floor":41,"key":"War Paint"},{"floor":42,"key":"testmod-TheFather"},{"floor":43,"key":"HollowMod:StagPassRelic"},{"floor":44,"key":"AT_ChloranthyRing"},{"floor":45,"key":"WarlordEmblem:WuziBook"},{"floor":45,"key":"Blood Vial"},{"floor":46,"key":"Dota2Spire:ShivaGuard"},{"floor":47,"key":"LagranYue:RareGoldArmorRelic"},{"floor":48,"key":"LagranYue:MagicReflectiveArmorRelic"},{"floor":54,"key":"Hololive_LightStick"},{"floor":54,"key":"Shuriken"}],"event_choices":[{"damage_healed":0,"gold_gain":0,"player_choice":"Entered Light","damage_taken":15,"max_hp_gain":0,"max_hp_loss":0,"event_name":"Shining Light","floor":4,"gold_loss":0,"cards_upgraded":["AT_DrawKnifeCut","RobotSpaceExplorer:Strike"]},{"damage_healed":0,"gold_gain":0,"player_choice":"Searched \u00272\u0027 times","damage_taken":0,"max_hp_gain":0,"max_hp_loss":0,"event_name":"Dead Adventurer","floor":11,"gold_loss":0},{"cards_removed":["RobotSpaceExplorer:Strike"],"damage_healed":0,"gold_gain":0,"player_choice":"Gave Gold","damage_taken":0,"max_hp_gain":0,"max_hp_loss":0,"event_name":"Beggar","floor":19,"gold_loss":75},{"cards_removed":["RobotSpaceExplorer:Strike"],"damage_healed":0,"gold_gain":0,"player_choice":"Elegance","damage_taken":0,"max_hp_gain":0,"max_hp_loss":0,"event_name":"Back to Basics","floor":20,"gold_loss":0},{"damage_healed":0,"gold_gain":0,"player_choice":"Swap Relic","damage_taken":0,"relics_obtained":["Juzu Bracelet"],"max_hp_gain":0,"max_hp_loss":0,"event_name":"?自己的盒子","floor":25,"relics_lost":["Juzu Bracelet"],"gold_loss":0}],"is_beta":false,"boss_relics":[{"not_picked":["aspiration:PoetsPen","testmod-SaigiyounoYou"],"picked":"conspire:SpecialSausage"},{"not_picked":["Replay:Bronze Core","testmod-EnergyCheck"],"picked":"REME_LowDesire"}],"items_purged_floors":[7,53],"is_endless":false,"potions_floor_spawned":[3,6,10,11,16,22,24,33,41,44,46,48],"ascension_level":0}}