{"host":"xoyp8vl9zpezjqzb","time":1611777536,"event":{"mods":["AchievementEnabler","BaseMod","Colored Map","Minty Spire (QoL Compilation)","Permanent Neow","Quick Restart"],"gold_per_floor":[113,113,113,124,75,75,75,75,102,131,156,111,128,160,160,262,262,281,297,69,69,69,69,95,95,119,119,137,137,137,64,64,167,167,180,230,76,130,150,150,175,175,228,72,107,107,119,144,144,144],"floor_reached":51,"language":"ENG","playtime":2138,"items_purged":[],"score":1178,"play_id":"3e0be06d-3bc3-4231-9429-7d00557ace9c","local_time":"20210127145856","daily_mods":["SealedDeck","Vintage","Heirloom","Time Dilation","Flight","DeadlyEvents","Binary"],"is_ascension_mode":false,"campfire_choices":[{"data":"Blade Dance","floor":6,"key":"SMITH"},{"data":"Accuracy","floor":7,"key":"SMITH"},{"data":"Leg Sweep","floor":8,"key":"SMITH"},{"data":"Cloak And Dagger","floor":15,"key":"SMITH"},{"data":"Infinite Blades","floor":23,"key":"SMITH"},{"data":"Infinite Blades","floor":25,"key":"SMITH"},{"data":"Flying Knee","floor":27,"key":"SMITH"},{"data":"Deflect","floor":29,"key":"SMITH"},{"data":"Infinite Blades","floor":32,"key":"SMITH"},{"data":"Slice","floor":40,"key":"SMITH"},{"floor":42,"key":"REST"},{"data":"Envenom","floor":49,"key":"SMITH"}],"circlet_count":0,"master_deck":["Dagger Spray+1","Leg Sweep+1","Dagger Spray+1","Deflect+1","Slice+1","Deflect+1","Flying Knee+1","Flying Knee+1","Outmaneuver+1","Accuracy+1","Blade Dance+1","Cloak And Dagger+1","CurseOfTheBell","Infinite Blades+1","Slice+1","Infinite Blades+1","Infinite Blades+1","Envenom+1"],"relics":["Ring of the Snake","Busted Crown","FossilizedHelix","Whetstone","Singing Bowl","Bottled Lightning","Strawberry","Mummified Hand","Odd Mushroom","Pantograph","Paper Crane","Calling Bell","Art of War","Kunai","CaptainsWheel","Orichalcum","Happy Flower","Bag of Marbles","War Paint","Potion Belt","HornCleat","WristBlade","Letter Opener","Calipers","HandDrill","Du-Vu Doll","Incense Burner","Pocketwatch","Pen Nib","The Courier","StrikeDummy","Anchor","Eternal Feather"],"acts_visited":["Exordium","TheCity","TheBeyond"],"potions_floor_usage":[],"damage_taken":[{"damage":0,"enemies":"Small Slimes","floor":1,"turns":2},{"damage":0,"enemies":"Jaw Worm","floor":4,"turns":2},{"damage":0,"enemies":"3 Sentries","floor":10,"turns":3},{"damage":0,"enemies":"The Mushroom Lair","floor":11,"turns":2},{"damage":0,"enemies":"2 Louse","floor":13,"turns":1},{"damage":0,"enemies":"Gremlin Nob","floor":14,"turns":1},{"damage":0,"enemies":"Slime Boss","floor":16,"turns":3},{"damage":0,"enemies":"Spheric Guardian","floor":18,"turns":3},{"damage":0,"enemies":"2 Thieves","floor":19,"turns":2},{"damage":0,"enemies":"Gremlin Leader","floor":24,"turns":2},{"damage":0,"enemies":"Snecko","floor":28,"turns":1},{"damage":0,"enemies":"Collector","floor":33,"turns":4},{"damage":0,"enemies":"Orb Walker","floor":35,"turns":2},{"damage":0,"enemies":"Mind Bloom Boss Battle","floor":36,"turns":3},{"damage":0,"enemies":"2 Orb Walkers","floor":38,"turns":2},{"damage":0,"enemies":"3 Shapes","floor":39,"turns":2},{"damage":0,"enemies":"Giant Head","floor":41,"turns":5},{"damage":0,"enemies":"Reptomancer","floor":45,"turns":2},{"damage":0,"enemies":"Sphere and 2 Shapes","floor":47,"turns":1},{"damage":0,"enemies":"Nemesis","floor":48,"turns":3},{"damage":0,"enemies":"Donu and Deca","floor":50,"turns":5}],"seed_played":"-4817962180010074855","potions_obtained":[{"floor":1,"key":"Dexterity Potion"},{"floor":14,"key":"Poison Potion"},{"floor":24,"key":"Strength Potion"},{"floor":38,"key":"CultistPotion"},{"floor":47,"key":"Strength Potion"}],"is_trial":true,"path_per_floor":["M","?","?","M","$","R","R","R","T","E","?","$","M","E","R","B",null,"M","M","$","?","?","R","E","R","T","R","M","R","$","$","R","B",null,"M","?","$","?","M","R","E","R","T","$","E","T","M","E","R","B",null],"character_chosen":"THE_SILENT","items_purchased":["Blade Dance","Cloak And Dagger","Bag of Marbles","Infinite Blades","Slice","Infinite Blades","HandDrill","Envenom"],"campfire_rested":1,"item_purchase_floors":[5,12,20,20,20,31,37,44],"current_hp_per_floor":[70,67,53,53,53,53,53,53,60,60,60,60,60,60,60,77,77,77,77,77,77,77,77,77,77,77,77,77,77,77,77,77,77,77,77,77,77,77,77,77,77,77,77,77,77,77,77,77,77,77],"gold":144,"neow_bonus":"","is_daily":false,"chose_seed":false,"campfire_upgraded":11,"win_rate":0.0,"timestamp":1611777536,"path_taken":["M","?","?","M","?","R","R","R","T","?","?","$","?","?","R","BOSS","M","?","$","?","?","R","E","R","T","R","M","R","$","$","R","BOSS","M","?","$","?","?","R","?","R","T","$","?","?","M","E","R","BOSS"],"items_purchased_type":["Card","Card","Relic","Card","Card","Card","Relic","Card"],"build_version":"2020-12-22","purchased_purges":0,"victory":true,"max_hp_per_floor":[70,70,70,70,70,70,70,70,77,77,77,77,77,77,77,77,77,77,77,77,77,77,77,77,77,77,77,77,77,77,77,77,77,77,77,77,77,77,77,77,77,77,77,77,77,77,77,77,77,77],"card_choices":[],"player_experience":267552,"relics_obtained":[{"floor":1,"key":"Whetstone"},{"floor":4,"key":"Bottled Lightning"},{"floor":9,"key":"Strawberry"},{"floor":10,"key":"Mummified Hand"},{"floor":11,"key":"Odd Mushroom"},{"floor":13,"key":"Pantograph"},{"floor":14,"key":"Paper Crane"},{"floor":17,"key":"Art of War"},{"floor":17,"key":"Kunai"},{"floor":17,"key":"CaptainsWheel"},{"floor":18,"key":"Orichalcum"},{"floor":19,"key":"Happy Flower"},{"floor":24,"key":"War Paint"},{"floor":26,"key":"Potion Belt"},{"floor":28,"key":"HornCleat"},{"floor":35,"key":"Letter Opener"},{"floor":36,"key":"Calipers"},{"floor":38,"key":"Du-Vu Doll"},{"floor":39,"key":"Incense Burner"},{"floor":41,"key":"Pocketwatch"},{"floor":43,"key":"Pen Nib"},{"floor":45,"key":"The Courier"},{"floor":46,"key":"StrikeDummy"},{"floor":47,"key":"Anchor"},{"floor":48,"key":"Eternal Feather"}],"event_choices":[{"damage_healed":0,"gold_gain":0,"player_choice":"Success","damage_taken":3,"relics_obtained":["Singing Bowl"],"max_hp_gain":0,"max_hp_loss":0,"event_name":"Scrap Ooze","floor":2,"gold_loss":0},{"damage_healed":0,"gold_gain":0,"player_choice":"Entered Light","damage_taken":14,"max_hp_gain":0,"max_hp_loss":0,"event_name":"Shining Light","floor":3,"gold_loss":0,"cards_upgraded":["Dagger Spray","Slice"]},{"damage_healed":0,"gold_gain":0,"player_choice":"Fought Mushrooms","damage_taken":0,"max_hp_gain":0,"max_hp_loss":0,"event_name":"Mushrooms","floor":11,"gold_loss":0},{"damage_healed":0,"gold_gain":0,"player_choice":"Simplicity","damage_taken":0,"max_hp_gain":0,"max_hp_loss":0,"event_name":"Back to Basics","floor":21,"gold_loss":0,"cards_upgraded":[]},{"damage_healed":0,"gold_gain":0,"player_choice":"Read","damage_taken":0,"max_hp_gain":0,"max_hp_loss":0,"event_name":"The Library","floor":22,"gold_loss":0,"cards_obtained":["Infinite Blades"]},{"damage_healed":0,"gold_gain":0,"player_choice":"Fight","damage_taken":0,"max_hp_gain":0,"max_hp_loss":0,"event_name":"MindBloom","floor":36,"gold_loss":0},{"damage_healed":0,"gold_gain":0,"player_choice":"Fight","damage_taken":0,"max_hp_gain":0,"max_hp_loss":0,"event_name":"Mysterious Sphere","floor":38,"gold_loss":0}],"is_beta":false,"boss_relics":[{"not_picked":["Tiny House","Cursed Key"],"picked":"Calling Bell"},{"not_picked":["Fusion Hammer","Philosopher\u0027s Stone"],"picked":"WristBlade"}],"items_purged_floors":[],"is_endless":false,"potions_floor_spawned":[1,4,14,24,38,47,48],"ascension_level":0}}