{"host":"kydqlojjt9mno5rv","time":1611733370,"event":{"mods":["AchievementEnabler","BaseMod","Colored Powertips","DeckTracker","Minty Spire (QoL Compilation)","Spicy Shops","Spire Arcade","StSLib","SuperFastMode","Synergy Search","Weighted Paths"],"gold_per_floor":[109,109,40,59,69,69,94,104,104,116,116,143,155,167,179,295,307,335,347,719,221,234,234,234],"floor_reached":23,"language":"ENG","playtime":582,"items_purged":["Regret"],"score":199,"play_id":"976c2cf4-9eed-4bc4-a76b-ede99ffa4080","local_time":"20210127024250","is_ascension_mode":false,"campfire_choices":[{"data":"Loop","floor":6,"key":"SMITH"},{"floor":11,"key":"REST"},{"floor":13,"key":"REST"},{"floor":15,"key":"REST"}],"circlet_count":0,"master_deck":["Strike_B","Strike_B","Strike_B","Strike_B","Defend_B","Defend_B","Defend_B","Zap","Dualcast","Chaos","Melter","Loop+1","Barrage","Tempest","Capacitor","Genetic Algorithm","Static Discharge+1","Echo Form+1","Redo","Static Discharge+1","Redo"],"relics":["Cracked Core","NeowsBlessing","Ornamental Fan","Frozen Egg 2","MawBank","Tiny Chest","Inserter","Orichalcum","Chemical X"],"acts_visited":["Exordium","TheCity"],"potions_floor_usage":[],"damage_taken":[{"damage":0,"enemies":"Small Slimes","floor":1,"turns":1},{"damage":0,"enemies":"Jaw Worm","floor":4,"turns":1},{"damage":0,"enemies":"Cultist","floor":5,"turns":1},{"damage":28,"enemies":"Gremlin Nob","floor":7,"turns":4},{"damage":20,"enemies":"Looter","floor":8,"turns":3},{"damage":3,"enemies":"Large Slime","floor":10,"turns":4},{"damage":40,"enemies":"3 Sentries","floor":12,"turns":5},{"damage":45,"enemies":"Hexaghost","floor":16,"turns":6},{"damage":9,"enemies":"3 Byrds","floor":18,"turns":1},{"damage":4,"enemies":"Chosen","floor":22,"turns":3},{"damage":32,"enemies":"Book of Stabbing","floor":23,"turns":3}],"seed_played":"-895016448366195528","potions_obtained":[{"floor":4,"key":"Swift Potion"},{"floor":7,"key":"SteroidPotion"},{"floor":12,"key":"DuplicationPotion"},{"floor":22,"key":"Regen Potion"}],"is_trial":false,"path_per_floor":["M","?","$","M","M","R","E","M","T","M","R","E","R","?","R","B",null,"M","?","?","$","M","E"],"character_chosen":"DEFECT","items_purchased":["Loop","Orichalcum","Redo","Static Discharge+1","Chemical X"],"campfire_rested":3,"item_purchase_floors":[3,21,21,21,21],"current_hp_per_floor":[75,75,75,75,75,75,47,27,27,24,46,6,28,28,50,5,75,66,66,30,30,26,0,0],"gold":234,"neow_bonus":"THREE_ENEMY_KILL","is_daily":false,"chose_seed":false,"campfire_upgraded":1,"win_rate":0.0,"timestamp":1611733370,"path_taken":["M","?","$","M","M","R","E","M","T","M","R","E","R","?","R","BOSS","M","?","?","$","?","E"],"items_purchased_type":["Card","Relic","Card","Card","Relic"],"build_version":"2020-12-22","purchased_purges":1,"victory":false,"max_hp_per_floor":[75,75,75,75,75,75,75,75,75,75,75,75,75,75,75,75,75,75,75,75,75,75,75,75],"card_choices":[{"not_picked":["Leap","Sweeping Beam"],"picked":"Chaos","floor":1},{"not_picked":["Gash","Cold Snap"],"picked":"Barrage","floor":4},{"not_picked":["Chill","Sunder"],"picked":"Tempest","floor":5},{"not_picked":["Leap","Static Discharge"],"picked":"Capacitor","floor":7},{"not_picked":["Sweeping Beam","Compile Driver","Turbo"],"picked":"SKIP","floor":8},{"not_picked":["Streamline","Skim"],"picked":"Genetic Algorithm","floor":10},{"not_picked":["Gash","Double Energy"],"picked":"Static Discharge+1","floor":12},{"not_picked":["Hyperbeam","Meteor Strike"],"picked":"Echo Form+1","floor":16},{"not_picked":["Cold Snap","Storm+1","Rip and Tear+1"],"picked":"SKIP","floor":18},{"not_picked":["White Noise","Steam"],"picked":"Redo","floor":22}],"player_experience":129041,"relics_obtained":[{"floor":7,"key":"Ornamental Fan"},{"floor":9,"key":"Frozen Egg 2"},{"floor":12,"key":"MawBank"}],"event_choices":[{"damage_healed":0,"gold_gain":0,"cards_transformed":["Defend_B"],"player_choice":"Change","damage_taken":0,"max_hp_gain":0,"max_hp_loss":0,"event_name":"Living Wall","floor":2,"gold_loss":0,"cards_obtained":["Melter"]},{"damage_healed":0,"gold_gain":0,"player_choice":"Box","damage_taken":0,"relics_obtained":["Tiny Chest"],"max_hp_gain":0,"max_hp_loss":0,"event_name":"Big Fish","floor":14,"gold_loss":0,"cards_obtained":["Regret"]},{"damage_healed":0,"gold_gain":0,"player_choice":"Ignored","damage_taken":0,"max_hp_gain":0,"max_hp_loss":0,"event_name":"Ghosts","floor":19,"gold_loss":0},{"damage_healed":0,"gold_gain":360,"player_choice":"GOLD GOLD GOLD GOLD ","damage_taken":36,"max_hp_gain":0,"max_hp_loss":0,"event_name":"Knowing Skull","floor":20,"potions_obtained":[],"gold_loss":0,"cards_obtained":[]}],"is_beta":false,"boss_relics":[{"not_picked":["Pandora\u0027s Box","Tiny House"],"picked":"Inserter"}],"items_purged_floors":[21],"is_endless":false,"potions_floor_spawned":[4,7,12,16,18,22],"killed_by":"Book of Stabbing","ascension_level":0}}