{"host":"2wfiibphayzsnr6e","time":1611738924,"event":{"mods":["2.2 Compatiblity","AchievementEnabler","Act Like it!","BaseMod","Better Altar","Better Match","Better Skull","Better Vampires","BetterRewards","Colored Map","Colored Powertips","Dark Map","DeckTracker","Defuse TimeMaze Blight","FetchMod","Friendly Minions","Gensokyo","GifTheSpireLib","Hallownest","HexUI Lib","Infinite Spire","Mimic Mod","Minty Spire (QoL Compilation)","Random Character Button","Red Circlet Mod","Replay The Spire","Shop Mod","Spicy Shops","StSLib","SuperFastMode","The Jungle","Useless Jewels Mod","egg","thorton"],"gold_per_floor":[119,119,143,167,202,202,242,242,242,242,277,277,312,317,317,425,425,442,367,390,390,390,426,426,461,461,461,461,3,3,3,3,26,26,146,146,181,8,45,375,475,829,861,861,913,913,913,434,624,670,670,690,690,690,397,445,475,475,475],"floor_reached":57,"language":"ENG","playtime":4410,"items_purged":["Normality","thethorton:Defend","thethorton:Defend","thethorton:CreditCard"],"score":822,"play_id":"128da1e2-1932-4872-aa7c-c3e3bb5f115e","local_time":"20210127041524","is_ascension_mode":false,"campfire_choices":[{"data":"thethorton:Heckle","floor":6,"key":"SMITH"},{"data":"thethorton:BusinessBash","floor":8,"key":"SMITH"},{"floor":12,"key":"REST"},{"data":"thethorton:Rebalance","floor":15,"key":"SMITH"},{"data":"thethorton:BusinessCard","floor":24,"key":"SMITH"},{"data":"thethorton:ChartProject","floor":27,"key":"SMITH"},{"floor":30,"key":"REST"},{"floor":47,"key":"REST"},{"floor":51,"key":"RECALL"},{"data":"thethorton:Defend","floor":54,"key":"SMITH"}],"circlet_count":0,"master_deck":["thethorton:Strike","thethorton:Strike","thethorton:Strike","thethorton:Strike","thethorton:Defend","thethorton:Defend+2","thethorton:Heckle+1","thethorton:LastDitchEffort+1","thethorton:BusinessCard+1","thethorton:BusinessBash+1","thethorton:ChartProject+1","thethorton:Rebalance+1","thethorton:CoinClash+1","thethorton:BattleTrash+1","thethorton:PowerUp"],"relics":["thethorton:CouragePotion","infinitespire:Broken Mirror","Replay:Baseball","uselessJewelsMod:UselessJewelsRelic","Hallownest:DreamNailRelic","Ancient Tea Set","Mercury Hourglass","ReplayFunnel","infinitespire:Cupcake","ReplayTheSpireMod:Ninjato","infinitespire:Beetle Shell","Onion Ring","Membership Card","MerchantsRug","Blood Vial","Snack Pack","Regal Pillow","Simple Rune","Replay:Wanted Poster","Divine Protection","Old Coin","Letter Opener","ReplayTheSpireMod:Lightbulb","Pantograph","infinitespire:Joker Card","infinitespire:Lychee Nut","Strawberry"],"acts_visited":["Exordium","TheCity","TheCity","TheEnding"],"potions_floor_usage":[3,5,16,25,35,35,52,52,57],"damage_taken":[{"damage":18,"enemies":"Hallownest:2_Tiktiks_and_1_Crawlid","floor":1,"turns":6},{"damage":9,"enemies":"Hallownest:2_MossCreeps","floor":3,"turns":7},{"damage":2,"enemies":"Hallownest:monsterHuskWarrior","floor":4,"turns":4},{"damage":20,"enemies":"Hallownest:eliteMossKnight","floor":5,"turns":6},{"damage":26,"enemies":"Hallownest:eliteMossKnight","floor":7,"turns":5},{"damage":7,"enemies":"Hallownest:eliteVengeflyKing","floor":11,"turns":3},{"damage":6,"enemies":"Hallownest:eliteMossKnight","floor":13,"turns":6},{"damage":0,"enemies":"Hallownest:monsterAspidMother","floor":14,"turns":2},{"damage":21,"enemies":"Hallownest:BossFalseKnight","floor":16,"turns":10},{"damage":17,"enemies":"3 Byrds","floor":18,"turns":5},{"damage":27,"enemies":"Chosen","floor":20,"turns":7},{"damage":0,"enemies":"Book of Stabbing","floor":23,"turns":4},{"damage":12,"enemies":"Snake Plant","floor":25,"turns":1},{"damage":0,"enemies":"Snecko","floor":33,"turns":3},{"damage":42,"enemies":"Champ","floor":35,"turns":13},{"damage":7,"enemies":"Gensokyo:3_Bats","floor":37,"turns":3},{"damage":62,"enemies":"Gensokyo:AncientGuardian","floor":39,"turns":17},{"damage":14,"enemies":"Gensokyo:3_Boulders","floor":40,"turns":6},{"damage":0,"enemies":"Gensokyo:Doremy","floor":42,"turns":4},{"damage":0,"enemies":"Gensokyo:Dusk_and_Dawn","floor":43,"turns":2},{"damage":39,"enemies":"Gensokyo:Shinki","floor":52,"turns":12},{"damage":23,"enemies":"Shield and Spear","floor":56,"turns":6},{"damage":70,"enemies":"The Heart","floor":57,"turns":10}],"seed_played":"-6371567799925401936","potions_obtained":[{"floor":4,"key":"Adrenaline Potion"},{"floor":11,"key":"BlessingOfTheForge"},{"floor":16,"key":"Milkshake"},{"floor":18,"key":"Energy Potion"},{"floor":23,"key":"Death Potion"},{"floor":25,"key":"Reflective Coating"},{"floor":39,"key":"PowerPotion"},{"floor":56,"key":"Fire Potion"}],"is_trial":false,"path_per_floor":["M","?","M","M","?","R","E","R","T","?","E","R","E","M","R","B",null,"M","?","M","?","AVR","E","R","M","T","R","?","$","R","PTL","PTL","M","R_BF","B",null,"M","COS","M","M","AVR","E","M","?","T","?","R","?","?","T","R_BF","B",null,"R","$","E","B"],"character_chosen":"THE_THORT","items_purchased":["Membership Card","MerchantsRug","Blood Vial","Snack Pack","thethorton:PowerUp","Pantograph","infinitespire:Joker Card","infinitespire:Lychee Nut","Doom Potion"],"campfire_rested":3,"item_purchase_floors":[29,29,29,29,55,55,55,55,55],"current_hp_per_floor":[56,56,62,60,40,40,14,14,14,14,7,29,23,23,23,2,74,57,57,30,30,30,30,30,18,18,18,2,2,24,24,24,28,50,28,74,69,69,17,9,9,15,21,21,21,21,58,58,40,40,40,23,74,74,55,44,0,0,0],"gold":475,"neow_bonus":"TEN_PERCENT_HP_BONUS","is_daily":false,"chose_seed":false,"campfire_upgraded":6,"win_rate":0.0,"timestamp":1611738924,"path_taken":["M","?","M","M","?","R","E","R","T","?","E","R","E","M","R","BOSS","M","?","M","?","AVR","E","R","M","T","R","?","?","R","PTL","PTL","M","R_BF","BOSS","M","COS","M","M","AVR","E","M","?","T","?","R","?","?","?","R_BF","BOSS","R","$","E","BOSS"],"items_purchased_type":["Relic","Relic","Relic","Relic","Card","Relic","Relic","Relic","Potion"],"build_version":"2020-12-22","purchased_purges":4,"victory":false,"max_hp_per_floor":[74,74,74,74,74,74,74,74,74,74,74,74,74,74,74,74,74,74,74,74,74,74,74,74,74,74,74,74,74,74,74,74,74,74,74,74,74,74,74,74,74,74,74,74,74,74,74,74,74,74,74,74,74,74,55,62,62,62,62],"card_choices":[{"not_picked":["thethorton:SeeingDouble","thethorton:DoubleRun"],"picked":"thethorton:LastDitchEffort","floor":1},{"not_picked":["thethorton:GoldBuffer","thethorton:ElbowSmash"],"picked":"thethorton:BusinessCard","floor":3},{"not_picked":["thethorton:LongTermPayoff","thethorton:OddChange"],"picked":"thethorton:BusinessBash","floor":4},{"not_picked":["thethorton:FearfulRun","thethorton:SeeingDouble","thethorton:WhirlingBriefcase"],"picked":"SKIP","floor":5},{"not_picked":["thethorton:WhirlingBriefcase","thethorton:ElbowSmash","thethorton:LongDaysWork"],"picked":"SKIP","floor":7},{"not_picked":["thethorton:HitAhead","thethorton:TakeAccounts","thethorton:Distance"],"picked":"SKIP","floor":11},{"not_picked":["thethorton:ChartProject","thethorton:ShoutAndRun","thethorton:Hexaghostify"],"picked":"SKIP","floor":13},{"not_picked":["thethorton:ShoutAndRun","thethorton:Hexaghostify"],"picked":"thethorton:ChartProject","floor":13},{"not_picked":["thethorton:ToxicGreed","thethorton:DockPay"],"picked":"thethorton:Rebalance","floor":14},{"not_picked":["thethorton:SicklyRun","thethorton:ElbowSmash","thethorton:CoinClash"],"picked":"SKIP","floor":18},{"not_picked":["thethorton:DownPayment","thethorton:GoldBuffer","thethorton:StumblingSlap"],"picked":"SKIP","floor":20},{"not_picked":["thethorton:HitAhead","thethorton:StampSmack"],"picked":"thethorton:CoinClash+1","floor":23},{"not_picked":["thethorton:CashBash+1","thethorton:BusinessCard","thethorton:WhirlingBriefcase"],"picked":"SKIP","floor":25},{"not_picked":["thethorton:DualBap","thethorton:DownPayment","thethorton:BookBash"],"picked":"SKIP","floor":33},{"not_picked":["thethorton:Crash","thethorton:ChartProject+1","thethorton:ShoutAndRun"],"picked":"SKIP","floor":37},{"not_picked":["thethorton:HedgeFund","thethorton:BookBash","thethorton:DoubleRun+1"],"picked":"SKIP","floor":39},{"not_picked":["thethorton:ShoutAndRun+1","thethorton:BookBash+1"],"picked":"thethorton:ScalingIsWin","floor":40},{"not_picked":["thethorton:HitAhead+1","thethorton:ToxicGreed+1"],"picked":"thethorton:BattleTrash+1","floor":42},{"not_picked":["thethorton:LastDitchEffort","thethorton:BusinessBash","thethorton:BusinessCard"],"picked":"SKIP","floor":43},{"not_picked":["thethorton:BusinessBoom","thethorton:DownPayment+1","thethorton:WhirlingBriefcase+1"],"picked":"SKIP","floor":56}],"player_experience":249027,"relics_obtained":[{"floor":5,"key":"infinitespire:Broken Mirror"},{"floor":7,"key":"Replay:Baseball"},{"floor":9,"key":"uselessJewelsMod:UselessJewelsRelic"},{"floor":11,"key":"Ancient Tea Set"},{"floor":13,"key":"Mercury Hourglass"},{"floor":23,"key":"infinitespire:Beetle Shell"},{"floor":26,"key":"Onion Ring"},{"floor":42,"key":"Letter Opener"},{"floor":50,"key":"ReplayTheSpireMod:Lightbulb"},{"floor":56,"key":"Strawberry"}],"event_choices":[{"damage_healed":0,"gold_gain":0,"player_choice":"2","damage_taken":0,"max_hp_gain":0,"max_hp_loss":0,"event_name":"betterMatch:BetterMatch","floor":19,"gold_loss":0,"cards_obtained":["betterMatch:UncommonCard"]},{"damage_healed":0,"gold_gain":0,"player_choice":"Obtained Book","damage_taken":16,"max_hp_gain":0,"max_hp_loss":0,"event_name":"Cursed Tome","floor":28,"gold_loss":0}],"is_beta":false,"boss_relics":[{"not_picked":[]},{"not_picked":["thethorton:BottledFunds","Replay:Ancient Bell","Replay:Fungal Core"]}],"items_purged_floors":[22,29,41,55],"is_endless":false,"potions_floor_spawned":[4,11,16,18,23,25,39,56],"killed_by":"The Heart","ascension_level":0}}