{"host":"684z1xpuwaoqmmh1","time":1611750029,"event":{"mods":["BaseMod","Downfall","Hermit","Jorbs\u0027s Wanderer Trilogy","Marisa????????","Minty Spire (QoL Compilation)","Robot Space Explorer","Shade Mod","StSLib","The Bug Knight","The Cursed","The Dragon Tamer","The Hayseed","The Hierophant","The Marked","The Mystic","The Runesmith","The Senshi"],"gold_per_floor":[113,129,139,139,109,109,134,134,134,84,114,127,156,231,231,336,336,349,349,349,359,376,408,408,408,408],"floor_reached":25,"language":"ENG","playtime":1415,"items_purged":[],"score":323,"play_id":"a7a218bf-ae39-4cc8-b9f2-4d7678f7500e","local_time":"20210127142029","is_ascension_mode":true,"campfire_choices":[{"data":"TheSimpletonMod:Asparagus","floor":6,"key":"SMITH"},{"data":"TheSimpletonMod:ReapAndSow","floor":8,"key":"SMITH"},{"floor":15,"key":"REST"},{"floor":24,"key":"REST"}],"circlet_count":0,"master_deck":["TheSimpletonMod:Strike_TheSimpleton+1","TheSimpletonMod:Strike_TheSimpleton","TheSimpletonMod:Defend_TheSimpleton","TheSimpletonMod:Defend_TheSimpleton","TheSimpletonMod:Defend_TheSimpleton","TheSimpletonMod:Defend_TheSimpleton","TheSimpletonMod:Haymaker+1","TheSimpletonMod:ReapAndSow+1","TheSimpletonMod:Germinate","TheSimpletonMod:SlashAndBurn","TheSimpletonMod:Squash","TheSimpletonMod:Asparagus+1","TheSimpletonMod:ToughenUp","TheSimpletonMod:Sunseed","TheSimpletonMod:StockTheCellar","TheSimpletonMod:BuzzBomb","TheSimpletonMod:Photosynthesis","TheSimpletonMod:SeedCoat","Necronomicurse","TheSimpletonMod:OnionBloom","TheSimpletonMod:Thresh+1"],"relics":["TheSimpletonMod:SpudOfTheInnocent","TheSimpletonMod:NightSoil","TheSimpletonMod:TheHarvester","champ:DuelingGlove","TheSimpletonMod:PlanterBox","Du-Vu Doll","Fusion Hammer","Necronomicon","Lantern","Whetstone"],"acts_visited":["Exordium","TheCity"],"potions_floor_usage":[11,23,23],"damage_taken":[{"damage":1,"enemies":"Cultist","floor":1,"turns":4},{"damage":0,"enemies":"Small Slimes","floor":2,"turns":3},{"damage":18,"enemies":"Jaw Worm","floor":3,"turns":4},{"damage":2,"enemies":"Looter","floor":5,"turns":4},{"damage":8,"enemies":"HollowMod:MossKnight","floor":7,"turns":30},{"damage":20,"enemies":"3 Sentries","floor":11,"turns":7},{"damage":2,"enemies":"Exordium Wildlife","floor":12,"turns":3},{"damage":13,"enemies":"Lagavulin","floor":13,"turns":8},{"damage":11,"enemies":"Hexaghost","floor":16,"turns":9},{"damage":10,"enemies":"Chosen","floor":18,"turns":4},{"damage":28,"enemies":"3 Byrds","floor":21,"turns":8},{"damage":1,"enemies":"3 Cultists","floor":22,"turns":5},{"damage":32,"enemies":"Slavers","floor":23,"turns":6},{"damage":48,"enemies":"Book of Stabbing","floor":25,"turns":5}],"seed_played":"5912777726469924647","potions_obtained":[{"floor":7,"key":"SneckoOil"},{"floor":12,"key":"PowerPotion"},{"floor":13,"key":"hexamod:SoulburnPotion"},{"floor":18,"key":"BlessingOfTheForge"},{"floor":23,"key":"bronze:BurnAndBuffPotion"}],"is_trial":false,"path_per_floor":["M","M","M","?","M","R","E","R","T","?","E","M","E","?","R","B",null,"M","?","?","M","M","E","R","E"],"character_chosen":"THE_SIMPLETON","items_purchased":[],"campfire_rested":2,"item_purchase_floors":[],"current_hp_per_floor":[67,71,57,50,52,52,48,48,48,48,32,30,21,10,32,25,63,57,41,41,21,28,8,30,0,0],"gold":408,"neow_bonus":"THREE_CARDS","is_daily":false,"chose_seed":false,"campfire_upgraded":2,"win_rate":0.0,"timestamp":1611750029,"path_taken":["M","M","M","?","M","R","E","R","T","?","E","M","E","?","R","BOSS","M","?","?","M","M","E","R","E"],"items_purchased_type":[],"build_version":"2020-12-22","purchased_purges":0,"victory":false,"max_hp_per_floor":[75,75,75,75,75,75,75,75,75,75,75,75,75,75,75,75,75,75,75,75,75,75,75,75,75,75],"card_choices":[{"not_picked":["TheSimpletonMod:ToughenUp","TheSimpletonMod:Fertilaser"],"picked":"TheSimpletonMod:Germinate","floor":0},{"not_picked":["TheSimpletonMod:DoubleBarrel","TheSimpletonMod:Aerate"],"picked":"TheSimpletonMod:SlashAndBurn","floor":1},{"not_picked":["TheSimpletonMod:Fertilaser","TheSimpletonMod:VineRipen","TheSimpletonMod:ControlledBurn"],"picked":"SKIP","floor":2},{"not_picked":["TheSimpletonMod:SlashAndBurn","TheSimpletonMod:SaladShooter"],"picked":"TheSimpletonMod:Squash","floor":3},{"not_picked":["TheSimpletonMod:Fertilaser","TheSimpletonMod:CullingStrike"],"picked":"TheSimpletonMod:Asparagus","floor":5},{"not_picked":["TheSimpletonMod:ToughenUp","TheSimpletonMod:BumperCrop","TheSimpletonMod:Fertilaser"],"picked":"SKIP","floor":7},{"not_picked":["TheSimpletonMod:BumperCrop","TheSimpletonMod:Fertilaser"],"picked":"TheSimpletonMod:ToughenUp","floor":7},{"not_picked":["TheSimpletonMod:Rake","TheSimpletonMod:GoToMarket"],"picked":"TheSimpletonMod:Sunseed","floor":11},{"not_picked":["TheSimpletonMod:Aerate","TheSimpletonMod:Squash"],"picked":"TheSimpletonMod:StockTheCellar","floor":12},{"not_picked":["TheSimpletonMod:DoubleBarrel","TheSimpletonMod:Polyculture"],"picked":"TheSimpletonMod:BuzzBomb","floor":13},{"not_picked":["TheSimpletonMod:ResearchGrant","TheSimpletonMod:FlashPasteurize"],"picked":"TheSimpletonMod:Photosynthesis","floor":16},{"not_picked":["TheSimpletonMod:SpiceUp","TheSimpletonMod:Mulch"],"picked":"TheSimpletonMod:SeedCoat","floor":18},{"not_picked":["TheSimpletonMod:SpiceUp","TheSimpletonMod:CropRotation","TheSimpletonMod:DoubleBarrel"],"picked":"SKIP","floor":21},{"not_picked":["TheSimpletonMod:Mulch+1","TheSimpletonMod:DigIn"],"picked":"TheSimpletonMod:OnionBloom","floor":22},{"not_picked":["TheSimpletonMod:GoToMarket","TheSimpletonMod:Sunseed+1"],"picked":"TheSimpletonMod:Thresh+1","floor":23}],"player_experience":2962514,"relics_obtained":[{"floor":7,"key":"champ:DuelingGlove"},{"floor":11,"key":"TheSimpletonMod:PlanterBox"},{"floor":13,"key":"Du-Vu Doll"},{"floor":19,"key":"Necronomicon"},{"floor":23,"key":"Whetstone"}],"event_choices":[{"cards_removed":["TheSimpletonMod:Strike_TheSimpleton"],"damage_healed":0,"gold_gain":0,"player_choice":"Card Removal","damage_taken":7,"max_hp_gain":0,"max_hp_loss":0,"event_name":"Golden Wing","floor":4,"gold_loss":0},{"cards_removed":["TheSimpletonMod:Strike_TheSimpleton"],"damage_healed":0,"gold_gain":0,"player_choice":"Card Removal","damage_taken":0,"max_hp_gain":0,"max_hp_loss":0,"event_name":"The Cleric","floor":10,"gold_loss":50},{"damage_healed":0,"gold_gain":75,"player_choice":"Gather Gold","damage_taken":11,"max_hp_gain":0,"max_hp_loss":0,"event_name":"World of Goop","floor":14,"gold_loss":0},{"damage_healed":0,"gold_gain":0,"player_choice":"Obtained Book","damage_taken":16,"max_hp_gain":0,"max_hp_loss":0,"event_name":"Cursed Tome","floor":19,"gold_loss":0},{"damage_healed":0,"gold_gain":0,"player_choice":"Gave Potion","damage_taken":0,"relics_obtained":["Lantern"],"max_hp_gain":0,"max_hp_loss":0,"event_name":"WeMeetAgain","floor":20,"gold_loss":0}],"is_beta":false,"boss_relics":[{"not_picked":["TheSimpletonMod:GourdCharm","Coffee Dripper"],"picked":"Fusion Hammer"}],"items_purged_floors":[],"is_endless":false,"potions_floor_spawned":[7,12,13,18,23],"killed_by":"Book of Stabbing","ascension_level":7}}