{"host":"m4pe905ae9bldoe7","time":1611749564,"event":{"mods":["BaseMod","Bestiary","Block Reminder","Downfall","Minty Spire (QoL Compilation)","StSLib"],"gold_per_floor":[99,113,133,133,118,50,125,143,143,158,178,192,192,192,192,192],"floor_reached":14,"language":"ENG","playtime":907,"items_purged":[],"score":82,"play_id":"72d888dd-691c-4988-97fb-51d4f0468e82","local_time":"20210127131244","is_ascension_mode":false,"campfire_choices":[{"data":"champ:Taunt","floor":1,"key":"SMITH"},{"floor":13,"key":"REST"}],"circlet_count":0,"master_deck":["champ:Strike","champ:Strike","champ:Strike","champ:Strike","champ:Defend","champ:Defend","champ:Defend","champ:Defend","champ:Execute","champ:Taunt+1","champ:EndlessRage","champ:Shatter","champ:VampiricStrike","champ:AdrenalArmor","champ:BerserkersShout","champ:BerserkersShout","champ:FocusedBerserking","champ:Shatter","champ:BringItOn"],"relics":["champ:ChampionCrown","Dead Branch","Pear","Akabeko"],"acts_visited":["Exordium"],"potions_floor_usage":[12,12,14],"damage_taken":[{"damage":10,"enemies":"2 Louse","floor":2,"turns":2},{"damage":30,"enemies":"Cultist","floor":3,"turns":5},{"damage":40,"enemies":"downfall:FleeingMerchant","floor":5,"turns":4},{"damage":35,"enemies":"downfall:FleeingMerchant","floor":6,"turns":4},{"damage":20,"enemies":"Jaw Worm","floor":8,"turns":2},{"damage":62,"enemies":"Exordium Thugs","floor":10,"turns":4},{"damage":33,"enemies":"Exordium Wildlife","floor":11,"turns":4},{"damage":22,"enemies":"Blue Slaver","floor":12,"turns":2},{"damage":77,"enemies":"Lagavulin","floor":14,"turns":5}],"seed_played":"-8798877259837425005","potions_obtained":[{"floor":3,"key":"LiquidMemories"},{"floor":8,"key":"hexamod:SoulburnPotion"},{"floor":10,"key":"PowerPotion"}],"is_trial":false,"path_per_floor":["R","M","M","?","$","$","T","M","T","M","M","M","R","E"],"character_chosen":"THE_CHAMP","items_purchased":["champ:BerserkersShout"],"campfire_rested":1,"item_purchase_floors":[6],"current_hp_per_floor":[81,81,71,56,46,31,41,41,41,19,19,7,34,0,0,0],"gold":192,"neow_bonus":"ONE_RARE_RELIC","is_daily":false,"chose_seed":false,"campfire_upgraded":1,"win_rate":0.0,"timestamp":1611749564,"path_taken":["R","M","M","?","?","$","T","M","?","?","M","M","R","E"],"items_purchased_type":["Card"],"build_version":"2020-12-22","purchased_purges":0,"victory":false,"max_hp_per_floor":[81,81,81,81,81,81,91,91,91,91,91,91,91,91,91,91],"card_choices":[{"not_picked":["champ:BringItOn","champ:AdrenalArmor"],"picked":"champ:EndlessRage","floor":2},{"not_picked":["champ:AdrenalArmor","champ:PerfectedStrike"],"picked":"champ:Shatter","floor":3},{"not_picked":["champ:FanOfKnives","champ:Lariat"],"picked":"champ:VampiricStrike","floor":5},{"not_picked":["champ:FalseCounter","champ:BladeFlurry"],"picked":"champ:AdrenalArmor","floor":6},{"not_picked":["champ:PerfectedStrike","champ:FocusedDefense"],"picked":"champ:BerserkersShout","floor":8},{"not_picked":["champ:RecklessLeap","champ:StanceDance"],"picked":"champ:FocusedBerserking","floor":10},{"not_picked":["champ:Haymaker","champ:Lariat"],"picked":"champ:Shatter","floor":11},{"not_picked":["champ:Circumvent","champ:Duel"],"picked":"champ:BringItOn","floor":12}],"player_experience":496861,"relics_obtained":[{"floor":7,"key":"Pear"},{"floor":9,"key":"Akabeko"}],"event_choices":[],"is_beta":false,"boss_relics":[],"items_purged_floors":[],"is_endless":false,"potions_floor_spawned":[3,8,10],"killed_by":"Lagavulin","ascension_level":0}}