{"host":"s9dep4x43c14s74h","time":1611769906,"event":{"mods":["BaseMod","Downfall","Gremlin Mod","Hermit","HololiveMod","Jorbs\u0027s Wanderer Trilogy","Lobotomy","Marisa????????","Minty Spire (QoL Compilation)","StSLib","The Animator","The Bug Knight","The Construct","The Cursed","The Necromancer","The Runesmith","The Servant 0.9.4"],"gold_per_floor":[99,114,132,151,326,344,344,360,360,374,374,374,374],"floor_reached":11,"language":"RUS","playtime":2526,"items_purged":[],"score":67,"play_id":"8b375adc-bf70-4866-ba05-81e8e29ef757","local_time":"20210127205146","is_ascension_mode":false,"campfire_choices":[{"data":"champ:Taunt","floor":1,"key":"SMITH"}],"circlet_count":0,"master_deck":["champ:Strike","champ:Strike","champ:Strike","champ:Strike","champ:Defend","champ:Defend","champ:Defend","champ:Execute","champ:Taunt+1","champ:ShieldWall","champ:EnragedBash","champ:ShieldSigil","champ:MurderStrike","champ:CalledShot","champ:IronFortress+1"],"relics":["champ:ChampionCrown","Omamori","Frozen Egg 2"],"acts_visited":["Exordium"],"potions_floor_usage":[6,10],"damage_taken":[{"damage":10,"enemies":"2 Louse","floor":2,"turns":2},{"damage":10,"enemies":"Cultist","floor":3,"turns":3},{"damage":10,"enemies":"Small Slimes","floor":4,"turns":4},{"damage":20,"enemies":"Blue Slaver","floor":6,"turns":4},{"damage":33,"enemies":"2 Fungi Beasts","floor":8,"turns":4},{"damage":32,"enemies":"Large Slime","floor":10,"turns":6},{"damage":71,"enemies":"3 Sentries","floor":11,"turns":8}],"seed_played":"125127746156307864","potions_obtained":[{"floor":4,"key":"Block Potion"},{"floor":8,"key":"Fire Potion"}],"is_trial":false,"path_per_floor":["R","M","M","M","?","M","T","M","?","M","E"],"character_chosen":"THE_CHAMP","items_purchased":[],"campfire_rested":0,"item_purchase_floors":[],"current_hp_per_floor":[90,90,90,90,90,90,90,77,77,65,0,0,0],"gold":374,"neow_bonus":"RANDOM_COMMON_RELIC","is_daily":false,"chose_seed":false,"campfire_upgraded":1,"win_rate":0.0,"timestamp":1611769906,"path_taken":["R","M","M","M","?","M","T","M","?","?","E"],"items_purchased_type":[],"build_version":"2020-12-22","purchased_purges":0,"victory":false,"max_hp_per_floor":[90,90,90,90,90,90,90,90,90,90,90,90,90],"card_choices":[{"not_picked":["champ:Circumvent","champ:Lariat","champ:EnGarde"],"picked":"SKIP","floor":2},{"not_picked":["champ:DefensiveShout","champ:Parry"],"picked":"champ:ShieldWall","floor":3},{"not_picked":["champ:GutPunch","champ:FlashCut"],"picked":"champ:EnragedBash","floor":4},{"not_picked":["champ:EnGarde","champ:BringItOn"],"picked":"champ:BladeFlurry","floor":6},{"not_picked":["champ:GutPunch","champ:Backstep"],"picked":"champ:RecklessLeap","floor":8},{"not_picked":["champ:EnGarde","champ:BerserkersShout"],"picked":"champ:IronFortress+1","floor":10}],"player_experience":896358,"relics_obtained":[{"floor":7,"key":"Frozen Egg 2"}],"event_choices":[],"is_beta":false,"boss_relics":[],"items_purged_floors":[],"is_endless":false,"potions_floor_spawned":[4,8],"killed_by":"3 Sentries","ascension_level":0}}