{"host":"c3lc60y5x60jlt1y","time":1611746404,"event":{"mods":["AchievementEnabler","BaseMod","Bestiary","Colored Map","Minty Spire (QoL Compilation)","Quick Restart","StSLib","ojb\u0027s Info Mod"],"gold_per_floor":[117,127,142,142,54,54,154,187,187,187,219,239,239,253,253,253,253],"floor_reached":16,"language":"ENG","playtime":2167,"items_purged":[],"score":220,"play_id":"6ec3f966-fbdb-4dbc-a43e-49ba9d055ff1","local_time":"20210127132004","is_ascension_mode":true,"campfire_choices":[{"data":"Fiend Fire","floor":6,"key":"SMITH"},{"floor":10,"key":"REST"},{"data":"Feed","floor":13,"key":"SMITH"},{"data":"Brutality","floor":15,"key":"SMITH"}],"circlet_count":0,"master_deck":["AscendersBane","Strike_R","Strike_R","Strike_R","Strike_R+1","Strike_R","Defend_R","Defend_R+1","Defend_R","Defend_R","Bash","Brutality+1","Reckless Charge","Blood for Blood","Wild Strike","Fiend Fire+1","Feel No Pain","Feed+1","Inflame","Battle Trance+1"],"relics":["Burning Blood","Kunai","Incense Burner","Toxic Egg 2"],"acts_visited":["Exordium"],"potions_floor_usage":[8],"damage_taken":[{"damage":8,"enemies":"Small Slimes","floor":1,"turns":4},{"damage":9,"enemies":"Cultist","floor":2,"turns":4},{"damage":10,"enemies":"2 Louse","floor":3,"turns":2},{"damage":26,"enemies":"Lagavulin","floor":8,"turns":7},{"damage":8,"enemies":"Gremlin Nob","floor":11,"turns":3},{"damage":8,"enemies":"Blue Slaver","floor":12,"turns":2},{"damage":6,"enemies":"Red Slaver","floor":14,"turns":3},{"damage":35,"enemies":"The Guardian","floor":16,"turns":5}],"seed_played":"2738019174925530494","potions_obtained":[{"floor":2,"key":"Strength Potion"},{"floor":8,"key":"SpeedPotion"},{"floor":14,"key":"ElixirPotion"}],"is_trial":false,"path_per_floor":["M","M","M","?","$","R","?","E","T","R","E","M","R","M","R","B"],"character_chosen":"IRONCLAD","items_purchased":["Fiend Fire"],"campfire_rested":1,"item_purchase_floors":[5],"current_hp_per_floor":[66,63,59,36,36,36,36,16,16,38,36,34,34,34,34,0,0],"gold":253,"neow_bonus":"ONE_RANDOM_RARE_CARD","is_daily":false,"chose_seed":false,"campfire_upgraded":3,"win_rate":0.0,"timestamp":1611746404,"path_taken":["M","M","M","?","$","R","?","E","T","R","E","M","R","M","R","BOSS"],"items_purchased_type":["Card"],"build_version":"2020-12-22","purchased_purges":0,"victory":false,"max_hp_per_floor":[75,75,75,75,75,75,75,75,75,75,75,75,75,75,75,75,75],"card_choices":[{"not_picked":["Clothesline","Wild Strike"],"picked":"Reckless Charge","floor":1},{"not_picked":["Dropkick","Ghostly Armor"],"picked":"Blood for Blood","floor":2},{"not_picked":["Perfected Strike","Twin Strike"],"picked":"Wild Strike","floor":3},{"not_picked":["Shrug It Off","Clash"],"picked":"Feel No Pain","floor":8},{"not_picked":["Clash","Headbutt"],"picked":"Feed","floor":11},{"not_picked":["Perfected Strike","Seeing Red+1"],"picked":"Inflame","floor":12},{"not_picked":["Flex+1","Thunderclap"],"picked":"Battle Trance+1","floor":14}],"player_experience":8652417,"relics_obtained":[{"floor":8,"key":"Kunai"},{"floor":9,"key":"Incense Burner"},{"floor":11,"key":"Toxic Egg 2"}],"event_choices":[{"damage_healed":0,"gold_gain":0,"player_choice":"Entered Light","damage_taken":23,"max_hp_gain":0,"max_hp_loss":0,"event_name":"Shining Light","floor":4,"gold_loss":0,"cards_upgraded":["Strike_R","Defend_R"]},{"damage_healed":0,"gold_gain":100,"player_choice":"Gold","damage_taken":0,"max_hp_gain":0,"max_hp_loss":0,"event_name":"Wheel of Change","floor":7,"gold_loss":0}],"is_beta":false,"boss_relics":[],"items_purged_floors":[],"is_endless":false,"potions_floor_spawned":[2,8,14],"killed_by":"The Guardian","ascension_level":20}}