{"host":"y3h3n3f7seyagppx","time":1611777713,"event":{"mods":["AlwaysNeverKeys","BaseMod","Better Vampires","Colored Powertips","DeckTracker","Emptier Cage","Minty Spire (QoL Compilation)","Permanent Neow","Quick Restart","Rare Cards Sparkle","Relic Sorter","Relic Stats","StSLib","Transform Curses"],"gold_per_floor":[118,118,135,24,41,41,74,74,97,97,132,147,174,174,174,253,253,272,288,314,332,356,356,356],"floor_reached":23,"language":"ENG","playtime":3402,"items_purged":["Strike_G"],"score":468,"play_id":"bae0ff45-1b83-4630-abe9-4eddbc83535c","local_time":"20210127150153","is_ascension_mode":true,"campfire_choices":[{"data":"Predator","floor":6.0,"key":"SMITH"},{"data":"Noxious Fumes","floor":10.0,"key":"SMITH"},{"data":"Catalyst","floor":15.0,"key":"SMITH"}],"circlet_count":0,"master_deck":["AscendersBane","Strike_G","Strike_G","Defend_G","Defend_G","Defend_G","Defend_G+1","Defend_G","Survivor","Neutralize","Predator+1","Burst","Noxious Fumes+1","Leg Sweep+1","Flying Knee","Catalyst+1","Bouncing Flask","Adrenaline","Night Terror","Finesse+1","Night Terror+1","Dagger Spray+1","Deflect","Sucker Punch+1","PiercingWail","Catalyst+1"],"relics":["Ring of the Snake","Lantern","Bag of Marbles","War Paint","StrikeDummy","Astrolabe","Red Mask","Potion Belt"],"acts_visited":["Exordium","TheCity"],"potions_floor_usage":[],"damage_taken":[{"damage":2.0,"enemies":"2 Louse","floor":1.0,"turns":5.0},{"damage":5.0,"enemies":"Small Slimes","floor":3.0,"turns":3.0},{"damage":3.0,"enemies":"Cultist","floor":5.0,"turns":6.0},{"damage":5.0,"enemies":"Lagavulin","floor":7.0,"turns":7.0},{"damage":42.0,"enemies":"Gremlin Nob","floor":11.0,"turns":5.0},{"damage":0.0,"enemies":"Blue Slaver","floor":12.0,"turns":4.0},{"damage":0.0,"enemies":"Lagavulin","floor":13.0,"turns":5.0},{"damage":11.0,"enemies":"Hexaghost","floor":16.0,"turns":7.0},{"damage":0.0,"enemies":"2 Thieves","floor":18.0,"turns":3.0},{"damage":6.0,"enemies":"3 Byrds","floor":19.0,"turns":5.0},{"damage":27.0,"enemies":"Masked Bandits","floor":20.0,"turns":4.0},{"damage":2.0,"enemies":"Centurion and Healer","floor":21.0,"turns":5.0},{"damage":26,"enemies":"Gremlin Leader","floor":23,"turns":7}],"seed_played":"7360772916776417737","potions_obtained":[{"floor":1.0,"key":"BlessingOfTheForge"},{"floor":5.0,"key":"PowerPotion"},{"floor":11.0,"key":"Block Potion"},{"floor":13.0,"key":"SneckoOil"},{"floor":20.0,"key":"Strength Potion"}],"is_trial":false,"path_per_floor":["M","?","M","$","M","R","E","?","T","R","E","M","E","?","R","B",null,"M","M","?","M","T","E"],"character_chosen":"THE_SILENT","items_purchased":["Leg Sweep"],"campfire_rested":0,"item_purchase_floors":[4],"current_hp_per_floor":[57,57,52,52,49,49,44,66,66,66,24,24,24,24,24,13,53,53,47,20,18,18,0,0],"gold":356,"neow_bonus":"RANDOM_COLORLESS_2","is_daily":false,"chose_seed":false,"campfire_upgraded":3,"win_rate":0.0,"timestamp":1611777713,"path_taken":["M","?","M","$","M","R","E","?","T","R","E","M","E","?","R","BOSS","M","?","?","M","?","E"],"items_purchased_type":["Card"],"build_version":"2020-12-22","purchased_purges":1,"victory":false,"max_hp_per_floor":[66,66,66,66,66,66,66,66,66,66,66,66,66,66,66,66,66,66,66,66,66,66,66,66],"relic_stats":{"counters":[13,66],"Astrolabe":["Finesse","Night Terror","Dagger Spray"],"War Paint":["Defend_G","Leg Sweep"],"obtain_stats":[{"Potion Belt":22,"Lantern":7,"Astrolabe":17,"Bag of Marbles":9,"Red Mask":20,"War Paint":11,"StrikeDummy":13,"Ring of the Snake":0},{"Potion Belt":12,"Lantern":4,"Astrolabe":8,"Bag of Marbles":4,"Red Mask":11,"War Paint":5,"StrikeDummy":7,"Ring of the Snake":0},{"Potion Belt":59,"Lantern":21,"Astrolabe":42,"Bag of Marbles":21,"Red Mask":54,"War Paint":26,"StrikeDummy":35,"Ring of the Snake":0}],"Ring of the Snake":[26]},"card_choices":[{"not_picked":["Magnetism","Thinking Ahead"],"picked":"The Bomb","floor":0.0},{"not_picked":["Escape Plan","Bouncing Flask"],"picked":"Predator","floor":1.0},{"not_picked":["Backflip","Dodge and Roll"],"picked":"Noxious Fumes","floor":3.0},{"not_picked":["PiercingWail","Quick Slash"],"picked":"Flying Knee","floor":5.0},{"not_picked":["Blur","Backstab"],"picked":"Catalyst","floor":7.0},{"not_picked":["Slice","Blade Dance","Bane"],"picked":"SKIP","floor":11.0},{"not_picked":["PiercingWail","Backflip"],"picked":"Bouncing Flask","floor":12.0},{"not_picked":["Poisoned Stab","Blade Dance"],"picked":"Adrenaline","floor":13.0},{"not_picked":["After Image","Phantasmal Killer"],"picked":"Night Terror","floor":16.0},{"not_picked":["Masterful Stab","Flechettes"],"picked":"Deflect","floor":18.0},{"not_picked":["Flechettes","Terror"],"picked":"Sucker Punch+1","floor":19.0},{"not_picked":["Outmaneuver","Backflip"],"picked":"PiercingWail","floor":20.0},{"not_picked":["Bouncing Flask","Dodge and Roll"],"picked":"Catalyst+1","floor":21.0}],"player_experience":21664044,"relics_obtained":[{"floor":7.0,"key":"Lantern"},{"floor":9.0,"key":"Bag of Marbles"},{"floor":11.0,"key":"War Paint"},{"floor":13.0,"key":"StrikeDummy"},{"floor":20.0,"key":"Red Mask"},{"floor":22.0,"key":"Potion Belt"}],"event_choices":[{"damage_healed":0.0,"max_hp_gain":0.0,"max_hp_loss":0.0,"gold_gain":0.0,"cards_transformed":["Regret"],"event_name":"Living Wall","player_choice":"Change","floor":2.0,"gold_loss":0.0,"damage_taken":0.0,"cards_obtained":["Burst"]},{"damage_healed":22.0,"max_hp_gain":0.0,"max_hp_loss":0.0,"gold_gain":0.0,"event_name":"Big Fish","player_choice":"Banana","floor":8.0,"gold_loss":0.0,"damage_taken":0.0},{"damage_healed":0.0,"max_hp_gain":0.0,"max_hp_loss":0.0,"gold_gain":0.0,"event_name":"Lab","player_choice":"Got Potions","floor":14.0,"gold_loss":0.0,"damage_taken":0.0},{"damage_healed":0.0,"max_hp_gain":0.0,"max_hp_loss":0.0,"gold_gain":0.0,"event_name":"Masked Bandits","player_choice":"Fought Bandits","floor":20.0,"gold_loss":0.0,"damage_taken":0.0}],"is_beta":false,"boss_relics":[{"not_picked":["WristBlade","SacredBark"],"picked":"Astrolabe"}],"items_purged_floors":[4],"is_endless":false,"potions_floor_spawned":[1,5,11,13,19,20],"killed_by":"Gremlin Leader","ascension_level":20}}