{"host":"313mh4uoe5sucao3","time":1611768378,"event":{"mods":["Arknights The Spire","BaseMod","Dota2Spire","Downfall","Good Game Mod","Hero for Fun","Minty Spire (QoL Compilation)","Quick Restart","Shop Mod","StSLib","Td1madao Mod","The Bladedancer","UnlockEverythingMod","[IsaacMod]ÒÔÈö¼âËþ"],"gold_per_floor":[99,112,287,300,300,331,331,356,356,374,62,76,103,120,134,236,236,36,55,65,50,97,130,130,30,45,61,61,141,141,171,187,284,284,284,301,317,331,331,331,357,113,138,138,138,169,196,209,224,224,224,258,4,4,4,4,4],"floor_reached":55,"language":"ZHS","playtime":7198,"items_purged":["Doubt","champ:Strike"],"score":887,"play_id":"855d61db-7354-4f70-a179-29e3ac66716c","local_time":"20210128012618","is_ascension_mode":false,"campfire_choices":[{"floor":1.0,"key":"RECALL"},{"data":"champ:AdrenalArmor","floor":18.0,"key":"SMITH"},{"data":"Pod Laser","floor":25.0,"key":"SMITH"},{"floor":30.0,"key":"REST"},{"data":"champ:AdrenalArmor","floor":35.0,"key":"SMITH"},{"data":"champ:AdrenalArmor","floor":44.0,"key":"SMITH"},{"floor":54.0,"key":"REST"}],"circlet_count":0,"master_deck":["champ:Strike","champ:Strike","champ:Strike","champ:Defend","champ:Defend","champ:Defend","champ:Defend","champ:Execute","champ:Taunt","Pod Laser+1","champ:AdrenalArmor+1","champ:FaceSlap","champ:AdrenalArmor+1","champ:FlashCut","champ:CrookedStrike","champ:GutPunch","CurseOfTheBell","champ:BerserkersShout","champ:StanceDance+1","champ:RapidStrikes+1","champ:FanOfKnives+1","champ:BerserkersShout","champ:VampiricStrike","champ:StanceDance+1","champ:FanOfKnives+1","champ:Taunt","champ:SteelEdge","champ:AdrenalArmor+1","champ:AdrenalArmor"],"relics":["champ:ChampionCrown","HushsDoor","YumHeart","Singing Bowl","Dota2Spire:Satanic","Bottled Flame","Void","downfall:HeartBlessingRed","Dota2Spire:Desolator","downfall:HeartBlessingGreen","MerchantsRug","Dota2Spire:MonkeyKingBar","MagicMushroom","DeadEye","champ:DefensiveTrainingManual","Dota2Spire:UrnOfShadows","Centennial Puzzle","Oddly Smooth Stone"],"acts_visited":["Exordium","TheCity","TheBeyond","TheEnding"],"potions_floor_usage":[55,55,55],"damage_taken":[{"damage":0.0,"enemies":"2 Louse","floor":2.0,"turns":2.0},{"damage":12.0,"enemies":"Jaw Worm","floor":4.0,"turns":6.0},{"damage":69.0,"enemies":"3 Sentries","floor":6.0,"turns":9.0},{"damage":68.0,"enemies":"Lagavulin","floor":8.0,"turns":8.0},{"damage":0.0,"enemies":"Cultist","floor":9.0,"turns":1.0},{"damage":26.0,"enemies":"Blue Slaver","floor":10.0,"turns":4.0},{"damage":20.0,"enemies":"downfall:FleeingMerchant","floor":11.0,"turns":4.0},{"damage":20.0,"enemies":"Gremlin Gang","floor":12.0,"turns":2.0},{"damage":24.0,"enemies":"Gremlin Nob","floor":13.0,"turns":4.0},{"damage":0.0,"enemies":"2 Fungi Beasts","floor":14.0,"turns":2.0},{"damage":2.0,"enemies":"Large Slime","floor":15.0,"turns":4.0},{"damage":94.0,"enemies":"DF_ARCHETYPE_STREAMLINE","floor":16.0,"turns":13.0},{"damage":5.0,"enemies":"Chosen","floor":19.0,"turns":6.0},{"damage":10.0,"enemies":"Spheric Guardian","floor":20.0,"turns":3.0},{"damage":30.0,"enemies":"downfall:FleeingMerchant","floor":21.0,"turns":4.0},{"damage":60.0,"enemies":"Gremlin Leader","floor":23.0,"turns":5.0},{"damage":5.0,"enemies":"Snecko","floor":26.0,"turns":2.0},{"damage":26.0,"enemies":"Snake Plant","floor":27.0,"turns":2.0},{"damage":29.0,"enemies":"downfall:FleeingMerchant","floor":29.0,"turns":4.0},{"damage":16.0,"enemies":"Book of Stabbing","floor":31.0,"turns":3.0},{"damage":10.0,"enemies":"Centurion and Healer","floor":32.0,"turns":2.0},{"damage":34.0,"enemies":"IC_MUSHROOM_ARCHETYPE","floor":33.0,"turns":4.0},{"damage":0.0,"enemies":"3 Darklings","floor":36.0,"turns":2.0},{"damage":25.0,"enemies":"3 Shapes","floor":37.0,"turns":2.0},{"damage":58.0,"enemies":"Transient","floor":38.0,"turns":5.0},{"damage":43.0,"enemies":"Giant Head","floor":43.0,"turns":5.0},{"damage":58.0,"enemies":"Nemesis","floor":46.0,"turns":7.0},{"damage":55.0,"enemies":"Maw","floor":48.0,"turns":4.0},{"damage":10.0,"enemies":"3 Darklings","floor":49.0,"turns":1.0},{"damage":91.0,"enemies":"SI_POISON_ARCHETYPE","floor":50.0,"turns":4.0},{"damage":258.0,"enemies":"downfall:CharBossMerchant","floor":52.0,"turns":9.0},{"damage":172,"enemies":"LittleHush","floor":55,"turns":9}],"seed_played":"5659824283940103467","potions_obtained":[{"floor":4.0,"key":"BlessingOfTheForge"},{"floor":10.0,"key":"SpeedPotion"},{"floor":12.0,"key":"Ancient Potion"},{"floor":14.0,"key":"SkillPotion"},{"floor":31.0,"key":"Fire Potion"},{"floor":33.0,"key":"Swift Potion"},{"floor":46.0,"key":"DistilledChaos"},{"floor":48.0,"key":"ColorlessPotion"},{"floor":53.0,"key":"Slimebound:ThreeZeroPotion"},{"floor":53.0,"key":"SkillPotion"},{"floor":53.0,"key":"DistilledChaos"}],"is_trial":false,"path_per_floor":["R","M","?","M","?","E","T","E","M","M","$","M","E","M","M","B",null,"R","M","M","$","?","E","T","R","M","M","?","$","R","E","M","B",null,"R","M","M","M","?","?","T","$","E","R","?","E","T","M","M","B",null,"E","$","R","B"],"character_chosen":"THE_CHAMP","items_purchased":["Dota2Spire:Satanic","champ:BerserkersShout","MerchantsRug","DeadEye","Cauldron"],"campfire_rested":2,"item_purchase_floors":[11,29,29,42,53],"current_hp_per_floor":[99,99,99,97,97,78,78,62,64,58,83,83,81,81,81,50,109,119,121,121,121,106,83,83,83,83,87,87,85,122,111,113,111,136,136,136,138,126,126,126,126,126,124,124,109,124,124,125,127,87,142,54,54,97,0,0,0],"gold":4,"neow_bonus":"TEN_PERCENT_HP_BONUS","is_daily":false,"chose_seed":false,"campfire_upgraded":4,"win_rate":0.0,"timestamp":1611768378,"path_taken":["R","M","?","M","?","E","T","E","M","?","$","M","E","M","M","BOSS","R","M","M","$","?","E","T","R","M","M","?","?","R","E","M","BOSS","R","M","M","M","?","?","T","$","E","R","?","E","?","?","M","BOSS","E","$","R","BOSS"],"items_purchased_type":["Relic","Card","Relic","Relic","Relic"],"build_version":"2020-12-22","purchased_purges":2,"victory":false,"max_hp_per_floor":[99,99,99,99,99,99,99,101,103,103,103,103,105,105,107,109,109,119,121,121,121,121,123,123,123,123,123,123,125,125,125,127,129,136,136,136,138,138,138,138,138,138,138,138,138,140,140,140,142,142,142,144,144,144,144,144,144],"card_choices":[{"not_picked":["champ:RisingSlash","champ:EndlessRage"],"picked":"champ:AdrenalArmor","floor":2.0},{"not_picked":["champ:EndlessRage","champ:FlashCut"],"picked":"champ:FaceSlap","floor":4.0},{"not_picked":["champ:FalseCounter","champ:DeathBlow"],"picked":"champ:AdrenalArmor","floor":6.0},{"not_picked":["champ:TornadoPunch","champ:SetATrap","champ:GladiatorStyle"],"picked":"Singing Bowl","floor":8.0},{"not_picked":["champ:Lariat","champ:RisingSlash","champ:FancyFootwork"],"picked":"Singing Bowl","floor":9.0},{"not_picked":["champ:HeavySlash","champ:AdrenalArmor"],"picked":"champ:FlashCut","floor":10.0},{"not_picked":["champ:TornadoPunch","champ:StanceDance"],"picked":"champ:Backstep","floor":11.0},{"not_picked":["champ:PreemptiveStrike","champ:BringItOn"],"picked":"champ:CrookedStrike","floor":12.0},{"not_picked":["champ:AdrenalArmor","champ:GladiatorStyle","champ:LastStand"],"picked":"Singing Bowl","floor":13.0},{"not_picked":["champ:Lariat","champ:RisingSlash"],"picked":"champ:GutPunch","floor":14.0},{"not_picked":["champ:IronFortress","champ:CrownThrow","champ:EnGarde"],"picked":"Singing Bowl","floor":15.0},{"not_picked":["champ:IgnorePain","champ:SwordThrow","champ:DancingMaster"],"picked":"Singing Bowl","floor":16.0},{"not_picked":["champ:BringItOn+1","champ:IronFortress","champ:SetATrap"],"picked":"Singing Bowl","floor":19.0},{"not_picked":["champ:GladiatorForm","champ:FlashCut"],"picked":"champ:BerserkersShout","floor":20.0},{"not_picked":["champ:FanOfKnives","champ:SetATrap"],"picked":"champ:StanceDance+1","floor":21.0},{"not_picked":["champ:Backstep","champ:Devastate","champ:FalseCounter"],"picked":"Singing Bowl","floor":23.0},{"not_picked":["champ:EnGarde","champ:PerfectedStrike"],"picked":"champ:RapidStrikes+1","floor":26.0},{"not_picked":["champ:EndlessRage","champ:HeavySlash"],"picked":"champ:FanOfKnives+1","floor":27.0},{"not_picked":["champ:Backstep","champ:HeartStrike","champ:GladiatorStyle"],"picked":"Singing Bowl","floor":29.0},{"not_picked":["champ:StanceDance","champ:FlashCut"],"picked":"champ:VampiricStrike","floor":31.0},{"not_picked":["champ:CrookedStrike","champ:StanceDance","champ:RecklessLeap"],"picked":"Singing Bowl","floor":32.0},{"not_picked":["champ:HeavySlash","champ:SteelEdge","champ:HoldFirm"],"picked":"Singing Bowl","floor":33.0},{"not_picked":["champ:Endure+1","champ:EnGarde"],"picked":"champ:StanceDance+1","floor":36.0},{"not_picked":["champ:GutPunch+1","champ:Encircle+1","champ:RecklessLeap"],"picked":"Singing Bowl","floor":37.0},{"not_picked":["champ:SkillfulDodge","champ:Haymaker"],"picked":"champ:FanOfKnives+1","floor":38.0},{"not_picked":["champ:CrookedStrike+1","champ:FaceSlap"],"picked":"champ:AdrenalArmor","floor":43.0},{"not_picked":["champ:HoldFirm","champ:FocusedDefense","champ:TornadoPunch+1"],"picked":"Singing Bowl","floor":46.0},{"not_picked":["champ:GladiatorStyle","champ:CrownThrow+1"],"picked":"champ:AdrenalArmor","floor":48.0},{"not_picked":["champ:PerfectedStrike+1","champ:CrownThrow+1","champ:SwordThrow"],"picked":"Singing Bowl","floor":49.0},{"not_picked":["champ:FaceSlap+1","champ:Shatter","champ:RisingSlash+1"],"picked":"Singing Bowl","floor":52.0}],"player_experience":47629,"relics_obtained":[{"floor":6.0,"key":"SteamSale"},{"floor":8.0,"key":"Singing Bowl"},{"floor":13.0,"key":"Bottled Flame"},{"floor":17.0,"key":"Art of War"},{"floor":17.0,"key":"TheBible"},{"floor":17.0,"key":"Void"},{"floor":23.0,"key":"Frozen Egg 2"},{"floor":24.0,"key":"Dota2Spire:Desolator"},{"floor":31.0,"key":"Dota2Spire:MonkeyKingBar"},{"floor":41.0,"key":"champ:FightingForDummies"},{"floor":43.0,"key":"champ:DefensiveTrainingManual"},{"floor":46.0,"key":"Regal Pillow"},{"floor":47.0,"key":"Centennial Puzzle"},{"floor":52.0,"key":"Oddly Smooth Stone"}],"event_choices":[{"cards_removed":["champ:Backstep"],"damage_healed":0.0,"max_hp_gain":0.0,"max_hp_loss":0.0,"gold_gain":0.0,"event_name":"Falling","player_choice":"Removed Skill","floor":40.0,"gold_loss":0.0,"damage_taken":0.0}],"is_beta":false,"boss_relics":[{"not_picked":["Runic Pyramid","Runic Dome"],"picked":"Calling Bell"},{"not_picked":[]},{"not_picked":["champ:ChampionCrownUpgraded","Dota2Spire:RefresherOrb"],"picked":"MagicMushroom"},{"not_picked":[]}],"items_purged_floors":[29,53],"is_endless":false,"potions_floor_spawned":[4,10,12,14,15,19,20,27,31,33,46,48,49],"killed_by":"LittleHush","ascension_level":0}}