{"host":"gln8pem4hnwuntpa","time":1611706193,"event":{"mods":["BaseMod","Lobotomy","Minty Spire (QoL Compilation)","Quick Restart","Replay The Spire","StSLib"],"gold_per_floor":[116,191,205,224,73,73,102,102,102,2,14,14,32,234,234,329,329,341,216,216,250,165,165,165,165,192,192,192],"floor_reached":27,"language":"ZHS","playtime":1029,"items_purged":["Strike_R","Strike_R","Normality"],"score":219,"play_id":"cfa29394-57d3-40ef-a86a-9848d9ba0ca6","local_time":"20210127080953","is_ascension_mode":true,"campfire_choices":[{"data":"Blood for Blood","floor":6,"key":"SMITH"},{"floor":15,"key":"REST"},{"floor":23,"key":"REST"},{"floor":25,"key":"REST"}],"circlet_count":0,"master_deck":["Strike_R","Defend_R+1","Defend_R","Defend_R+1","Defend_R","Bash","Replay:Undeath\u0027s Touch","WallGazer","Blood for Blood+1","LongBird","Combust","Infernal Blade","ReplayTheSpireMod:Limb From Limb","ReplayTheSpireMod:Splinters","Delirium","Voices","Combust+1"],"relics":["Burning Blood","CogitoBucket","Vajra","TreeSap","Replay:Ancient Bell","Red Skull","HornCleat","Thread and Needle","Red Mask","Simple Rune","Blood Vial"],"acts_visited":["Exordium","TheCity"],"potions_floor_usage":[16,16,21,27],"damage_taken":[{"damage":2,"enemies":"2 Louse","floor":1,"turns":3},{"damage":1,"enemies":"Cultist","floor":3,"turns":4},{"damage":5,"enemies":"Small Slimes","floor":4,"turns":3},{"damage":41,"enemies":"3 Sentries","floor":7,"turns":6},{"damage":4,"enemies":"Looter","floor":11,"turns":2},{"damage":24,"enemies":"Exordium Wildlife","floor":13,"turns":5},{"damage":34,"enemies":"Slime Boss","floor":16,"turns":7},{"damage":22,"enemies":"Shell Parasite","floor":18,"turns":6},{"damage":53,"enemies":"Masked Bandits","floor":21,"turns":5},{"damage":8,"enemies":"Spheric Guardian","floor":24,"turns":3},{"damage":70,"enemies":"Book of Stabbing","floor":27,"turns":5}],"seed_played":"1390496525149751709","potions_obtained":[{"floor":1,"key":"Strength Potion"},{"floor":11,"key":"HeartOfIron"},{"floor":16,"key":"Milkshake"},{"floor":18,"key":"Fire Potion"}],"is_trial":false,"path_per_floor":["M","?","M","M","$","R","E","?","T","$","M","?","M","?","R","B",null,"M","$","?","?","?","R","M","R","T","E"],"character_chosen":"IRONCLAD","items_purchased":["Combust"],"campfire_rested":3,"item_purchase_floors":[5],"current_hp_per_floor":[80,72,77,78,78,78,43,43,43,43,45,45,27,27,51,23,80,64,64,64,17,17,41,39,63,63,0,0],"gold":192,"neow_bonus":"","is_daily":false,"chose_seed":false,"campfire_upgraded":1,"win_rate":0.0,"timestamp":1611706193,"path_taken":["M","?","M","?","?","R","E","?","T","$","M","?","?","?","R","BOSS","M","$","?","?","?","R","M","R","T","E"],"items_purchased_type":["Card"],"build_version":"2020-12-22","purchased_purges":3,"victory":false,"max_hp_per_floor":[80,80,80,80,80,80,80,80,80,80,80,80,80,80,80,80,80,80,80,80,80,80,80,80,80,80,80,80],"card_choices":[{"not_picked":["Shrug It Off","Iron Wave"],"picked":"Replay:Undeath\u0027s Touch","floor":1},{"not_picked":["LittlePrince","Mercenary"],"picked":"WallGazer","floor":3},{"not_picked":["Sword Boomerang","Clash"],"picked":"Blood for Blood","floor":3},{"not_picked":["Murderer","CherryBlossoms"],"picked":"LongBird","floor":4},{"not_picked":["Anger","Twin Strike","Flex"],"picked":"SKIP","floor":4},{"not_picked":["Anger","Twin Strike","Flex"],"picked":"SKIP","floor":4},{"not_picked":["Shockwave","Dropkick","Life Link"],"picked":"SKIP","floor":7},{"not_picked":["Reckless Charge","Sword Boomerang"],"picked":"Infernal Blade","floor":11},{"not_picked":["Anger","True Grit"],"picked":"ReplayTheSpireMod:Limb From Limb","floor":13},{"not_picked":["Sickly","ReplayTheSpireMod:Faulty Equipment"],"picked":"Delirium","floor":17},{"not_picked":["ReplayTheSpireMod:Faulty Equipment","ReplayTheSpireMod:Restless Dread"],"picked":"Voices","floor":17},{"not_picked":["CurseOfTheBell","Spreading Infection"],"picked":"Normality","floor":17},{"not_picked":["Rage","Uppercut"],"picked":"Combust+1","floor":18},{"not_picked":["Thunderclap+1","Heavy Blade+1","ReplayTheSpireMod:Corrosion Curse"],"picked":"SKIP","floor":24}],"player_experience":116835,"relics_obtained":[{"floor":7,"key":"Vajra"},{"floor":21,"key":"Red Mask"},{"floor":26,"key":"Blood Vial"}],"event_choices":[{"damage_healed":0,"gold_gain":75,"player_choice":"Touch","damage_taken":8,"max_hp_gain":0,"max_hp_loss":0,"event_name":"FaceTrader","floor":2,"gold_loss":0},{"cards_removed":["Strike_R"],"damage_healed":0,"gold_gain":0,"player_choice":"Forget","damage_taken":0,"max_hp_gain":0,"max_hp_loss":0,"event_name":"Living Wall","floor":12,"gold_loss":0},{"damage_healed":0,"gold_gain":0,"player_choice":"Ignored","damage_taken":0,"max_hp_gain":0,"max_hp_loss":0,"event_name":"Ghosts","floor":20,"gold_loss":0},{"damage_healed":0,"gold_gain":0,"player_choice":"Fought Bandits","damage_taken":0,"max_hp_gain":0,"max_hp_loss":0,"event_name":"Masked Bandits","floor":21,"gold_loss":0},{"damage_healed":0,"gold_gain":0,"player_choice":"Obtained Relic","damage_taken":0,"relics_obtained":["Simple Rune"],"max_hp_gain":0,"max_hp_loss":0,"event_name":"Addict","floor":22,"gold_loss":85}],"is_beta":false,"boss_relics":[{"not_picked":["Runic Dome","ChewingGum"],"picked":"Replay:Ancient Bell"},{"not_picked":["Oddly Smooth Stone","Replay:Baseball"],"picked":"Red Skull"},{"not_picked":["Replay:Bottled Eggs","Kunai"],"picked":"HornCleat"},{"not_picked":["Replay:Towering Pillar of Hats","Lizard Tail"],"picked":"Thread and Needle"}],"items_purged_floors":[5,10,19],"is_endless":false,"potions_floor_spawned":[1,11,16,18],"killed_by":"Book of Stabbing","ascension_level":1}}