{"host":"h4qgcirtxz6qax9j","time":1611724165,"event":{"mods":["2.2 Compatiblity","AchievementEnabler","BaseMod","Colored Powertips","Custom Start","Hermit","Marisa£¨Ùöéë¡¡Øª×âÞÞ£©","Minty Spire (QoL Compilation)","Replay The Spire","StSLib","SuperFastMode","The Servant 0.9.4"],"gold_per_floor":[111,111,111,129,145,145,157,183,208,208,208,218,230,247,247,342,342,361,179,207,219,231,257,257,276,299,299,93,93,110,110,110,214,214,229,245,172,522,522,522,541,552,552,552,473,503,725,743,743,743,743],"floor_reached":50,"language":"KOR","playtime":1267,"items_purged":[],"score":622,"play_id":"4c0e7317-9be5-4ac7-81c9-3e7d356fe9b2","local_time":"20210127140925","is_ascension_mode":true,"campfire_choices":[{"data":"PropBag","floor":6.0,"key":"SMITH"},{"floor":11.0,"key":"REST"},{"data":"DarkSpark","floor":15.0,"key":"SMITH"},{"data":"FinalSpark","floor":24.0,"key":"SMITH"},{"data":"DragonMeteor","floor":29.0,"key":"SMITH"},{"floor":32.0,"key":"REST"},{"floor":40.0,"key":"REST"},{"data":"DragonMeteor","floor":44.0,"key":"SMITH"},{"floor":49.0,"key":"REST"}],"circlet_count":0,"master_deck":["Strike_MRS+1","Strike_MRS","Strike_MRS+1","Strike_MRS","Defend_MRS","Defend_MRS","Defend_MRS","Defend_MRS","MasterSpark","UpSweep","NonDirectionalLaser","DragonMeteor+1","PropBag+1","DarkSpark+1","MilkyWay","PowerUp","FinalSpark+1","GalacticHalo+1","DoubleSpark+1","OortCloud+1","Sickly","TreasureHunter","DragonMeteor+1","AsteroidBelt+1","Writhe","GalacticHalo","IllusionStar"],"relics":["MiniHakkero","ReplayTheSpireMod:DimensionalGlitch","Busted Crown","MealTicket","Pet Ghost","Replay:Bronze Core","Pen Nib","Red Mask","Bronze Scales","Whetstone","Anchor","ChewingGum","Old Coin","The Courier","Torii","Meat on the Bone"],"acts_visited":["Exordium","TheCity","TheBeyond"],"potions_floor_usage":[50,50],"damage_taken":[{"damage":2.0,"enemies":"Small Slimes","floor":1.0,"turns":3.0},{"damage":1.0,"enemies":"Jaw Worm","floor":4.0,"turns":2.0},{"damage":1.0,"enemies":"Cultist","floor":5.0,"turns":3.0},{"damage":5.0,"enemies":"Looter","floor":7.0,"turns":2.0},{"damage":14.0,"enemies":"Gremlin Nob","floor":8.0,"turns":3.0},{"damage":2.0,"enemies":"Blue Slaver","floor":12.0,"turns":3.0},{"damage":0.0,"enemies":"2 Fungi Beasts","floor":13.0,"turns":1.0},{"damage":12.0,"enemies":"Exordium Wildlife","floor":14.0,"turns":3.0},{"damage":46.0,"enemies":"Hexaghost","floor":16.0,"turns":9.0},{"damage":11.0,"enemies":"2 Thieves","floor":18.0,"turns":4.0},{"damage":3.0,"enemies":"Masked Bandits","floor":20.0,"turns":3.0},{"damage":0.0,"enemies":"Chosen","floor":21.0,"turns":4.0},{"damage":7.0,"enemies":"3 Cultists","floor":22.0,"turns":4.0},{"damage":9.0,"enemies":"Slavers","floor":23.0,"turns":2.0},{"damage":15.0,"enemies":"Centurion and Healer","floor":25.0,"turns":3.0},{"damage":2.0,"enemies":"Shelled Parasite and Fungi","floor":30.0,"turns":4.0},{"damage":0.0,"enemies":"Pondfish","floor":33.0,"turns":5.0},{"damage":4.0,"enemies":"3 Darklings","floor":35.0,"turns":3.0},{"damage":54.0,"enemies":"3 Shapes","floor":36.0,"turns":3.0},{"damage":19.0,"enemies":"Mind Bloom Boss Battle","floor":38.0,"turns":3.0},{"damage":0.0,"enemies":"Sphere and 2 Shapes","floor":41.0,"turns":2.0},{"damage":3.0,"enemies":"Jaw Worm Horde","floor":42.0,"turns":4.0},{"damage":27.0,"enemies":"Nemesis","floor":46.0,"turns":7.0},{"damage":19.0,"enemies":"4 Shapes","floor":48.0,"turns":2.0},{"damage":75,"enemies":"Time Eater","floor":50,"turns":11}],"seed_played":"-796797274954285241","potions_obtained":[{"floor":4.0,"key":"Swift Potion"},{"floor":5.0,"key":"Weak Potion"},{"floor":7.0,"key":"Fire Potion"},{"floor":18.0,"key":"LiquidBronze"},{"floor":25.0,"key":"FairyPotion"},{"floor":46.0,"key":"Block Potion"}],"is_trial":false,"path_per_floor":["M","?","$","M","M","R","M","E","T","?","R","M","M","M","R","B",null,"M","$","?","M","M","E","R","M","T","?","$","R","M","?","R","B",null,"M","M","$","?","?","R","M","M","T","R","$","E","?","M","R","B"],"character_chosen":"MARISA","items_purchased":["GalacticHalo+1","Pen Nib","Anchor","OortCloud+1","DragonMeteor","GalacticHalo","IllusionStar"],"campfire_rested":4,"item_purchase_floors":[19,19,28,28,37,45,45],"current_hp_per_floor":[73,78,78,77,76,76,71,57,57,57,80,78,78,66,66,20,80,69,80,77,77,70,61,61,46,46,46,61,61,59,59,80,80,80,76,22,37,24,44,68,68,65,65,65,80,53,53,34,58,0,0],"gold":743,"neow_bonus":"DOUBLE_BOSS_RELIC","is_daily":false,"chose_seed":false,"campfire_upgraded":5,"win_rate":0.0,"timestamp":1611724165,"path_taken":["M","?","$","M","M","R","M","E","T","?","R","M","M","M","R","BOSS","M","$","?","M","M","E","R","M","T","?","$","R","M","?","R","BOSS","M","?","$","?","?","R","M","M","T","R","$","E","?","?","R","BOSS"],"items_purchased_type":["Card","Relic","Relic","Card","Card","Card","Card"],"build_version":"2020-12-22","purchased_purges":0,"victory":false,"max_hp_per_floor":[75,80,80,80,80,80,80,80,80,80,80,80,80,80,80,80,80,80,80,80,80,80,80,80,80,80,80,80,80,80,80,80,80,80,80,80,80,80,80,80,80,80,80,80,80,80,80,80,80,80,80],"card_choices":[{"not_picked":[],"picked":"NonDirectionalLaser","floor":1.0},{"not_picked":[],"picked":"DragonMeteor","floor":4.0},{"not_picked":[],"picked":"PropBag","floor":5.0},{"not_picked":[],"picked":"DarkSpark","floor":7.0},{"not_picked":[],"picked":"MilkyWay","floor":8.0},{"not_picked":[],"picked":"PowerUp","floor":12.0},{"not_picked":["UnstableBomb"],"picked":"SKIP","floor":13.0},{"not_picked":["StarBarrage"],"picked":"SKIP","floor":14.0},{"not_picked":[],"picked":"FinalSpark","floor":16.0},{"not_picked":["EarthLightRay"],"picked":"SKIP","floor":18.0},{"not_picked":[],"picked":"DoubleSpark+1","floor":21.0},{"not_picked":["MysteriousBeam"],"picked":"SKIP","floor":22.0},{"not_picked":["SuperPerseids+1"],"picked":"SKIP","floor":23.0},{"not_picked":["WitchOfGreed+1"],"picked":"SKIP","floor":25.0},{"not_picked":["AsteroidBelt"],"picked":"SKIP","floor":30.0},{"not_picked":[],"picked":"TreasureHunter","floor":33.0},{"not_picked":["LuminesStrike"],"picked":"SKIP","floor":35.0},{"not_picked":["AsteroidBelt"],"picked":"SKIP","floor":36.0},{"not_picked":[],"picked":"AsteroidBelt+1","floor":38.0},{"not_picked":["NonDirectionalLaser+1"],"picked":"SKIP","floor":41.0},{"not_picked":["AsteroidBelt"],"picked":"SKIP","floor":42.0},{"not_picked":["ManaRampage"],"picked":"SKIP","floor":46.0},{"not_picked":["GravityBeat+1"],"picked":"SKIP","floor":48.0}],"player_experience":115582,"relics_obtained":[{"floor":8.0,"key":"MealTicket"},{"floor":9.0,"key":"Pet Ghost"},{"floor":20.0,"key":"Red Mask"},{"floor":23.0,"key":"Bronze Scales"},{"floor":26.0,"key":"Whetstone"},{"floor":38.0,"key":"Old Coin"},{"floor":43.0,"key":"The Courier"},{"floor":46.0,"key":"Torii"}],"event_choices":[{"damage_healed":0.0,"max_hp_gain":5.0,"max_hp_loss":0.0,"gold_gain":0.0,"event_name":"Big Fish","player_choice":"Donut","floor":2.0,"gold_loss":0.0,"damage_taken":0.0},{"damage_healed":0.0,"max_hp_gain":0.0,"max_hp_loss":0.0,"gold_gain":0.0,"event_name":"Masked Bandits","player_choice":"Fought Bandits","floor":20.0,"gold_loss":0.0,"damage_taken":0.0},{"damage_healed":0.0,"max_hp_gain":0.0,"max_hp_loss":0.0,"gold_gain":0.0,"event_name":"Beggar","player_choice":"Ignored","floor":27.0,"gold_loss":0.0,"damage_taken":0.0},{"damage_healed":0.0,"max_hp_gain":0.0,"max_hp_loss":0.0,"gold_gain":0.0,"event_name":"Match and Keep!","player_choice":"1 cards matched","floor":31.0,"gold_loss":0.0,"damage_taken":0.0,"cards_obtained":["Sickly"]},{"damage_healed":0.0,"max_hp_gain":0.0,"max_hp_loss":0.0,"gold_gain":0.0,"event_name":"MindBloom","player_choice":"Fight","floor":38.0,"gold_loss":0.0,"damage_taken":0.0},{"damage_healed":20.0,"max_hp_gain":0.0,"max_hp_loss":0.0,"gold_gain":0.0,"event_name":"Winding Halls","player_choice":"Writhe","floor":39.0,"gold_loss":0.0,"damage_taken":0.0,"cards_obtained":["Writhe"]},{"damage_healed":0.0,"max_hp_gain":0.0,"max_hp_loss":0.0,"gold_gain":222.0,"event_name":"Tomb of Lord Red Mask","player_choice":"Wore Mask","floor":47.0,"gold_loss":0.0,"damage_taken":0.0}],"is_beta":false,"boss_relics":[{"not_picked":["Philosopher\u0027s Stone","Ring of Chaos"],"picked":"Replay:Bronze Core"},{"not_picked":["RampagingMagicTools","Runic Dome"],"picked":"ChewingGum"}],"items_purged_floors":[],"is_endless":false,"potions_floor_spawned":[4,5,7,18,21,25,33,41,42,46],"killed_by":"Time Eater","ascension_level":1}}