{"host":"qsusua7l529r8z9k","time":1611751169,"event":{"mods":["BaseMod","Minty Spire (QoL Compilation)","StSLib"],"gold_per_floor":[17,17,92,92,107,107,117,117,117,146,71,98,98,111,111,186,186,202,220,270,283,283,283,308,320,320,320,340,340,366,379,379,451,451,469,369,369,420,137,137,206,206,206,223,243,261,289,214,214,214],"floor_reached":51,"language":"ZHS","playtime":2427,"items_purged":["Strike_B","Darkness","Reinforced Body","Zap"],"score":1272,"play_id":"d5c63841-de5a-4823-a24e-6ecabffe3d8d","local_time":"20210127203929","is_ascension_mode":true,"campfire_choices":[{"data":"Apotheosis","floor":6.0,"key":"SMITH"},{"data":"Chaos","floor":8.0,"key":"SMITH"},{"data":"Reinforced Body","floor":15.0,"key":"SMITH"},{"data":"Turbo","floor":23.0,"key":"SMITH"},{"floor":27.0,"key":"REST"},{"floor":29.0,"key":"RECALL"},{"floor":32.0,"key":"REST"},{"floor":40,"key":"REST"},{"floor":42,"key":"REST"},{"data":"Panacea","floor":49,"key":"SMITH"}],"circlet_count":0,"master_deck":["AscendersBane","Dualcast+1","Apotheosis+1","Chaos+1","Ball Lightning","Hologram","Glacier","Reinforced Body+1","Echo Form","Core Surge","Buffer","Storm","Meteor Strike","Turbo+1","Cold Snap","Recycle","Glacier","Capacitor","Creative AI","Purity","Panacea+1"],"relics":["Cracked Core","Potion Belt","Question Card","Juzu Bracelet","Ginger","Pandora\u0027s Box","Ornamental Fan","Bottled Lightning","DataDisk","Matryoshka","Snecko Eye","Gambling Chip","Membership Card","MealTicket","Anchor","HornCleat","Shuriken","Mercury Hourglass","StoneCalendar"],"acts_visited":["Exordium","TheCity","TheBeyond"],"potions_floor_usage":[50,50,50,50],"damage_taken":[{"damage":2.0,"enemies":"Small Slimes","floor":1.0,"turns":3.0},{"damage":5.0,"enemies":"Jaw Worm","floor":5.0,"turns":4.0},{"damage":0.0,"enemies":"Cultist","floor":7.0,"turns":4.0},{"damage":11.0,"enemies":"Lagavulin","floor":10.0,"turns":6.0},{"damage":11.0,"enemies":"Gremlin Nob","floor":12.0,"turns":3.0},{"damage":0.0,"enemies":"Exordium Thugs","floor":14.0,"turns":4.0},{"damage":18.0,"enemies":"The Guardian","floor":16.0,"turns":11.0},{"damage":6.0,"enemies":"3 Byrds","floor":18.0,"turns":7.0},{"damage":5.0,"enemies":"Shell Parasite","floor":19.0,"turns":6.0},{"damage":0.0,"enemies":"Snecko","floor":21.0,"turns":5.0},{"damage":15.0,"enemies":"Book of Stabbing","floor":24.0,"turns":9.0},{"damage":2.0,"enemies":"Centurion and Healer","floor":25.0,"turns":8.0},{"damage":0.0,"enemies":"3 Cultists","floor":28.0,"turns":6.0},{"damage":39.0,"enemies":"Slavers","floor":30.0,"turns":9.0},{"damage":3.0,"enemies":"Snecko","floor":31.0,"turns":4.0},{"damage":20.0,"enemies":"Automaton","floor":33.0,"turns":17.0},{"damage":9.0,"enemies":"3 Darklings","floor":35.0,"turns":5.0},{"damage":24,"enemies":"2 Orb Walkers","floor":38,"turns":7},{"damage":0,"enemies":"Orb Walker","floor":44,"turns":5},{"damage":0,"enemies":"Transient","floor":45,"turns":5},{"damage":0,"enemies":"Writhing Mass","floor":46,"turns":5},{"damage":0,"enemies":"Nemesis","floor":47,"turns":9},{"damage":42,"enemies":"Awakened One","floor":50,"turns":15}],"seed_played":"-2606044661576156354","potions_obtained":[{"floor":1.0,"key":"Block Potion"},{"floor":7.0,"key":"Weak Potion"},{"floor":16.0,"key":"Block Potion"},{"floor":21.0,"key":"SmokeBomb"},{"floor":30.0,"key":"GamblersBrew"},{"floor":33.0,"key":"Strength Potion"},{"floor":35.0,"key":"FocusPotion"},{"floor":38,"key":"EssenceOfSteel"},{"floor":46,"key":"Regen Potion"}],"is_trial":false,"path_per_floor":["M","?","?","T","M","R","M","R","T","E","$","E","?","M","R","B",null,"M","M","?","M","T","R","E","M","T","R","M","R","E","M","R","B",null,"M","$","?","?","$","R","T","R","T","M","M","M","E","$","R","B",null],"character_chosen":"DEFECT","items_purchased":["Membership Card","MealTicket"],"campfire_rested":4,"item_purchase_floors":[39,39],"current_hp_per_floor":[62,62,51,51,46,46,46,46,46,35,35,24,24,24,24,6,55,49,44,44,44,44,44,29,27,27,48,48,48,9,6,27,7,55,46,46,41,17,17,38,38,59,59,59,59,59,59,71,71,35],"gold":214,"neow_bonus":"RANDOM_COLORLESS_2","is_daily":false,"chose_seed":false,"campfire_upgraded":5,"win_rate":0.0,"timestamp":1611751169,"path_taken":["M","?","?","?","M","R","M","R","T","E","?","E","?","M","R","BOSS","M","M","?","M","?","R","E","M","T","R","M","R","E","M","R","BOSS","M","$","?","?","$","R","?","R","T","M","M","M","E","$","R","BOSS"],"items_purchased_type":["Relic","Relic"],"build_version":"2020-12-22","purchased_purges":4,"victory":true,"max_hp_per_floor":[71,71,71,71,71,71,71,71,71,71,71,71,71,71,71,71,71,71,71,71,71,71,71,71,71,71,71,71,71,71,71,71,71,71,71,71,71,71,71,71,71,71,71,71,71,71,71,71,71,71],"card_choices":[{"not_picked":["Violence","Magnetism"],"picked":"Apotheosis","floor":0.0},{"not_picked":["Go for the Eyes","Lockon","Redo"],"picked":"SKIP","floor":1.0},{"not_picked":["Auto Shields","Conserve Battery","Lockon"],"picked":"SKIP","floor":5.0},{"not_picked":["Compile Driver","Hologram"],"picked":"Ball Lightning","floor":7.0},{"not_picked":["Multi-Cast","Auto Shields","Undo"],"picked":"Hologram","floor":10.0},{"not_picked":["Beam Cell","Aggregate","Sunder"],"picked":"Glacier","floor":12.0},{"not_picked":["Streamline","Fusion","Melter"],"picked":"Reinforced Body","floor":14.0},{"not_picked":["Core Surge","Hyperbeam","Buffer"],"picked":"Echo Form","floor":16.0},{"not_picked":["Ball Lightning","Hologram","Beam Cell"],"picked":"Turbo","floor":18.0},{"not_picked":["Beam Cell","Stack","Sweeping Beam+1","Rebound"],"picked":"SKIP","floor":19.0},{"not_picked":["Core Surge","Barrage","Steam+1"],"picked":"Cold Snap","floor":21.0},{"not_picked":["Go for the Eyes","Force Field+1","Fusion","Auto Shields"],"picked":"SKIP","floor":24.0},{"not_picked":["Barrage","Consume","Stack"],"picked":"Recycle","floor":25.0},{"not_picked":["Fusion","Rebound","Heatsinks"],"picked":"Glacier","floor":28.0},{"not_picked":["Buffer","Rebound","Tempest"],"picked":"Capacitor","floor":30.0},{"not_picked":["Barrage","Streamline","Conserve Battery","Aggregate"],"picked":"SKIP","floor":31.0},{"not_picked":["All For One","Core Surge","Echo Form"],"picked":"Creative AI","floor":33.0},{"not_picked":["Streamline","Ball Lightning+1","Redo","Beam Cell"],"picked":"SKIP","floor":35.0},{"not_picked":["HandOfGreed","Good Instincts","Forethought"],"picked":"Purity","floor":37.0},{"not_picked":["Discovery","Violence","Flash of Steel"],"picked":"Panacea","floor":37.0},{"not_picked":["Rebound","Doom and Gloom","Beam Cell","Steam Power+1"],"picked":"SKIP","floor":44},{"not_picked":["White Noise+1","Turbo+1","Leap","Cold Snap+1"],"picked":"SKIP","floor":45},{"not_picked":["Compile Driver+1","Hologram","White Noise+1","FTL"],"picked":"SKIP","floor":46},{"not_picked":["Sweeping Beam","Gash+1","Darkness","Steam Power"],"picked":"SKIP","floor":47}],"player_experience":511245,"relics_obtained":[{"floor":4.0,"key":"Potion Belt"},{"floor":9.0,"key":"Question Card"},{"floor":10.0,"key":"Juzu Bracelet"},{"floor":12.0,"key":"Ginger"},{"floor":22.0,"key":"Ornamental Fan"},{"floor":24.0,"key":"Bottled Lightning"},{"floor":26.0,"key":"DataDisk"},{"floor":30.0,"key":"Matryoshka"},{"floor":38,"key":"Gambling Chip"},{"floor":41,"key":"Anchor"},{"floor":41,"key":"HornCleat"},{"floor":43,"key":"Shuriken"},{"floor":43,"key":"Mercury Hourglass"},{"floor":47,"key":"StoneCalendar"}],"event_choices":[{"damage_healed":0.0,"max_hp_gain":0.0,"max_hp_loss":0.0,"gold_gain":0.0,"cards_transformed":["Strike_B"],"event_name":"Living Wall","player_choice":"Change","floor":2.0,"gold_loss":0.0,"damage_taken":0.0,"cards_obtained":["Chaos"]},{"damage_healed":0.0,"max_hp_gain":0.0,"max_hp_loss":0.0,"gold_gain":75.0,"event_name":"World of Goop","player_choice":"Gather Gold","floor":3.0,"gold_loss":0.0,"damage_taken":11.0},{"damage_healed":0.0,"max_hp_gain":0.0,"max_hp_loss":0.0,"gold_gain":0.0,"event_name":"Upgrade Shrine","player_choice":"Upgraded","floor":13.0,"gold_loss":0.0,"damage_taken":0.0,"cards_upgraded":["Dualcast"]},{"damage_healed":0.0,"max_hp_gain":0.0,"max_hp_loss":0.0,"gold_gain":50.0,"event_name":"Nest","player_choice":"Stole From Cult","floor":20.0,"gold_loss":0.0,"damage_taken":0.0},{"damage_healed":0.0,"max_hp_gain":0.0,"max_hp_loss":0.0,"gold_gain":0.0,"event_name":"SensoryStone","player_choice":"Memory 2","floor":37.0,"gold_loss":0.0,"damage_taken":5.0},{"damage_healed":0,"gold_gain":0,"player_choice":"Fight","damage_taken":0,"max_hp_gain":0,"max_hp_loss":0,"event_name":"Mysterious Sphere","floor":38,"gold_loss":0}],"is_beta":false,"boss_relics":[{"not_picked":["Cursed Key","Ectoplasm"],"picked":"Pandora\u0027s Box"},{"not_picked":["Runic Pyramid","Coffee Dripper"],"picked":"Snecko Eye"}],"items_purged_floors":[11,36,39,48],"is_endless":false,"potions_floor_spawned":[1,7,16,21,30,33,35,38,46],"ascension_level":15}}