{"host":"hfxahm4y1ssattqc","time":1611730480,"event":{"mods":["2.2 Compatiblity","Act Like it!","Aspiration","BaseMod","Beaked The Cultist","Better Third Choice","BetterRewards","Colored Map","Colored Powertips","Custom Start","Googly Eyes","Halation","Hallownest","Hermit","Highlight Path","Hubris","Mimic Mod","Minty Spire (QoL Compilation)","Reorder Act Four","Replay The Spire","Shop Mod","Spikes Relics","StSLib","The Bug Knight","The IronCluck","The Jungle","Unknown Chances","slay the spire mod where everything is the same but ironclad has a cowboy hat"],"gold_per_floor":[113,130,130,0,0,16,16,30,30,43,43,43,43,118,118,214,264,277,277,277,202,213,213,213,132,172,172,172,179,179],"floor_reached":29,"language":"ENG","playtime":1007,"items_purged":[],"score":311,"play_id":"a41c045b-a459-4546-9b51-f8c502395b9e","local_time":"20210126225440","is_ascension_mode":false,"campfire_choices":[{"data":"hermit:OverwhelmingPower","floor":7.0,"key":"SMITH"},{"data":"hermit:Brawl","floor":7.0,"key":"SMITH"},{"data":"hermit:FlashPowder","floor":11.0,"key":"SMITH"},{"data":"hermit:FlashPowder","floor":11.0,"key":"SMITH"},{"data":"hermit:Dive","floor":13.0,"key":"SMITH"},{"data":"Enlightenment","floor":13.0,"key":"SMITH"},{"floor":15.0,"key":"REST"},{"floor":23,"key":"REST"},{"floor":28,"key":"REST"}],"circlet_count":0,"master_deck":["hermit:Strike_Hermit+1","hermit:Strike_Hermit+1","hermit:Strike_Hermit+1","hermit:Strike_Hermit+1","hermit:Defend_Hermit+1","hermit:Defend_Hermit+1","hermit:Defend_Hermit+1","hermit:Defend_Hermit+1","hermit:Snapshot","hermit:Covet","hermit:Brawl+1","hermit:Dive+1","Enlightenment+1","hermit:OverwhelmingPower+1","hermit:FlashPowder+1","hermit:FlashPowder+1","hermit:RoundhouseKick","hermit:Scavenge+1","hermit:Determination","hermit:FlashPowder"],"relics":["hermit:Momento","Replay:Arrowhead","hermit:Spyglass","Tiny House","halation:PinkSoulGem","Thread and Needle"],"acts_visited":["Exordium","TheCity"],"potions_floor_usage":[24],"damage_taken":[{"damage":13.0,"enemies":"Jaw Worm","floor":1.0,"turns":5.0},{"damage":3.0,"enemies":"2 Louse","floor":2.0,"turns":4.0},{"damage":3.0,"enemies":"Cultist","floor":6.0,"turns":6.0},{"damage":15.0,"enemies":"3 Louse","floor":8.0,"turns":5.0},{"damage":12.0,"enemies":"2 Fungi Beasts","floor":10.0,"turns":4.0},{"damage":22.0,"enemies":"The Guardian","floor":16.0,"turns":14.0},{"damage":41.0,"enemies":"Spheric Guardian","floor":18.0,"turns":8.0},{"damage":14.0,"enemies":"2 Thieves","floor":21.0,"turns":5.0},{"damage":17,"enemies":"Cultist and Chosen","floor":22,"turns":8},{"damage":0,"enemies":"3 Cultists","floor":24,"turns":1},{"damage":12,"enemies":"Centurion and Healer","floor":26,"turns":17},{"damage":57,"enemies":"Gremlin Leader","floor":29,"turns":8}],"seed_played":"-8847857063137251258","potions_obtained":[{"floor":2.0,"key":"SmokeBomb"},{"floor":6.0,"key":"BlessingOfTheForge"},{"floor":16.0,"key":"Venom Potion"}],"is_trial":false,"path_per_floor":["M","M","$","?","?","M","R","M","T","M","R","?","R","?","R","B",null,"M","?","?","M","M","R","M","$","MIM","?","R","E"],"character_chosen":"HERMIT","items_purchased":["Replay:Arrowhead","hermit:Brawl","hermit:Determination"],"campfire_rested":3,"item_purchase_floors":[0,0,25],"current_hp_per_floor":[62,59,59,65,65,62,62,47,47,35,35,35,35,24,48,26,86,45,45,45,31,14,39,39,39,27,27,52,0,0],"gold":179,"neow_bonus":"","is_daily":false,"chose_seed":false,"campfire_upgraded":6,"win_rate":0.0,"timestamp":1611730480,"path_taken":["M","M","$","?","?","?","R","M","T","M","R","?","R","?","R","BOSS","M","?","?","M","M","R","M","$","MIM","?","R","E"],"items_purchased_type":["Relic","Card","Card"],"build_version":"2020-12-22","purchased_purges":0,"victory":false,"max_hp_per_floor":[75,75,75,81,81,81,81,81,81,81,81,81,81,81,81,81,86,86,86,86,86,86,86,86,86,86,86,86,86,86],"card_choices":[{"not_picked":["hermit:BodyArmor","hermit:Malice"],"picked":"hermit:Dive","floor":1.0},{"not_picked":["hermit:Snipe","hermit:Vantage","hermit:Manifest"],"picked":"SKIP","floor":2.0},{"not_picked":["hermit:LowProfile","hermit:TrackingShot"],"picked":"hermit:OverwhelmingPower","floor":6.0},{"not_picked":["hermit:GoldenBullet","hermit:SprayPray"],"picked":"hermit:FlashPowder","floor":8.0},{"not_picked":["hermit:WideOpen","hermit:Deadeye"],"picked":"hermit:FlashPowder","floor":10.0},{"not_picked":["hermit:OverwhelmingPower","hermit:FatalDesire"],"picked":"hermit:RoundhouseKick","floor":16.0},{"not_picked":["hermit:Coalescence","hermit:EyeOfTheStorm+1","hermit:Ricochet"],"picked":"SKIP","floor":18.0},{"not_picked":["hermit:Feint","hermit:BigShot","hermit:HighNoon"],"picked":"SKIP","floor":21.0},{"not_picked":["hermit:Combo","hermit:Spite"],"picked":"hermit:Scavenge+1","floor":22},{"not_picked":["hermit:Ricochet","hermit:LowProfile"],"picked":"hermit:FlashPowder","floor":26}],"player_experience":920144,"relics_obtained":[{"floor":9.0,"key":"hermit:Spyglass"},{"floor":26,"key":"Thread and Needle"}],"event_choices":[{"damage_healed":0.0,"max_hp_gain":0.0,"max_hp_loss":0.0,"gold_gain":0.0,"event_name":"betterThird:BetterSerpent","player_choice":"RENOUNCE","floor":4.0,"gold_loss":130.0,"damage_taken":130.0,"cards_obtained":["Enlightenment"]},{"cards_removed":["Strike_G"],"damage_healed":0.0,"max_hp_gain":0.0,"max_hp_loss":0.0,"gold_gain":0.0,"event_name":"NoteForYourself","player_choice":"Took Card","floor":5.0,"gold_loss":0.0,"damage_taken":0.0,"cards_obtained":["Strike_G"]},{"damage_healed":0.0,"max_hp_gain":0.0,"max_hp_loss":0.0,"gold_gain":0.0,"event_name":"betterThird:BetterScrap","player_choice":"LEAVE","floor":12.0,"gold_loss":0.0,"damage_taken":0.0,"cards_obtained":["Intimidate"]},{"damage_healed":0.0,"max_hp_gain":0.0,"max_hp_loss":0.0,"gold_gain":75.0,"event_name":"betterThird:BetterGoop","player_choice":"Gold","floor":14.0,"gold_loss":0.0,"damage_taken":11.0},{"damage_healed":0.0,"max_hp_gain":0.0,"max_hp_loss":7.0,"gold_gain":0.0,"event_name":"betterThird:BetterWriting","player_choice":"Simplicity","floor":20.0,"gold_loss":0.0,"damage_taken":0.0}],"is_beta":false,"boss_relics":[{"not_picked":["Runic Dome","hubris:CrackedHourglass"],"picked":"Tiny House"}],"items_purged_floors":[],"is_endless":false,"potions_floor_spawned":[2,6,16,24],"killed_by":"Gremlin Leader","ascension_level":0}}