{"host":"eaiphzh066bwqdh7","time":1611785099,"event":{"mods":["BaseMod","Hubris","Minty Spire (QoL Compilation)","Replay The Spire","StSLib"],"gold_per_floor":[115,40,40,40,52,83,83,111,165,165,165,184,215,227,227,328,328,347,24,24,51,51,51,69,69,96,122,144,168,180,205,217,327,339,367,391,417,429,205,205,205],"floor_reached":40,"language":"ENG","playtime":2026,"items_purged":["Defend_G","Strike_G","Strike_G"],"score":467,"play_id":"65c5dc11-3967-4308-b033-d81528879a47","local_time":"20210127170459","is_ascension_mode":true,"campfire_choices":[{"floor":7,"key":"REST"},{"floor":11,"key":"REST"},{"floor":15,"key":"REST"},{"data":"Infinite Blades","floor":23,"key":"SMITH"},{"data":"Glass Knife","floor":23,"key":"SMITH"},{"data":"Blade Dance","floor":25,"key":"SMITH"},{"data":"Blade Dance","floor":25,"key":"SMITH"},{"floor":32,"key":"REST"}],"circlet_count":0,"master_deck":["Strike_G","Defend_G","Defend_G","Survivor","Neutralize","Blade Dance+1","Blade Dance+1","Infinite Blades+1","Backstab","Die Die Die","Glass Knife+1","Hidden Blade+1","Phantasmal Killer","ReplayTheSpireMod:Tripwire","hubris:DuctTapeCard","Parasite"],"relics":["Ring of the Snake","Boot","ReplayFunnel","hubris:AncientText","hubris:TenFootPole","Omamori","Unceasing Top","hubris:VirtuousBlindfold","Replay:Wax Seal","Replay:Arrowhead","Art of War","Blood Vial","MawBank","Painkiller Herb","ReplayTheSpireMod:CursedCoin","hubris:DuctTape"],"acts_visited":["Exordium","TheCity","TheBeyond"],"potions_floor_usage":[24,28,31,33],"damage_taken":[{"damage":6,"enemies":"Cultist","floor":1,"turns":5},{"damage":0,"enemies":"hubris:Merchant","floor":4,"turns":1},{"damage":3,"enemies":"2 Louse","floor":5,"turns":2},{"damage":12,"enemies":"Lagavulin","floor":6,"turns":5},{"damage":26,"enemies":"3 Sentries","floor":8,"turns":6},{"damage":0,"enemies":"Jaw Worm","floor":12,"turns":2},{"damage":10,"enemies":"Gremlin Nob","floor":13,"turns":3},{"damage":0,"enemies":"Exordium Thugs","floor":14,"turns":2},{"damage":31,"enemies":"Slime Boss","floor":16,"turns":8},{"damage":12,"enemies":"Chosen","floor":18,"turns":3},{"damage":0,"enemies":"3 Byrds","floor":24,"turns":3},{"damage":24,"enemies":"Snake Plant","floor":27,"turns":3},{"damage":0,"enemies":"Cultist and Chosen","floor":28,"turns":3},{"damage":2,"enemies":"Chosen and Byrds","floor":29,"turns":4},{"damage":3,"enemies":"Sentry and Sphere","floor":31,"turns":3},{"damage":38,"enemies":"Collector","floor":33,"turns":8},{"damage":35,"enemies":"3 Shapes","floor":35,"turns":2},{"damage":21,"enemies":"3 Darklings","floor":36,"turns":2},{"damage":5,"enemies":"Transient","floor":37,"turns":5},{"damage":45,"enemies":"Writhing Mass","floor":40,"turns":5}],"seed_played":"-4691025504338197206","potions_obtained":[{"floor":6,"key":"BlessingOfTheForge"},{"floor":8,"key":"Swift Potion"},{"floor":18,"key":"Fire Potion"},{"floor":24,"key":"Poison Potion"},{"floor":33,"key":"Ancient Potion"},{"floor":37,"key":"Dexterity Potion"}],"is_trial":false,"path_per_floor":["M","$","?","$","M","E","R","E","T","T","R","M","E","M","R","B",null,"M","$","?","T","?","R","M","R","T","M","M","M","?","M","R","B",null,"?","?","?","?","T","?"],"character_chosen":"THE_SILENT","items_purchased":["Replay:Wax Seal","Replay:Arrowhead","ReplayTheSpireMod:CursedCoin","hubris:DuctTape"],"campfire_rested":4,"item_purchase_floors":[19,19,39,39],"current_hp_per_floor":[64,64,64,64,61,49,70,44,44,44,65,65,55,55,70,39,70,58,58,58,58,55,55,57,57,57,35,37,37,37,36,57,21,70,35,22,25,31,37,0,0],"gold":205,"neow_bonus":"RANDOM_COMMON_RELIC","is_daily":false,"chose_seed":false,"campfire_upgraded":4,"win_rate":0.0,"timestamp":1611785099,"path_taken":["M","?","?","$","?","E","R","E","T","?","R","M","E","M","R","BOSS","M","$","?","?","?","R","M","R","T","M","M","?","?","M","R","BOSS","?","?","?","?","T","?"],"items_purchased_type":["Relic","Relic","Relic","Relic"],"build_version":"2020-12-22","purchased_purges":3,"victory":false,"max_hp_per_floor":[70,70,70,70,70,70,70,70,70,70,70,70,70,70,70,70,70,70,70,70,70,70,70,70,70,70,70,70,70,70,70,70,70,70,70,70,70,70,70,70,70],"card_choices":[{"not_picked":["Dagger Spray","hubris:SlightOfHand"],"picked":"Blade Dance","floor":1},{"not_picked":["Bane","Acrobatics"],"picked":"Blade Dance","floor":5},{"not_picked":["Dodge and Roll","Heel Hook"],"picked":"Infinite Blades","floor":6},{"not_picked":["Sucker Punch","Acrobatics"],"picked":"Backstab","floor":8},{"not_picked":["Sucker Punch","Well Laid Plans","PiercingWail"],"picked":"SKIP","floor":12},{"not_picked":["Deflect","Outmaneuver"],"picked":"Die Die Die","floor":13},{"not_picked":["Dagger Spray","Acrobatics","hubris:Counter"],"picked":"SKIP","floor":14},{"not_picked":["Atom Bomb","Grand Finale"],"picked":"Glass Knife","floor":16},{"not_picked":["Crippling Poison","Sucker Punch+1","Underhanded Strike"],"picked":"SKIP","floor":18},{"not_picked":["Infinite Blades","PiercingWail+1"],"picked":"Hidden Blade+1","floor":24},{"not_picked":["Prepared","Catalyst","Dagger Spray"],"picked":"SKIP","floor":27},{"not_picked":["Dagger Throw","Draining Mist+1","Calculated Gamble"],"picked":"SKIP","floor":28},{"not_picked":["ReplayTheSpireMod:The Works","Deadly Poison+1","Quick Slash"],"picked":"SKIP","floor":29},{"not_picked":["Quick Slash","Underhanded Strike","Predator+1"],"picked":"SKIP","floor":31},{"not_picked":["Night Terror","ReplayTheSpireMod:From All Sides"],"picked":"Phantasmal Killer","floor":33},{"not_picked":["Outmaneuver+1","Toxin Wave+1","ReplayTheSpireMod:Speed Training"],"picked":"SKIP","floor":35},{"not_picked":["Dagger Spray","Outmaneuver+1","Blade Dance"],"picked":"SKIP","floor":36},{"not_picked":["hubris:SlightOfHand","Dagger Throw+1"],"picked":"ReplayTheSpireMod:Tripwire","floor":37}],"player_experience":192887,"relics_obtained":[{"floor":6,"key":"ReplayFunnel"},{"floor":8,"key":"hubris:AncientText"},{"floor":9,"key":"hubris:TenFootPole"},{"floor":10,"key":"Omamori"},{"floor":13,"key":"Unceasing Top"},{"floor":21,"key":"Blood Vial"},{"floor":26,"key":"MawBank"}],"event_choices":[{"cards_removed":["Defend_G"],"damage_healed":0,"gold_gain":0,"player_choice":"Forget","damage_taken":0,"max_hp_gain":0,"max_hp_loss":0,"event_name":"Living Wall","floor":3,"gold_loss":0},{"damage_healed":0,"gold_gain":0,"player_choice":"Opened","damage_taken":0,"relics_obtained":["Art of War"],"max_hp_gain":0,"max_hp_loss":0,"event_name":"The Mausoleum","floor":20,"gold_loss":0},{"damage_healed":0,"gold_gain":0,"player_choice":"","damage_taken":6,"max_hp_gain":0,"max_hp_loss":0,"event_name":"Knowing Skull","floor":22,"potions_obtained":[],"gold_loss":0,"cards_obtained":[]},{"cards_removed":["Strike_G"],"damage_healed":0,"gold_gain":0,"player_choice":"Elegance","damage_taken":0,"max_hp_gain":0,"max_hp_loss":0,"event_name":"Back to Basics","floor":30,"gold_loss":0},{"damage_healed":0,"gold_gain":0,"player_choice":"Ignored","damage_taken":0,"max_hp_gain":0,"max_hp_loss":0,"event_name":"Mysterious Sphere","floor":38,"gold_loss":0}],"is_beta":false,"boss_relics":[{"not_picked":["Snecko Scales","Snecko Eye"],"picked":"hubris:VirtuousBlindfold"},{"not_picked":["Runic Dome","hubris:GrandSneckoEye"],"picked":"Painkiller Herb"}],"items_purged_floors":[2,19,39],"is_endless":false,"potions_floor_spawned":[6,8,18,24,33,37],"killed_by":"Writhing Mass","ascension_level":3}}