{"host":"j4g6ia6asvpyu2b0","time":1611782830,"event":{"mods":["BaseMod","Colored Map","Minty Spire (QoL Compilation)","Permanent Neow","Quick Restart","Relic Stats","StSLib","Unceasing Turn Reminder"],"gold_per_floor":[113,113,131,55,75,104,104,132,132,161,221,240,240,515,515,618,618,629,648,648,648,329,329,344,344,344],"floor_reached":25,"language":"ENG","playtime":831,"items_purged":["Strike_G"],"score":263,"play_id":"ccb72d5d-439d-42ee-bb68-1c8dc3d7361b","local_time":"20210127142710","is_ascension_mode":true,"campfire_choices":[{"data":"Bouncing Flask","floor":7.0,"key":"SMITH"},{"data":"Well Laid Plans","floor":13,"key":"SMITH"},{"floor":15,"key":"REST"},{"data":"A Thousand Cuts","floor":23,"key":"SMITH"}],"circlet_count":0,"master_deck":["Strike_G","Strike_G","Strike_G","Strike_G","Defend_G","Defend_G+1","Defend_G+1","Defend_G","Defend_G","Survivor","Neutralize","Predator","Bouncing Flask+1","Blade Dance","Flying Knee","Backflip","Acrobatics","Well Laid Plans+1","Reflex","Dagger Spray","Predator","A Thousand Cuts+1","Escape Plan","Dagger Throw","Cloak And Dagger"],"relics":["Runic Dome","Thread and Needle","WingedGreaves","The Specimen","Vajra","Peace Pipe","Sozu","Ninja Scroll"],"acts_visited":["Exordium","TheCity"],"potions_floor_usage":[],"damage_taken":[{"damage":0.0,"enemies":"Jaw Worm","floor":1.0,"turns":5.0},{"damage":0.0,"enemies":"Small Slimes","floor":3.0,"turns":2.0},{"damage":0.0,"enemies":"Cultist","floor":5.0,"turns":3.0},{"damage":35.0,"enemies":"Gremlin Nob","floor":6.0,"turns":4.0},{"damage":8.0,"enemies":"3 Sentries","floor":8.0,"turns":6.0},{"damage":4.0,"enemies":"Lagavulin","floor":10.0,"turns":5.0},{"damage":3,"enemies":"3 Sentries","floor":11,"turns":6},{"damage":8,"enemies":"Exordium Thugs","floor":12,"turns":4},{"damage":3,"enemies":"The Guardian","floor":16,"turns":9},{"damage":33,"enemies":"2 Thieves","floor":18,"turns":4},{"damage":0,"enemies":"Chosen","floor":19,"turns":3},{"damage":19,"enemies":"Snecko","floor":24,"turns":4},{"damage":9,"enemies":"Slavers","floor":25,"turns":1}],"seed_played":"7725467314163346735","potions_obtained":[{"floor":1.0,"key":"Dexterity Potion"},{"floor":3.0,"key":"Fruit Juice"},{"floor":6.0,"key":"SpeedPotion"},{"floor":12,"key":"LiquidMemories"}],"is_trial":false,"path_per_floor":["M","?","M","$","M","E","R","E","T","E","?","M","R","?","R","B",null,"M","M","?","?","$","R","M","E"],"character_chosen":"THE_SILENT","items_purchased":["Blade Dance","Flying Knee","Ninja Scroll"],"campfire_rested":1,"item_purchase_floors":[4,4,22],"current_hp_per_floor":[70,56,61,61,61,26,26,18,18,14,11,3,3,3,25,22,75,42,42,28,28,28,28,9,0,0],"gold":344,"neow_bonus":"BOSS_RELIC","is_daily":false,"chose_seed":false,"campfire_upgraded":3,"win_rate":0.0,"timestamp":1611782830,"path_taken":["M","?","M","?","M","E","R","E","T","E","?","M","R","?","R","BOSS","M","?","?","?","$","R","?","E"],"items_purchased_type":["Card","Card","Relic"],"build_version":"2020-12-22","purchased_purges":1,"victory":false,"max_hp_per_floor":[70,70,75,75,75,75,75,75,75,75,75,75,75,75,75,75,75,75,75,80,80,80,80,80,80,80],"relic_stats":{"Peace Pipe":0,"Sozu":1,"counters":[13,56],"obtain_stats":[{"Peace Pipe":11,"Sozu":17,"Runic Dome":0,"The Specimen":9,"Ninja Scroll":22,"Vajra":10,"Thread and Needle":6,"WingedGreaves":8,"Ring of the Snake":0},{"Peace Pipe":7,"Sozu":9,"Runic Dome":0,"The Specimen":5,"Ninja Scroll":11,"Vajra":6,"Thread and Needle":4,"WingedGreaves":5,"Ring of the Snake":0},{"Peace Pipe":31,"Sozu":44,"Runic Dome":0,"The Specimen":20,"Ninja Scroll":51,"Vajra":25,"Thread and Needle":14,"WingedGreaves":20,"Ring of the Snake":0}]},"card_choices":[{"not_picked":["Setup","Dodge and Roll"],"picked":"Predator","floor":1.0},{"not_picked":["Dagger Spray","Outmaneuver"],"picked":"Bouncing Flask","floor":3.0},{"not_picked":["All Out Attack","Reflex"],"picked":"Backflip","floor":5.0},{"not_picked":["Deadly Poison","Distraction"],"picked":"Acrobatics","floor":6.0},{"not_picked":["Crippling Poison","Flechettes"],"picked":"Well Laid Plans","floor":8.0},{"not_picked":["Acrobatics","Deflect"],"picked":"Reflex","floor":10},{"not_picked":["Deflect","Acrobatics"],"picked":"Dagger Spray","floor":11},{"not_picked":["Eviscerate","Skewer"],"picked":"Predator","floor":12},{"not_picked":["Phantasmal Killer","Wraith Form v2"],"picked":"A Thousand Cuts","floor":16},{"not_picked":["Underhanded Strike","Acrobatics"],"picked":"Escape Plan","floor":18},{"not_picked":["Bane","Poisoned Stab"],"picked":"Dagger Throw","floor":19},{"not_picked":["Accuracy","Distraction"],"picked":"Cloak And Dagger","floor":24}],"player_experience":1038942,"relics_obtained":[{"floor":6.0,"key":"Thread and Needle"},{"floor":8.0,"key":"WingedGreaves"},{"floor":9.0,"key":"The Specimen"},{"floor":10,"key":"Vajra"},{"floor":11,"key":"Peace Pipe"}],"event_choices":[{"damage_healed":0.0,"max_hp_gain":0.0,"max_hp_loss":0.0,"gold_gain":0.0,"event_name":"Shining Light","player_choice":"Entered Light","floor":2.0,"gold_loss":0.0,"damage_taken":14.0,"cards_upgraded":["Defend_G","Defend_G"]},{"damage_healed":0,"gold_gain":0,"player_choice":"Searched \u00271\u0027 times","damage_taken":0,"max_hp_gain":0,"max_hp_loss":0,"event_name":"Dead Adventurer","floor":11,"gold_loss":0},{"damage_healed":0,"gold_gain":275,"player_choice":"Desecrate","damage_taken":0,"max_hp_gain":0,"max_hp_loss":0,"event_name":"Golden Shrine","floor":14,"gold_loss":0,"cards_obtained":["Regret"]},{"damage_healed":0,"gold_gain":0,"player_choice":"Shed Blood","damage_taken":19,"max_hp_gain":5,"max_hp_loss":0,"event_name":"Forgotten Altar","floor":20,"gold_loss":0},{"cards_removed":["Regret"],"damage_healed":0,"gold_gain":0,"player_choice":"Removed Curses","damage_taken":0,"max_hp_gain":0,"max_hp_loss":0,"event_name":"Fountain of Cleansing","floor":21,"gold_loss":0}],"is_beta":false,"boss_relics":[{"not_picked":["SlaversCollar","Empty Cage"],"picked":"Sozu"}],"items_purged_floors":[22],"is_endless":false,"potions_floor_spawned":[1,3,6,12,24],"killed_by":"Slavers","ascension_level":4}}