{"host":"6azrrw3tf7wb0f4b","time":1611736015,"event":{"mods":["BaseMod","DeckTracker","Minty Spire (QoL Compilation)","SuperFastMode"],"gold_per_floor":[13,23,35,50,150,150,162,162,188,205,219,219,235,269,269,370,370,370,370,370,152,152,152,152,152,152,152,152,152,152,152,152,152,152,152,152,152,152,52,52,52,52,52,52,52],"floor_reached":44,"language":"KOR","playtime":1185,"items_purged":["Strike_P","Strike_P"],"score":901,"play_id":"20d8f949-5195-46e9-bc66-71f1aa1a0d26","local_time":"20210127172655","is_ascension_mode":true,"campfire_choices":[{"data":"Eruption","floor":6.0,"key":"SMITH"},{"data":"Swivel","floor":8.0,"key":"SMITH"},{"data":"Worship","floor":15.0,"key":"SMITH"},{"floor":23.0,"key":"REST"},{"floor":28,"key":"REST"},{"floor":32,"key":"REST"},{"floor":40,"key":"REST"}],"circlet_count":0,"master_deck":["AscendersBane","Strike_P","Strike_P","Defend_P","Defend_P","Defend_P","Defend_P","Eruption+1","Vigilance","Protect","Swivel+1","FlurryOfBlows","EmptyFist","FollowUp","Brilliance","Worship+1","FearNoEvil","Prostrate","DeusExMachina","Halt+1","Prostrate+1","Brilliance","Adaptation","Scrawl","Devotion","EmptyMind","DevaForm"],"relics":["HolyWater","Pocketwatch","Toy Ornithopter","Pen Nib","Happy Flower","Ectoplasm","Orrery","CloakClasp","Letter Opener","Anchor","Kunai","Vajra"],"acts_visited":["Exordium","TheCity","TheBeyond"],"potions_floor_usage":[27,30,33,38],"damage_taken":[{"damage":2.0,"enemies":"Jaw Worm","floor":1.0,"turns":3.0},{"damage":0.0,"enemies":"Cultist","floor":2.0,"turns":2.0},{"damage":0.0,"enemies":"2 Louse","floor":3.0,"turns":2.0},{"damage":4.0,"enemies":"2 Fungi Beasts","floor":4.0,"turns":4.0},{"damage":9.0,"enemies":"Gremlin Gang","floor":7.0,"turns":3.0},{"damage":0.0,"enemies":"Large Slime","floor":10.0,"turns":3.0},{"damage":0.0,"enemies":"Exordium Thugs","floor":11.0,"turns":2.0},{"damage":8.0,"enemies":"Exordium Wildlife","floor":13.0,"turns":3.0},{"damage":13.0,"enemies":"Gremlin Nob","floor":14.0,"turns":3.0},{"damage":17.0,"enemies":"Hexaghost","floor":16.0,"turns":6.0},{"damage":0.0,"enemies":"Spheric Guardian","floor":18.0,"turns":4.0},{"damage":0.0,"enemies":"Chosen","floor":19.0,"turns":4.0},{"damage":14.0,"enemies":"Centurion and Healer","floor":20.0,"turns":6.0},{"damage":20.0,"enemies":"Snake Plant","floor":22.0,"turns":2.0},{"damage":22,"enemies":"Cultist and Chosen","floor":25,"turns":6},{"damage":11,"enemies":"Book of Stabbing","floor":27,"turns":4},{"damage":26,"enemies":"Centurion and Healer","floor":29,"turns":6},{"damage":0,"enemies":"Slavers","floor":30,"turns":3},{"damage":0,"enemies":"Shelled Parasite and Fungi","floor":31,"turns":2},{"damage":14,"enemies":"Automaton","floor":33,"turns":6},{"damage":15,"enemies":"3 Darklings","floor":35,"turns":4},{"damage":22,"enemies":"3 Shapes","floor":36,"turns":4},{"damage":1,"enemies":"Jaw Worm Horde","floor":38,"turns":3},{"damage":34,"enemies":"Maw","floor":41,"turns":5},{"damage":27,"enemies":"Reptomancer","floor":42,"turns":6},{"damage":65,"enemies":"Writhing Mass","floor":44,"turns":2}],"seed_played":"-738552023285308909","potions_obtained":[{"floor":3.0,"key":"SkillPotion"},{"floor":4.0,"key":"Fire Potion"},{"floor":7.0,"key":"Explosive Potion"},{"floor":10.0,"key":"Strength Potion"},{"floor":13.0,"key":"StancePotion"},{"floor":18.0,"key":"SpeedPotion"},{"floor":22.0,"key":"StancePotion"},{"floor":27,"key":"LiquidBronze"},{"floor":31,"key":"Block Potion"},{"floor":35,"key":"SneckoOil"},{"floor":37,"key":"FairyPotion"},{"floor":37,"key":"DistilledChaos"},{"floor":38,"key":"FairyPotion"}],"is_trial":false,"path_per_floor":["M","M","M","M","?","R","M","R","T","M","M","?","M","E","R","B",null,"M","M","M","$","M","R","?","M","T","E","R","M","E","M","R","B",null,"M","M","?","M","$","R","M","E","T","M"],"character_chosen":"WATCHER","items_purchased":["Orrery"],"campfire_rested":4,"item_purchase_floors":[21],"current_hp_per_floor":[63,63,63,59,59,59,50,50,50,55,55,55,47,39,39,27,61,61,61,47,47,27,48,48,26,26,20,41,15,20,20,41,32,62,47,25,25,29,29,50,16,21,21,0,0],"gold":52,"neow_bonus":"ONE_RARE_RELIC","is_daily":false,"chose_seed":false,"campfire_upgraded":3,"win_rate":0.0,"timestamp":1611736015,"path_taken":["M","M","M","M","?","R","M","R","T","?","M","?","M","E","R","BOSS","M","M","M","$","M","R","?","M","T","E","R","M","E","M","R","BOSS","M","M","?","M","$","R","M","E","T","M"],"items_purchased_type":["Relic"],"build_version":"2020-12-22","purchased_purges":2,"victory":false,"max_hp_per_floor":[72,72,72,72,72,72,72,72,72,72,72,72,72,72,72,72,72,72,72,72,72,72,72,72,72,72,72,72,72,72,72,72,72,72,72,72,72,72,72,72,72,72,72,72,72],"card_choices":[{"not_picked":["ThirdEye","CutThroughFate"],"picked":"Protect","floor":1.0},{"not_picked":["Prostrate","Indignation"],"picked":"Swivel","floor":2.0},{"not_picked":["ClearTheMind","Evaluate"],"picked":"FlurryOfBlows","floor":3.0},{"not_picked":["Study","WheelKick"],"picked":"EmptyFist","floor":4.0},{"not_picked":["ClearTheMind","Prostrate"],"picked":"FollowUp","floor":7.0},{"not_picked":["FlyingSleeves","Sanctity"],"picked":"Brilliance","floor":10.0},{"not_picked":["Halt","FlurryOfBlows"],"picked":"Worship","floor":11.0},{"not_picked":["Consecrate","EmptyMind"],"picked":"FearNoEvil","floor":13.0},{"not_picked":["JustLucky","Crescendo"],"picked":"Prostrate","floor":14.0},{"not_picked":["Blasphemy","MasterReality"],"picked":"DeusExMachina","floor":16.0},{"not_picked":["Evaluate","ThirdEye"],"picked":"Halt+1","floor":18.0},{"not_picked":["ThirdEye","InnerPeace"],"picked":"Prostrate+1","floor":19.0},{"not_picked":["SashWhip+1","SignatureMove"],"picked":"Brilliance","floor":20.0},{"not_picked":["CutThroughFate","FollowUp"],"picked":"Adaptation","floor":21.0},{"not_picked":["Wireheading+1","EmptyFist","DeceiveReality+1"],"picked":"SKIP","floor":22.0},{"not_picked":["Adaptation+1","PathToVictory","FlurryOfBlows"],"picked":"SKIP","floor":25},{"not_picked":["CutThroughFate","Nirvana","WaveOfTheHand+1"],"picked":"SKIP","floor":27},{"not_picked":["Crescendo","ClearTheMind"],"picked":"Scrawl","floor":29},{"not_picked":["CutThroughFate+1","Protect","Crescendo"],"picked":"SKIP","floor":30},{"not_picked":["Worship+1","FlyingSleeves","ClearTheMind+1"],"picked":"SKIP","floor":31},{"not_picked":["MasterReality","Scrawl"],"picked":"Devotion","floor":33},{"not_picked":["EmptyBody+1","EmptyFist","CrushJoints"],"picked":"SKIP","floor":35},{"not_picked":["Halt","ThirdEye","JustLucky+1"],"picked":"SKIP","floor":36},{"not_picked":["Fasting2+1","Evaluate","BowlingBash"],"picked":"SKIP","floor":38},{"not_picked":["PathToVictory","EmptyFist"],"picked":"EmptyMind","floor":41},{"not_picked":["Tantrum","Crescendo"],"picked":"DevaForm","floor":42}],"player_experience":735102,"relics_obtained":[{"floor":9.0,"key":"Toy Ornithopter"},{"floor":14.0,"key":"Happy Flower"},{"floor":26,"key":"CloakClasp"},{"floor":27,"key":"Letter Opener"},{"floor":30,"key":"Anchor"},{"floor":42,"key":"Kunai"},{"floor":43,"key":"Vajra"}],"event_choices":[{"damage_healed":0.0,"max_hp_gain":0.0,"max_hp_loss":0.0,"gold_gain":100.0,"event_name":"Golden Shrine","player_choice":"Pray","floor":5.0,"gold_loss":0.0,"damage_taken":0.0},{"damage_healed":0.0,"max_hp_gain":0.0,"max_hp_loss":0.0,"gold_gain":0.0,"event_name":"Dead Adventurer","player_choice":"Searched \u00271\u0027 times","floor":12.0,"gold_loss":0.0,"damage_taken":0.0,"relics_obtained":["Pen Nib"]},{"damage_healed":0.0,"max_hp_gain":0.0,"max_hp_loss":0.0,"gold_gain":99.0,"event_name":"Nest","player_choice":"Stole From Cult","floor":24.0,"gold_loss":0.0,"damage_taken":0.0},{"damage_healed":0,"gold_gain":0,"player_choice":"Got Potions","damage_taken":0,"max_hp_gain":0,"max_hp_loss":0,"event_name":"Lab","floor":37,"gold_loss":0}],"is_beta":false,"boss_relics":[{"not_picked":["Black Star","Snecko Eye"],"picked":"Ectoplasm"},{"not_picked":["Busted Crown","Calling Bell"],"picked":"HolyWater"}],"items_purged_floors":[21,39],"is_endless":false,"potions_floor_spawned":[3,4,7,10,13,18,22,25,27,31,35,38],"killed_by":"Writhing Mass","ascension_level":12}}