{"host":"kg61lsvem4dxoat8","time":1611728889,"event":{"mods":["BaseMod","Colored Powertips","Minty Spire (QoL Compilation)","Quick Restart","Rare Cards Sparkle","Relic Stats","slay the spire mod where everything is the same but ironclad has a cowboy hat"],"gold_per_floor":[112,127,146,200,200,200,217,217,243,193,211,211,244,264,264,366,366,366,6,6,6,6,6,6,6,6,6,6,6,6,6,6,6,6],"floor_reached":33,"language":"ENG","playtime":2258,"items_purged":["Strike_R"],"score":421,"play_id":"48a9551d-3a53-428b-b2e8-8283f38e0577","local_time":"20210127142809","is_ascension_mode":true,"campfire_choices":[{"data":"Searing Blow","floor":6,"key":"SMITH"},{"data":"Searing Blow+1","floor":8,"key":"SMITH"},{"data":"Searing Blow+2","floor":15,"key":"SMITH"},{"data":"Searing Blow+3","floor":23,"key":"SMITH"},{"data":"Searing Blow+4","floor":25,"key":"SMITH"},{"data":"Searing Blow+5","floor":32,"key":"SMITH"}],"circlet_count":0,"master_deck":["Strike_R","Strike_R","Defend_R","Defend_R","Defend_R","Defend_R","Bash","Flame Barrier","Searing Blow+6","Armaments","Pommel Strike","True Grit","Juggernaut","Shrug It Off","Warcry","Bandage Up","Dodge and Roll","Shrug It Off"],"relics":["Burning Blood","NeowsBlessing","Tiny Chest","Orichalcum","Ectoplasm","PrismaticShard","PreservedInsect","Ginger","Pear","Magic Flower"],"acts_visited":["Exordium","TheCity"],"potions_floor_usage":[11,12,12,13,13,14,16,20,24,24,33],"damage_taken":[{"damage":0,"enemies":"2 Louse","floor":1,"turns":1},{"damage":0,"enemies":"Small Slimes","floor":2,"turns":1},{"damage":0,"enemies":"Cultist","floor":3,"turns":1},{"damage":17,"enemies":"Large Slime","floor":7,"turns":9},{"damage":2,"enemies":"Gremlin Gang","floor":11,"turns":5},{"damage":8,"enemies":"Gremlin Nob","floor":13,"turns":3},{"damage":8,"enemies":"3 Louse","floor":14,"turns":5},{"damage":16,"enemies":"The Guardian","floor":16,"turns":9},{"damage":28,"enemies":"3 Byrds","floor":18,"turns":6},{"damage":16,"enemies":"Chosen","floor":20,"turns":5},{"damage":36,"enemies":"Gremlin Leader","floor":24,"turns":7},{"damage":20,"enemies":"Book of Stabbing","floor":27,"turns":4},{"damage":21,"enemies":"Centurion and Healer","floor":30,"turns":10},{"damage":46,"enemies":"Automaton","floor":33,"turns":6}],"seed_played":"-6756978457057487156","potions_obtained":[{"floor":2,"key":"Fire Potion"},{"floor":3,"key":"Strength Potion"},{"floor":12,"key":"EntropicBrew"},{"floor":12,"key":"BloodPotion"},{"floor":12,"key":"Fruit Juice"},{"floor":13,"key":"LiquidBronze"},{"floor":14,"key":"Fruit Juice"},{"floor":16,"key":"Regen Potion"},{"floor":20,"key":"DistilledChaos"},{"floor":27,"key":"Dexterity Potion"}],"is_trial":false,"path_per_floor":["M","M","M","?","?","R","M","R","T","?","M","?","E","M","R","B",null,"M","$","M","$","T","R","E","R","T","E","?","?","M","$","R","B"],"character_chosen":"IRONCLAD","items_purchased":["Warcry","PrismaticShard","Bandage Up"],"campfire_rested":0,"item_purchase_floors":[19,19,19],"current_hp_per_floor":[78,80,80,80,80,80,69,69,69,69,73,85,83,86,86,76,87,65,65,59,59,59,59,48,48,58,48,48,48,42,42,42,0,0],"gold":6,"neow_bonus":"THREE_ENEMY_KILL","is_daily":false,"chose_seed":false,"campfire_upgraded":6,"win_rate":0.0,"timestamp":1611728889,"path_taken":["M","M","M","?","?","R","?","R","T","?","M","?","E","M","R","BOSS","M","$","?","$","?","R","E","R","T","E","?","?","M","?","R","BOSS"],"items_purchased_type":["Card","Relic","Card"],"build_version":"2020-12-22","purchased_purges":1,"victory":false,"max_hp_per_floor":[80,80,80,80,80,80,80,80,80,80,80,85,85,90,90,90,90,90,90,90,90,90,90,90,90,100,100,100,100,100,100,100,100,100],"relic_stats":{"counters":[14,72],"Magic Flower":[5],"Tiny Chest":1,"Ectoplasm":150,"PreservedInsect":92,"Ginger":[0],"Orichalcum":[0],"obtain_stats":[{"Pear":26,"NeowsBlessing":0,"Magic Flower":27,"Tiny Chest":9,"Ectoplasm":17,"PreservedInsect":22,"Ginger":24,"Orichalcum":13,"PrismaticShard":19,"Burning Blood":0},{"Pear":11,"NeowsBlessing":0,"Magic Flower":12,"Tiny Chest":4,"Ectoplasm":8,"PreservedInsect":10,"Ginger":11,"Orichalcum":6,"PrismaticShard":9,"Burning Blood":0},{"Pear":52,"NeowsBlessing":0,"Magic Flower":56,"Tiny Chest":12,"Ectoplasm":34,"PreservedInsect":45,"Ginger":52,"Orichalcum":20,"PrismaticShard":40,"Burning Blood":0}],"Burning Blood":71},"card_choices":[{"not_picked":["Clash","Intimidate"],"picked":"Flame Barrier","floor":1},{"not_picked":["Pommel Strike","Heavy Blade"],"picked":"Searing Blow","floor":2},{"not_picked":["Shrug It Off","Power Through"],"picked":"Armaments","floor":3},{"not_picked":["Infernal Blade","Perfected Strike"],"picked":"Pommel Strike","floor":7},{"not_picked":["Twin Strike","Clash","Havoc"],"picked":"SKIP","floor":11},{"not_picked":["Anger","Clothesline","Hemokinesis"],"picked":"SKIP","floor":13},{"not_picked":["Clash","Clothesline"],"picked":"True Grit","floor":14},{"not_picked":["Immolate","Reaper"],"picked":"Juggernaut","floor":16},{"not_picked":["Heavy Blade+1","Perfected Strike"],"picked":"Shrug It Off","floor":18},{"not_picked":["Coolheaded","Consecrate","ClearTheMind+1"],"picked":"SKIP","floor":20},{"not_picked":["Redo","Terror"],"picked":"Dodge and Roll","floor":24},{"not_picked":["ClearTheMind","Thunderclap"],"picked":"Shrug It Off","floor":27},{"not_picked":["Poisoned Stab+1","Dagger Spray","Cold Snap"],"picked":"SKIP","floor":30}],"player_experience":1404382,"relics_obtained":[{"floor":9,"key":"Tiny Chest"},{"floor":13,"key":"Orichalcum"},{"floor":22,"key":"PreservedInsect"},{"floor":24,"key":"Ginger"},{"floor":26,"key":"Pear"},{"floor":27,"key":"Magic Flower"}],"event_choices":[{"damage_healed":0,"gold_gain":54,"player_choice":"Gained Gold","damage_taken":0,"max_hp_gain":0,"max_hp_loss":0,"event_name":"Golden Wing","floor":4,"gold_loss":0},{"cards_removed":["Strike_R"],"damage_healed":0,"gold_gain":0,"player_choice":"Offered Basic","damage_taken":0,"max_hp_gain":0,"max_hp_loss":0,"event_name":"Bonfire Elementals","floor":5,"gold_loss":0},{"cards_removed":["Strike_R"],"damage_healed":0,"gold_gain":0,"player_choice":"Card Removal","damage_taken":0,"max_hp_gain":0,"max_hp_loss":0,"event_name":"The Cleric","floor":10,"gold_loss":50},{"damage_healed":0,"gold_gain":0,"player_choice":"Got Potions","damage_taken":0,"max_hp_gain":0,"max_hp_loss":0,"event_name":"Lab","floor":12,"gold_loss":0},{"damage_healed":0,"gold_gain":0,"player_choice":"Ignored","damage_taken":0,"max_hp_gain":0,"max_hp_loss":0,"event_name":"Vampires","floor":28,"gold_loss":0}],"is_beta":false,"boss_relics":[{"not_picked":["SlaversCollar","Runic Cube"],"picked":"Ectoplasm"}],"items_purged_floors":[19],"is_endless":false,"potions_floor_spawned":[2,3,13,14,16,20,27],"killed_by":"Automaton","ascension_level":8}}