{"host":"qrt7o4dq2qslzw13","time":1611721887,"event":{"mods":["AchievementEnabler","BaseMod","Colored Map","Colored Powertips","Minty Spire (QoL Compilation)","Quick Restart","StSLib","SuperFastMode"],"gold_per_floor":[365,365,392,39,51,226,226,10,10,10,10,25,52,72,72,174,174,193,203,203,24,44,72,72,86,86,62,75,175,175,208,208,308,308,328,172,190,207,73,73,100,100,100,110,125,135,0,0,0,0],"floor_reached":51,"language":"ENG","playtime":1158,"items_purged":[],"score":840,"play_id":"37743e1d-e23b-4f2d-bf89-75de046a55b6","local_time":"20210126233127","is_ascension_mode":false,"campfire_choices":[{"data":"Whirlwind","floor":7.0,"key":"SMITH"},{"data":"Impervious","floor":11.0,"key":"SMITH"},{"data":"Flex","floor":15.0,"key":"SMITH"},{"floor":24.0,"key":"REST"},{"floor":30,"key":"REST"},{"floor":32,"key":"REST"},{"floor":40,"key":"REST"},{"floor":42,"key":"REST"},{"floor":49,"key":"REST"}],"circlet_count":0,"master_deck":["Strike_R+1","Strike_R","Strike_R","Strike_R+1","Strike_R","Defend_R","Defend_R","Defend_R","Defend_R","Bash","Flame Barrier+1","Whirlwind+1","Inflame","Flex+1","Spot Weakness","Doubt","Impervious+1","Inflame","Regret","Power Through","Double Tap+1","Iron Wave","Bludgeon","Anger","Headbutt","Purity","Rupture+1","Shrug It Off","True Grit","Bloodletting","Sentinel","Fire Breathing","Limit Break","Armaments+1","Inflame+1","Demon Form","Pummel","Havoc+1","Warcry+1","Immolate","Thunderclap","Whirlwind+1","Enlightenment","Evolve","Anger+1","Thunderclap+1","Parasite","Limit Break"],"relics":["Burning Blood","Whetstone","Cauldron","Ice Cream","StoneCalendar","Du-Vu Doll","Black Star","War Paint","Pear","Blue Candle","Pocketwatch","Bottled Tornado","Prayer Wheel","Torii","Mark of Pain","Orrery","Oddly Smooth Stone","Potion Belt","Strawberry","Red Mask"],"acts_visited":["Exordium","TheCity","TheBeyond"],"potions_floor_usage":[28,29,33,37,46,46],"damage_taken":[{"damage":10.0,"enemies":"Jaw Worm","floor":1.0,"turns":4.0},{"damage":0.0,"enemies":"2 Louse","floor":5.0,"turns":1.0},{"damage":5.0,"enemies":"Small Slimes","floor":12.0,"turns":3.0},{"damage":22.0,"enemies":"Gremlin Nob","floor":13.0,"turns":5.0},{"damage":6.0,"enemies":"3 Louse","floor":14.0,"turns":3.0},{"damage":2.0,"enemies":"Slime Boss","floor":16.0,"turns":6.0},{"damage":16.0,"enemies":"Shell Parasite","floor":18.0,"turns":7.0},{"damage":13.0,"enemies":"3 Byrds","floor":19.0,"turns":5.0},{"damage":32.0,"enemies":"Snake Plant","floor":22.0,"turns":4.0},{"damage":65.0,"enemies":"Slavers","floor":23.0,"turns":6.0},{"damage":33.0,"enemies":"Cultist and Chosen","floor":25.0,"turns":6.0},{"damage":0,"enemies":"Chosen and Byrds","floor":28,"turns":4},{"damage":22,"enemies":"Colosseum Slavers","floor":29,"turns":6},{"damage":35,"enemies":"Colosseum Nobs","floor":29,"turns":3},{"damage":42,"enemies":"Gremlin Leader","floor":31,"turns":6},{"damage":25,"enemies":"Automaton","floor":33,"turns":7},{"damage":10,"enemies":"Orb Walker","floor":35,"turns":3},{"damage":23,"enemies":"3 Shapes","floor":37,"turns":3},{"damage":62,"enemies":"Jaw Worm Horde","floor":38,"turns":5},{"damage":8,"enemies":"Reptomancer","floor":41,"turns":3},{"damage":23,"enemies":"Transient","floor":44,"turns":5},{"damage":34,"enemies":"Spire Growth","floor":45,"turns":5},{"damage":59,"enemies":"Writhing Mass","floor":46,"turns":6},{"damage":46,"enemies":"Time Eater","floor":50,"turns":5}],"seed_played":"-8832108419297679964","potions_obtained":[{"floor":1.0,"key":"PowerPotion"},{"floor":4.0,"key":"FairyPotion"},{"floor":4.0,"key":"FairyPotion"},{"floor":14.0,"key":"Swift Potion"},{"floor":19.0,"key":"SneckoOil"},{"floor":23.0,"key":"FearPotion"},{"floor":28,"key":"LiquidBronze"},{"floor":31,"key":"LiquidBronze"},{"floor":33,"key":"PowerPotion"},{"floor":38,"key":"GamblersBrew"},{"floor":45,"key":"SneckoOil"}],"is_trial":false,"path_per_floor":["M","?","T","$","M","?","R","$","T","?","R","M","E","M","R","B",null,"M","M","?","$","M","E","R","M","T","$","M","?","R","E","R","B",null,"M","$","M","M","$","R","E","R","T","M","M","M","?","?","R","B",null],"character_chosen":"IRONCLAD","items_purchased":["Whirlwind","Inflame","Flex","Cauldron","Impervious","Inflame","FairyPotion","Purity","True Grit","Orrery","Enlightenment","Evolve"],"campfire_rested":6,"item_purchase_floors":[4,4,4,4,8,8,21,21,27,36,39,39],"current_hp_per_floor":[52,52,52,52,58,58,58,58,58,58,58,59,43,43,43,47,80,70,63,63,63,37,30,57,30,30,30,36,33,60,24,51,32,90,86,86,69,13,13,40,38,65,72,55,27,32,32,32,61,21],"gold":0,"neow_bonus":"TWO_FIFTY_GOLD","is_daily":false,"chose_seed":false,"campfire_upgraded":3,"win_rate":0.0,"timestamp":1611721887,"path_taken":["M","?","?","$","M","?","R","$","T","?","R","M","E","M","R","BOSS","M","M","?","$","M","E","R","M","T","$","M","?","R","E","R","BOSS","M","$","M","M","$","R","E","R","T","M","M","M","?","?","R","BOSS"],"items_purchased_type":["Card","Card","Card","Relic","Card","Card","Potion","Card","Card","Relic","Card","Card"],"build_version":"2020-12-22","purchased_purges":0,"victory":true,"max_hp_per_floor":[80,80,80,80,80,80,80,80,80,80,80,80,80,80,80,80,80,80,80,80,80,80,90,90,90,90,90,90,90,90,90,90,90,90,90,90,90,90,90,90,90,90,97,97,97,97,97,97,97,97],"card_choices":[{"not_picked":["Disarm","Body Slam"],"picked":"Flame Barrier","floor":1.0},{"not_picked":["Burning Pact","Sword Boomerang"],"picked":"Spot Weakness","floor":5.0},{"not_picked":["Flex","Combust"],"picked":"Power Through","floor":12.0},{"not_picked":["Power Through","Wild Strike"],"picked":"Double Tap","floor":13.0},{"not_picked":["Blood for Blood","Flex"],"picked":"Iron Wave","floor":14.0},{"not_picked":["Corruption","Juggernaut"],"picked":"Bludgeon","floor":16.0},{"not_picked":["Clothesline","Headbutt"],"picked":"Anger","floor":18.0},{"not_picked":["Armaments","Iron Wave"],"picked":"Headbutt","floor":19.0},{"not_picked":["Armaments","Body Slam","Sword Boomerang+1"],"picked":"SKIP","floor":22.0},{"not_picked":["Juggernaut","Shrug It Off"],"picked":"Rupture+1","floor":23.0},{"not_picked":["Dropkick","Heavy Blade"],"picked":"Shrug It Off","floor":25.0},{"not_picked":["Twin Strike","Clothesline"],"picked":"Bloodletting","floor":28},{"not_picked":["Shrug It Off","Exhume"],"picked":"Sentinel","floor":29},{"not_picked":["Burning Pact","Dropkick+1"],"picked":"Fire Breathing","floor":31},{"not_picked":["Impervious","Demon Form"],"picked":"Limit Break","floor":33},{"not_picked":["Dual Wield+1","Cleave+1"],"picked":"Armaments+1","floor":35},{"not_picked":["Body Slam+1","Twin Strike"],"picked":"Inflame+1","floor":35},{"not_picked":["Power Through+1","Clash+1"],"picked":"Demon Form","floor":36},{"not_picked":["Cleave+1","Armaments+1"],"picked":"Pummel","floor":36},{"not_picked":["Body Slam+1","Flex+1"],"picked":"Havoc+1","floor":36},{"not_picked":["Body Slam","Feel No Pain+1"],"picked":"Warcry+1","floor":36},{"not_picked":["Cleave","Blood for Blood+1"],"picked":"Immolate","floor":36},{"not_picked":["Anger","True Grit+1"],"picked":"Thunderclap","floor":37},{"not_picked":["Armaments+1","Havoc","Intimidate"],"picked":"SKIP","floor":37},{"not_picked":["Armaments","Evolve+1"],"picked":"Whirlwind+1","floor":38},{"not_picked":["Havoc+1","Inflame","Iron Wave"],"picked":"SKIP","floor":38},{"not_picked":["Flame Barrier+1","Disarm","Pummel"],"picked":"SKIP","floor":41},{"not_picked":["Carnage","Bludgeon","Body Slam"],"picked":"SKIP","floor":44},{"not_picked":["Anger+1","Wild Strike","Clash"],"picked":"SKIP","floor":44},{"not_picked":["Wild Strike","Clash"],"picked":"Anger+1","floor":44},{"not_picked":["Carnage","Bludgeon","Body Slam"],"picked":"SKIP","floor":44},{"not_picked":["Whirlwind+1","Clothesline+1"],"picked":"Thunderclap+1","floor":45},{"not_picked":["Pommel Strike","Clothesline","Cleave"],"picked":"SKIP","floor":45},{"not_picked":["Dark Embrace","Pommel Strike+1"],"picked":"Limit Break","floor":46},{"not_picked":["Reckless Charge+1","Sword Boomerang","Twin Strike+1"],"picked":"SKIP","floor":46}],"player_experience":592533,"relics_obtained":[{"floor":3.0,"key":"Whetstone"},{"floor":9.0,"key":"Ice Cream"},{"floor":13.0,"key":"Du-Vu Doll"},{"floor":23.0,"key":"War Paint"},{"floor":23.0,"key":"Pear"},{"floor":26.0,"key":"Blue Candle"},{"floor":29,"key":"Pocketwatch"},{"floor":29,"key":"Bottled Tornado"},{"floor":31,"key":"Prayer Wheel"},{"floor":31,"key":"Torii"},{"floor":41,"key":"Oddly Smooth Stone"},{"floor":41,"key":"Potion Belt"},{"floor":43,"key":"Strawberry"}],"event_choices":[{"damage_healed":0.0,"max_hp_gain":0.0,"max_hp_loss":0.0,"gold_gain":0.0,"event_name":"The Cleric","player_choice":"Leave","floor":2.0,"gold_loss":0.0,"damage_taken":0.0},{"damage_healed":0.0,"max_hp_gain":0.0,"max_hp_loss":0.0,"gold_gain":175.0,"event_name":"Liars Game","player_choice":"AGREE","floor":6.0,"gold_loss":0.0,"damage_taken":0.0,"cards_obtained":["Doubt"]},{"damage_healed":0.0,"max_hp_gain":0.0,"max_hp_loss":0.0,"gold_gain":0.0,"event_name":"Big Fish","player_choice":"Box","floor":10.0,"gold_loss":0.0,"damage_taken":0.0,"relics_obtained":["StoneCalendar"],"cards_obtained":["Regret"]},{"damage_healed":0.0,"max_hp_gain":0.0,"max_hp_loss":0.0,"gold_gain":0.0,"event_name":"Beggar","player_choice":"Ignored","floor":20.0,"gold_loss":0.0,"damage_taken":0.0},{"damage_healed":0,"gold_gain":0,"player_choice":"Fight","damage_taken":0,"max_hp_gain":0,"max_hp_loss":0,"event_name":"Colosseum","floor":29,"gold_loss":0},{"damage_healed":0,"gold_gain":0,"player_choice":"Fought Nobs","damage_taken":0,"max_hp_gain":0,"max_hp_loss":0,"event_name":"Colosseum","floor":29,"gold_loss":0},{"damage_healed":0,"gold_gain":0,"player_choice":"Paid","damage_taken":0,"relics_obtained":["Red Mask"],"max_hp_gain":0,"max_hp_loss":0,"event_name":"Tomb of Lord Red Mask","floor":47,"gold_loss":135},{"damage_healed":0,"gold_gain":0,"player_choice":"Ignored","damage_taken":0,"max_hp_gain":0,"max_hp_loss":0,"event_name":"Mysterious Sphere","floor":48,"gold_loss":0}],"is_beta":false,"boss_relics":[{"not_picked":["Ectoplasm","Runic Pyramid"],"picked":"Black Star"},{"not_picked":["Coffee Dripper","Snecko Eye"],"picked":"Mark of Pain"}],"items_purged_floors":[],"is_endless":false,"potions_floor_spawned":[1,14,16,19,22,23,28,31,33,38,45],"ascension_level":0}}