{"host":"s41rn2jhghpwfrvz","time":1611768153,"event":{"mods":["BaseMod","Minty Spire (QoL Compilation)","Quick Restart","Relic Stats","SuperFastMode"],"gold_per_floor":[112,187,237,257,270,299,315,346,372,417,429,458,500,532,544,627,639,661,690,627,637,637,637,667,667,667,667,667],"floor_reached":27,"language":"ENG","playtime":680,"items_purged":["Static Discharge"],"score":726,"play_id":"95962403-8efb-4018-ab62-09f8a429508c","local_time":"20210127192233","daily_mods":["SealedDeck","Diverse","DeadlyEvents"],"is_ascension_mode":true,"campfire_choices":[{"data":"PathToVictory","floor":11,"key":"SMITH"},{"data":"Prostrate","floor":15,"key":"SMITH"},{"data":"Feel No Pain","floor":23,"key":"SMITH"},{"data":"Backflip","floor":25,"key":"SMITH"}],"circlet_count":0,"master_deck":["AscendersBane","PathToVictory+1","Accuracy","PiercingWail","Gash+1","Gash+1","Feel No Pain+1","Genetic Algorithm","Shrug It Off","Prostrate+1","Adrenaline","Backflip+1"],"relics":["Burning Blood","Ornamental Fan","MawBank","Blood Vial","Frozen Egg 2","Coffee Dripper","Nloth\u0027s Gift","Orichalcum","Mercury Hourglass"],"acts_visited":["Exordium","TheCity"],"potions_floor_usage":[27],"damage_taken":[{"damage":2,"enemies":"Small Slimes","floor":1,"turns":4},{"damage":0,"enemies":"Cultist","floor":4,"turns":4},{"damage":13,"enemies":"Jaw Worm","floor":5,"turns":4},{"damage":8,"enemies":"Lagavulin","floor":6,"turns":5},{"damage":0,"enemies":"Looter","floor":7,"turns":3},{"damage":11,"enemies":"3 Sentries","floor":8,"turns":10},{"damage":37,"enemies":"Gremlin Nob","floor":10,"turns":4},{"damage":15,"enemies":"Large Slime","floor":12,"turns":3},{"damage":0,"enemies":"Lagavulin","floor":13,"turns":4},{"damage":0,"enemies":"2 Fungi Beasts","floor":14,"turns":4},{"damage":0,"enemies":"The Guardian","floor":16,"turns":5},{"damage":1,"enemies":"3 Byrds","floor":18,"turns":4},{"damage":12,"enemies":"Chosen","floor":19,"turns":4},{"damage":1,"enemies":"Snecko","floor":21,"turns":4},{"damage":0,"enemies":"Gremlin Leader","floor":24,"turns":4},{"damage":88,"enemies":"Slavers","floor":27,"turns":6}],"seed_played":"-3207069574270625100","potions_obtained":[{"floor":1,"key":"Dexterity Potion"},{"floor":6,"key":"BlessingOfTheForge"},{"floor":12,"key":"Swift Potion"}],"is_trial":true,"path_per_floor":["M","?","?","M","M","E","M","E","T","E","R","M","E","M","R","B",null,"M","M","$","M","?","R","E","R","T","E"],"character_chosen":"IRONCLAD","items_purchased":[],"campfire_rested":0,"item_purchase_floors":[],"current_hp_per_floor":[72,61,61,67,60,58,64,59,59,28,28,21,29,37,37,45,68,75,69,69,75,75,75,75,75,75,0,0],"gold":667,"neow_bonus":"","is_daily":false,"chose_seed":false,"campfire_upgraded":4,"win_rate":0.0,"timestamp":1611768153,"path_taken":["M","?","?","M","M","E","M","E","T","E","R","M","?","M","R","BOSS","M","M","$","M","?","R","E","R","T","E"],"items_purchased_type":[],"build_version":"2020-12-22","purchased_purges":1,"victory":false,"max_hp_per_floor":[75,75,75,75,75,75,75,75,75,75,75,75,75,75,75,75,75,75,75,75,75,75,75,75,75,75,75,75],"relic_stats":{"Blood Vial":12,"counters":[16,72],"Ornamental Fan":[8],"Nloth\u0027s Gift":1,"Orichalcum":[0],"MawBank":132,"obtain_stats":[{"Blood Vial":10,"Ornamental Fan":6,"Coffee Dripper":17,"Nloth\u0027s Gift":22,"Whetstone":8,"Frozen Egg 2":13,"Orichalcum":24,"MawBank":9,"Burning Blood":0,"Mercury Hourglass":26},{"Blood Vial":7,"Ornamental Fan":4,"Coffee Dripper":11,"Nloth\u0027s Gift":14,"Whetstone":6,"Frozen Egg 2":9,"Orichalcum":15,"MawBank":6,"Burning Blood":0,"Mercury Hourglass":15},{"Blood Vial":34,"Ornamental Fan":17,"Coffee Dripper":50,"Nloth\u0027s Gift":62,"Whetstone":30,"Frozen Egg 2":41,"Orichalcum":66,"MawBank":30,"Burning Blood":0,"Mercury Hourglass":66}],"Burning Blood":83,"Mercury Hourglass":[48]},"card_choices":[{"not_picked":["EmptyBody","ClearTheMind","Compile Driver"],"picked":"SKIP","floor":1},{"not_picked":["Armaments","Rebound","Body Slam"],"picked":"SKIP","floor":4},{"not_picked":["All For One","Cleave","Steam"],"picked":"SKIP","floor":5},{"not_picked":["Streamline","Footwork","Steam"],"picked":"SKIP","floor":6},{"not_picked":["Anger","Masterful Stab","FearNoEvil"],"picked":"SKIP","floor":7},{"not_picked":["Rupture","Melter","CutThroughFate"],"picked":"SKIP","floor":8},{"not_picked":["Chill","Protect"],"picked":"Adrenaline","floor":10},{"not_picked":["Rip and Tear","FlyingSleeves"],"picked":"Backflip","floor":12},{"not_picked":["Recycle","SashWhip","MasterReality+1"],"picked":"SKIP","floor":13},{"not_picked":["Underhanded Strike","Dual Wield","Concentrate"],"picked":"SKIP","floor":14},{"not_picked":["Flex","Quick Slash+1","Streamline"],"picked":"SKIP","floor":18},{"not_picked":["FollowUp","Doom and Gloom","Dropkick+1"],"picked":"SKIP","floor":19},{"not_picked":["Anger","Sentinel","Acrobatics"],"picked":"SKIP","floor":21},{"not_picked":["Multi-Cast","CrushJoints+1","SignatureMove"],"picked":"SKIP","floor":24}],"player_experience":1858168,"relics_obtained":[{"floor":6,"key":"Ornamental Fan"},{"floor":8,"key":"Whetstone"},{"floor":9,"key":"MawBank"},{"floor":10,"key":"Blood Vial"},{"floor":13,"key":"Frozen Egg 2"},{"floor":24,"key":"Orichalcum"},{"floor":26,"key":"Mercury Hourglass"}],"event_choices":[{"damage_healed":0,"gold_gain":75,"player_choice":"Gather Gold","damage_taken":11,"max_hp_gain":0,"max_hp_loss":0,"event_name":"World of Goop","floor":2,"gold_loss":0},{"damage_healed":0,"gold_gain":50,"player_choice":"Pray","damage_taken":0,"max_hp_gain":0,"max_hp_loss":0,"event_name":"Golden Shrine","floor":3,"gold_loss":0},{"damage_healed":0,"gold_gain":0,"player_choice":"Traded Relic","damage_taken":0,"relics_obtained":["Nloth\u0027s Gift"],"max_hp_gain":0,"max_hp_loss":0,"event_name":"N\u0027loth","floor":22,"relics_lost":["Whetstone"],"gold_loss":0}],"is_beta":false,"boss_relics":[{"not_picked":["Cursed Key","Busted Crown"],"picked":"Coffee Dripper"}],"items_purged_floors":[20],"is_endless":false,"potions_floor_spawned":[1,6,8,12,14,19],"killed_by":"Slavers","ascension_level":20}}