{"host":"8d3fefv2347kqkpz","time":1611739020,"event":{"mods":["AchievementEnabler","Act Like it!","Aspiration","BaseMod","Better Vampires","Colored Map","Colored Powertips","Conspire","GifTheSpireLib","Hermit","Highlight Path","Hubris","Marisa£®ÏF”Í°°ƒß¿Ì…≥£©","Mimic Mod","Minty Spire (QoL Compilation)","Quick Restart","Rare Cards Sparkle","Reimu£®≤©¿ˆ¡È√Œ£©","Relic Stats","Remilia£®¿Ÿ√◊¿Ú—«£©","Replay The Spire","Spicy Shops","StSLib","The Cursed","The Jungle","The Servant 0.9.4","Waifu the Spire","Youmu£®ªÍ∆«—˝√Œ£©"],"gold_per_floor":[110,120,120,131,144,144,162,162,231,249,249,275,275,275,275,380,380],"floor_reached":16,"language":"ZHS","playtime":644,"items_purged":[],"score":152,"play_id":"e1abe436-1e25-40e2-84b3-dcd57087c3da","local_time":"20210127171700","is_ascension_mode":false,"campfire_choices":[{"data":"conspire:DoublingDagger","floor":11.0,"key":"SMITH"},{"floor":13.0,"key":"REST"},{"floor":15.0,"key":"REST"}],"circlet_count":0,"master_deck":["Strike_G","Strike_G","Strike_G","Strike_G","Strike_G","Defend_G","Defend_G","Defend_G","Defend_G","Defend_G","Survivor","Neutralize","conspire:DoublingDagger+1","Quick Slash","Deflect","Expertise","Cloak And Dagger","Dagger Throw","Deflect"],"relics":["Ring of the Snake","hubris:Icosahedron","Onion Ring","Pondfish Scales"],"acts_visited":["Exordium"],"potions_floor_usage":[16],"damage_taken":[{"damage":0.0,"enemies":"conspire:RoseBush","floor":1.0,"turns":3.0},{"damage":1.0,"enemies":"2 Louse","floor":2.0,"turns":3.0},{"damage":0.0,"enemies":"Cultist","floor":4.0,"turns":4.0},{"damage":11.0,"enemies":"Blue Slaver","floor":5.0,"turns":5.0},{"damage":5.0,"enemies":"Looter","floor":7.0,"turns":4.0},{"damage":0.0,"enemies":"2 Fungi Beasts","floor":10.0,"turns":4.0},{"damage":29.0,"enemies":"Lagavulin","floor":12.0,"turns":8.0},{"damage":96,"enemies":"The Guardian","floor":16,"turns":21}],"seed_played":"1586183239070981208","potions_obtained":[{"floor":4.0,"key":"DistilledChaos"},{"floor":5.0,"key":"FairyPotion"},{"floor":16,"key":"Elixir"}],"is_trial":false,"path_per_floor":["M","M","?","M","M","?","M","?","T","M","R","E","R","?","R","B"],"character_chosen":"THE_SILENT","items_purchased":[],"campfire_rested":2,"item_purchase_floors":[],"current_hp_per_floor":[77,76,76,76,65,58,53,53,53,53,53,24,47,47,70,23,23],"gold":380,"neow_bonus":"TEN_PERCENT_HP_BONUS","is_daily":false,"chose_seed":false,"campfire_upgraded":1,"win_rate":0.0,"timestamp":1611739020,"path_taken":["M","M","?","M","M","?","?","?","T","M","R","E","R","?","R","BOSS"],"items_purchased_type":[],"build_version":"2020-12-22","purchased_purges":0,"victory":false,"max_hp_per_floor":[77,77,77,77,77,77,77,77,77,77,77,77,77,77,77,77,77],"relic_stats":{"counters":[8,52],"obtain_stats":[{"Pondfish Scales":12,"hubris:Icosahedron":3,"Onion Ring":9,"Ring of the Snake":0},{"Pondfish Scales":7,"hubris:Icosahedron":2,"Onion Ring":5,"Ring of the Snake":0},{"Pondfish Scales":31,"hubris:Icosahedron":6,"Onion Ring":19,"Ring of the Snake":0}],"Ring of the Snake":[16]},"card_choices":[{"not_picked":["Dodge and Roll","Underhanded Strike"],"picked":"conspire:DoublingDagger","floor":1.0},{"not_picked":["hubris:SlightOfHand","Heel Hook"],"picked":"Quick Slash","floor":2.0},{"not_picked":["Backstab","hubris:SlightOfHand"],"picked":"Deflect","floor":4.0},{"not_picked":["Acrobatics","hubris:SlightOfHand"],"picked":"Expertise","floor":5.0},{"not_picked":["Heel Hook","hubris:SlightOfHand"],"picked":"Cloak And Dagger","floor":7.0},{"not_picked":["Outmaneuver","Glass Knife"],"picked":"Dagger Throw","floor":10.0},{"not_picked":["Sucker Punch","Outmaneuver"],"picked":"Deflect","floor":12.0}],"player_experience":201520,"relics_obtained":[{"floor":9.0,"key":"Onion Ring"},{"floor":12.0,"key":"Pondfish Scales"}],"event_choices":[{"damage_healed":0.0,"max_hp_gain":0.0,"max_hp_loss":0.0,"gold_gain":0.0,"event_name":"Wheel of Change","player_choice":"Damaged","floor":6.0,"gold_loss":0.0,"damage_taken":7.0},{"damage_healed":0.0,"max_hp_gain":0.0,"max_hp_loss":0.0,"gold_gain":0.0,"event_name":"Golden Idol","player_choice":"Ignored","floor":14.0,"gold_loss":0.0,"damage_taken":0.0}],"is_beta":false,"boss_relics":[],"items_purged_floors":[],"is_endless":false,"potions_floor_spawned":[4,5,16],"killed_by":"The Guardian","ascension_level":0}}