{"host":"usdj552hvd2ulznm","time":1611724551,"event":{"mods":["Act Like it!","Aspiration","BaseMod","Better Third Choice","Colored Powertips","Conjunction","Conspire","DeckTracker","Dota2Spire","Downfall","Emptier Cage","Energized Spire","Gensokyo","GifTheSpireLib","GungeonMod","Halation","Hallownest","Hermit","Hubris","Infinite Spire","Key Reminder","Lobotomy","LobotomyExtend","Minty Spire (QoL Compilation)","MostiFishMod","Poem Panic","Quarter Circle Forward PUNCH!","Quick Restart","RNG Fix","Railgun Mod","Random Character Mod","Relic Stats","Reliquary","Replay The Spire","Reworked Bosses","Small Relic Pack","StSLib","Stuff the Spire","The Animator","The Blue Laboratory","The IronCluck","The Jungle","Uncapped","WarShipGirlsR/????R mod","Wide Potions","??????REMEMod"],"gold_per_floor":[116,116,116,140,184,244,244,244,267,267,282,282,330,330,330,425,425,474,474,490,490,490,490,535,535,535,535,535,268,268,278,278,405,405,423,467,479,528,197,197,217,217,217,217,217,266,294,294,294,324],"floor_reached":51,"language":"ENG","playtime":1990,"items_purged":["SnowQueen","FrostShard"],"score":773,"play_id":"dd45e26f-9a21-432d-a65c-b9c436bf05cc","local_time":"20210126221551","is_ascension_mode":false,"campfire_choices":[{"floor":32,"key":"REST"}],"circlet_count":0,"master_deck":["SpecialBullet","SpecialBullet","SpecialBullet","SpecialBullet","SpecialBullet","SecurityCode","BlueStar","SolemnVow","CherryBlossom","TheSmile","Dramatic Entrance","FourthMatchFlame","infinitespire:NeuralNetwork+1","Ecstasy+1","GoldRush","StuffTheSpire:Harmony","DisciplinaryCode","DaCapo","TrainingCode","DaCapo","CherryBlossom","hubris:DuctTapeCard","FourthMatchFlame","MeltingLove"],"relics":["CogitoBucket","DaveBox","REME_ComplimentaryCards","SynthV:TestCard","LetterFromLob","Gensokyo:Mercy","Dota2Spire:HandOfMidas","Replay:WaspNest","qcfpunch:White_Boots","keyreminder:keyreminder","reliquary:WritOfMandamus","LuminousBracelet","NightmareShop","halation:PinkSoulGem","aspiration:HiddenCompartment","energizedSpire:MagnifyingGlass","reliquary:HotPoker","Painkiller Herb","TreeSap","aspiration:FetidBarrel","hubris:DuctTape","ReplayFunnel"],"acts_visited":["Gensokyo:Gensokyo","TheCity","TheBeyond"],"potions_floor_usage":[51,51],"damage_taken":[{"damage":6,"enemies":"Gensokyo:2_Kodama","floor":1,"turns":3},{"damage":0,"enemies":"Gensokyo:3_Fairies","floor":5,"turns":3},{"damage":27,"enemies":"Gensokyo:Mamizou","floor":6,"turns":4},{"damage":0,"enemies":"Gensokyo:Python","floor":11,"turns":2},{"damage":15,"enemies":"Gensokyo:3_Kodama","floor":13,"turns":3},{"damage":19,"enemies":"Gensokyo:Yukari","floor":16,"turns":4},{"damage":0,"enemies":"2 Thieves","floor":18,"turns":1},{"damage":20,"enemies":"3 Byrds","floor":20,"turns":3},{"damage":55,"enemies":"Shelled Parasite and Fungi","floor":24,"turns":4},{"damage":37,"enemies":"Snake Plant","floor":31,"turns":2},{"damage":45,"enemies":"bossMod:newCollector","floor":33,"turns":5},{"damage":31,"enemies":"3 Darklings","floor":35,"turns":2},{"damage":0,"enemies":"Orb Walker","floor":36,"turns":2},{"damage":81,"enemies":"4 Shapes","floor":37,"turns":2},{"damage":9,"enemies":"Transient","floor":38,"turns":5},{"damage":9,"enemies":"Sphere and 2 Shapes","floor":41,"turns":2},{"damage":16,"enemies":"4 Shapes","floor":46,"turns":3},{"damage":45,"enemies":"R_Hoarder","floor":47,"turns":3},{"damage":0,"enemies":"bossMod:newShapes","floor":50,"turns":1},{"damage":69,"enemies":"Malkuth","floor":51,"turns":4},{"damage":97,"enemies":"Yesod","floor":51,"turns":5},{"damage":142,"enemies":"Tiphereth","floor":51,"turns":23}],"seed_played":"7912523606958861216","potions_obtained":[{"floor":5,"key":"FearPotion"},{"floor":11,"key":"PowerPotion"},{"floor":16,"key":"DistilledChaos"},{"floor":20,"key":"champ:CounterPotion"},{"floor":24,"key":"blueLaboratory:NullPotion"},{"floor":31,"key":"champ:CounterPotion"},{"floor":46,"key":"DistilledChaos"}],"is_trial":false,"path_per_floor":["M","?","?","T","M","E","R","$","T","R","M","R","M","?","R","B",null,"M","?","M","?","AVR","R","M","?","T","?","R","?","R","M","R","B",null,"?","?","?","?","T","T","?","T","T","T","?","?","E","?","T","B",null],"character_chosen":"Angela","items_purchased":["qcfpunch:White_Boots","aspiration:FetidBarrel"],"campfire_rested":1,"item_purchase_floors":[8,39],"current_hp_per_floor":[63,63,63,63,63,44,44,28,28,28,48,48,36,36,36,29,63,78,78,70,70,70,70,47,47,47,47,47,47,47,28,51,61,78,75,82,50,80,80,80,82,82,82,82,82,82,86,86,86,86],"gold":384,"neow_bonus":"REMOVE_TWO","is_daily":false,"chose_seed":false,"campfire_upgraded":0,"win_rate":0.0,"timestamp":1611724551,"path_taken":["M","?","?","?","M","E","R","?","T","R","M","R","?","?","R","BOSS","M","?","M","?","AVR","R","M","?","T","?","R","?","R","M","R","BOSS","?","?","?","?","T","T","?","T","T","T","?","?","E","?","T","BOSS"],"items_purchased_type":["Relic","Relic"],"build_version":"2020-12-22","purchased_purges":2,"victory":true,"max_hp_per_floor":[63,63,63,63,63,63,63,63,63,63,63,63,63,63,63,63,63,78,78,78,78,78,78,78,78,78,78,78,78,78,78,78,78,78,78,82,82,82,82,82,82,82,82,82,82,82,86,86,86,86],"relic_stats":{"counters":[26,98],"obtain_stats":[{"ReplayFunnel":47,"Dota2Spire:HandOfMidas":4,"DaveBox":0,"hubris:DuctTape":43,"aspiration:FetidBarrel":39,"LuminousBracelet":18,"Painkiller Herb":34,"DemoMod:GlassGuonStoneRelic":6,"Replay:WaspNest":6,"qcfpunch:White_Boots":8,"aspiration:HiddenCompartment":22,"keyreminder:keyreminder":9,"CogitoBucket":0,"reliquary:HotPoker":26,"SynthV:TestCard":1,"Gensokyo:Mercy":2,"NightmareShop":19,"TreeSap":35,"LetterFromLob":1,"energizedSpire:MagnifyingGlass":22,"reliquary:WritOfMandamus":17,"halation:PinkSoulGem":21,"REME_ComplimentaryCards":0},{"ReplayFunnel":21,"Dota2Spire:HandOfMidas":1,"DaveBox":0,"hubris:DuctTape":18,"aspiration:FetidBarrel":17,"LuminousBracelet":8,"Painkiller Herb":12,"DemoMod:GlassGuonStoneRelic":3,"Replay:WaspNest":3,"qcfpunch:White_Boots":3,"aspiration:HiddenCompartment":9,"keyreminder:keyreminder":3,"CogitoBucket":0,"reliquary:HotPoker":10,"SynthV:TestCard":1,"Gensokyo:Mercy":1,"NightmareShop":8,"TreeSap":14,"LetterFromLob":1,"energizedSpire:MagnifyingGlass":9,"reliquary:WritOfMandamus":6,"halation:PinkSoulGem":9,"REME_ComplimentaryCards":0},{"ReplayFunnel":56,"Dota2Spire:HandOfMidas":3,"DaveBox":0,"hubris:DuctTape":49,"aspiration:FetidBarrel":47,"LuminousBracelet":21,"Painkiller Herb":35,"DemoMod:GlassGuonStoneRelic":10,"Replay:WaspNest":10,"qcfpunch:White_Boots":10,"aspiration:HiddenCompartment":24,"keyreminder:keyreminder":10,"CogitoBucket":0,"reliquary:HotPoker":28,"SynthV:TestCard":3,"Gensokyo:Mercy":3,"NightmareShop":21,"TreeSap":38,"LetterFromLob":3,"energizedSpire:MagnifyingGlass":24,"reliquary:WritOfMandamus":19,"halation:PinkSoulGem":24,"REME_ComplimentaryCards":0}]},"card_choices":[{"not_picked":["VoidDream","Bloodbath"],"picked":"BlueStar","floor":1},{"not_picked":["RapturousDream"],"picked":"FrostShard","floor":1},{"not_picked":["Lantern","FourthMatchFlame","Wingbeat","Soda"],"picked":"SKIP","floor":5},{"not_picked":["MHz","Wellcheers"],"picked":"SnowQueen","floor":6},{"not_picked":["CUTE","Regret_ego","RapturousDream"],"picked":"SolemnVow","floor":6},{"not_picked":["SoundOfStar","Wingbeat","Noise"],"picked":"CherryBlossom","floor":11},{"not_picked":["Noise","Loneliness","CENSORED_ego","WristCuter"],"picked":"SKIP","floor":13},{"not_picked":["Pinks","DaCapo","Twilight"],"picked":"TheSmile","floor":16},{"not_picked":["Diffraction","Lamp","Spore"],"picked":"InTheNameOfLoveAndHate+1","floor":18},{"not_picked":["RapturousDream","BearPaw","InTheNameOfLoveAndHate"],"picked":"FourthMatchFlame","floor":20},{"not_picked":["TodaysExpression+1","Heaven","Horn"],"picked":"Ecstasy+1","floor":24},{"not_picked":["ShedSkin","LifeForTheDareDevil","Noise","Penitence+1"],"picked":"SKIP","floor":31},{"not_picked":["Adoration","TheSmile","Mimicry"],"picked":"DaCapo","floor":33},{"not_picked":["Harmony","CENSORED_ego","Logging","BloodyDesire"],"picked":"SKIP","floor":35},{"not_picked":["ShyLook","WhiteNight"],"picked":"CENSORED","floor":36},{"not_picked":["Spore+1","Beak+1","CherryBlossom+1","FrostShard+1"],"picked":"SKIP","floor":36},{"not_picked":["FrostShard+1","CUTE+1","Beak"],"picked":"DaCapo","floor":37},{"not_picked":["Beak+1","Justitia","Noise","Lantern+1"],"picked":"SKIP","floor":38},{"not_picked":["Loneliness+1","BearPaw","Lamp"],"picked":"CherryBlossom","floor":41},{"not_picked":["Hypocrisy+1","Noise+1","BearPaw+1"],"picked":"FourthMatchFlame","floor":46},{"not_picked":["OldLady","GalaxyChild"],"picked":"MeltingLove","floor":47},{"not_picked":["Wingbeat+1","Beak","Harmony","Harvest+1"],"picked":"SKIP","floor":47}],"player_experience":486614,"relics_obtained":[{"floor":1,"key":"SynthV:TestCard"},{"floor":1,"key":"LetterFromLob"},{"floor":4,"key":"Dota2Spire:HandOfMidas"},{"floor":6,"key":"Replay:WaspNest"},{"floor":26,"key":"reliquary:HotPoker"},{"floor":43,"key":"hubris:DuctTape"},{"floor":47,"key":"ReplayFunnel"}],"event_choices":[{"damage_healed":0,"gold_gain":0,"player_choice":"Full Heal","damage_taken":0,"max_hp_gain":0,"max_hp_loss":0,"event_name":"Wheel of Change","floor":19,"gold_loss":0},{"damage_healed":0,"gold_gain":0,"player_choice":"Upgraded","damage_taken":0,"max_hp_gain":0,"max_hp_loss":0,"event_name":"Upgrade Shrine","floor":25,"gold_loss":0,"cards_upgraded":["infinitespire:NeuralNetwork"]},{"damage_healed":0,"gold_gain":0,"player_choice":"1 cards matched","damage_taken":0,"max_hp_gain":0,"max_hp_loss":0,"event_name":"Match and Keep!","floor":27,"gold_loss":0,"cards_obtained":["GoldRush"]},{"cards_removed":["InTheNameOfLoveAndHate"],"damage_healed":0,"gold_gain":0,"player_choice":"Purged","damage_taken":0,"max_hp_gain":0,"max_hp_loss":0,"event_name":"Purifier","floor":45,"gold_loss":0},{"cards_removed":["CENSORED"],"damage_healed":0,"gold_gain":0,"player_choice":"Removed Skill","damage_taken":0,"max_hp_gain":0,"max_hp_loss":0,"event_name":"Falling","floor":48,"gold_loss":0}],"is_beta":false,"boss_relics":[{"not_picked":["REME_ChargedStone","reliquary:RedCape"],"picked":"reliquary:WritOfMandamus"},{"not_picked":["MoonlightInvasionPlan","halation:CatFaceCupcake"],"picked":"Painkiller Herb"}],"items_purged_floors":[22,39],"is_endless":false,"potions_floor_spawned":[5,11,16,20,24,31,37,38,41,46],"ascension_level":0}}