{"host":"59ybwvz342rz5fw6","time":1611761811,"event":{"mods":["BaseMod","Colored Powertips","Downfall","Minty Spire (QoL Compilation)","Relic Stats","RumiaBox-露米娅的神秘盒子","StSLib","Waifu the Spire","Yakumo Yukari mod","simple","【功能Mod】混沌之环修复补丁","【功能Mod】聪明的最终Boss"],"gold_per_floor":[280,370,465,6,125,305,4451,4451,4581,4581,4581,4731,4906,5056,5056,5543,5543,5543,5543],"floor_reached":18,"language":"ZHS","playtime":992,"items_purged":[],"score":324,"play_id":"2e96ec98-e7e8-4477-beca-5f600924dc23","local_time":"20210127233651","is_ascension_mode":false,"campfire_choices":[{"floor":8,"key":"RECALL"},{"data":"Deep Breath","floor":15,"key":"SMITH"},{"data":"Panache","floor":15,"key":"SMITH"},{"data":"CommonSense_AntiCommonSense_purple","floor":15,"key":"SMITH"},{"data":"Mirror_Drifter_purple","floor":15,"key":"SMITH"},{"data":"WatchEChange_purple","floor":15,"key":"SMITH"},{"data":"Defend_purpleEX","floor":15,"key":"SMITH"},{"data":"Bait_HighSpeedFlying_purple","floor":15,"key":"SMITH"},{"floor":15,"key":"REST"}],"circlet_count":0,"master_deck":["AT_purpleEX","AT_purpleEX","AT_purpleEX","Defend_purpleEX","Defend_purpleEX","Defend_purpleEX","Defend_purpleEX+1","Observe_purple_1","Observe_purple_2","WatchEChange_purple+1","MNeedle_purple","Mirror_Drifter_purple+1","Deep Breath+1","Panache+1","Bait_HighSpeedFlying_purple+1","Line_surface_state_purple","CommonSense_AntiCommonSense_purple+1","AT_purpleEX","Monsters_DoubleDeathButterfly_purple"],"relics":["Boundary_crack","Memoryfragments_purpleEX","Peace Pipe","Ginger","Turnip","Unceasing Top","Omamori","Ice Cream","The Courier","AddBug","SecretRecord","Baka2","SecretRecord","SecretRecord"],"acts_visited":["Exordium","TheCity"],"potions_floor_usage":[14,14,14],"damage_taken":[{"damage":6,"enemies":"Cultist","floor":1,"turns":5},{"damage":0,"enemies":"Small Slimes","floor":2,"turns":3},{"damage":1,"enemies":"2 Louse","floor":3,"turns":3},{"damage":1,"enemies":"Looter","floor":5,"turns":3},{"damage":2,"enemies":"Exordium Wildlife","floor":6,"turns":3},{"damage":20,"enemies":"Lagavulin","floor":7,"turns":4},{"damage":8,"enemies":"2 Fungi Beasts","floor":12,"turns":21},{"damage":0,"enemies":"Lots of Slimes","floor":13,"turns":1},{"damage":12,"enemies":"3 Sentries","floor":14,"turns":2},{"damage":0,"enemies":"Hexaghost","floor":16,"turns":2},{"damage":0,"enemies":"Chosen","floor":18,"turns":1}],"seed_played":"3655594687626236628","potions_obtained":[{"floor":2,"key":"Strength Potion"},{"floor":6,"key":"ColorlessPotion"},{"floor":16,"key":"LiquidBronze"}],"is_trial":false,"path_per_floor":["M","M","M","$","M","M","E","R","T","?","?","M","M","E","R","B",null,"M"],"character_chosen":"Youkari","items_purchased":["Sling","Deep Breath","Panache","Tiny Chest"],"campfire_rested":1,"item_purchase_floors":[4,4,4,4],"current_hp_per_floor":[67,69,68,68,67,65,49,49,49,24,29,26,26,15,37,37,75,75,75],"gold":5543,"neow_bonus":"REMOVE_CARD","is_daily":false,"chose_seed":false,"campfire_upgraded":7,"win_rate":0.0,"timestamp":1611761811,"path_taken":["M","M","M","$","M","M","E","R","T","?","?","M","M","E","R","BOSS","M"],"items_purchased_type":["Relic","Card","Card","Relic"],"build_version":"2020-12-22","purchased_purges":0,"victory":false,"max_hp_per_floor":[70,70,70,70,70,70,70,70,70,70,75,75,75,75,75,75,75,75,75],"relic_stats":{"Peace Pipe":0,"counters":[11,48],"Turnip":[0],"Ginger":[4],"obtain_stats":[{"Ice Cream":0,"The Courier":0,"AddBug":1,"SecretRecord":1,"Omamori":0,"Baka":1,"Boundary_crack":0,"Ginger":0,"Peace Pipe":0,"Baka2":2,"Turnip":0,"Unceasing Top":0,"Memoryfragments_purpleEX":0},{"Ice Cream":0,"The Courier":0,"AddBug":1,"SecretRecord":1,"Omamori":0,"Baka":1,"Boundary_crack":0,"Ginger":0,"Peace Pipe":0,"Baka2":2,"Turnip":0,"Unceasing Top":0,"Memoryfragments_purpleEX":0},{"Ice Cream":0,"The Courier":0,"AddBug":5,"SecretRecord":5,"Omamori":0,"Baka":5,"Boundary_crack":0,"Ginger":0,"Peace Pipe":0,"Baka2":8,"Turnip":0,"Unceasing Top":0,"Memoryfragments_purpleEX":0}],"Unceasing Top":[7]},"card_choices":[{"not_picked":["Shallow_ocean_purpleEX","MeetDecomposer_purple"],"picked":"WatchEChange_purple","floor":1},{"not_picked":["ButterflyHabitatTemple_purple","Extrememeaning_purpleEX"],"picked":"MNeedle_purple","floor":2},{"not_picked":["Worldmountain_purple","Line_surface_state_purple"],"picked":"Mirror_Drifter_purple","floor":3},{"not_picked":["MonsterNeedle_purple","Worldmountain_purple"],"picked":"Bait_HighSpeedFlying_purple","floor":5},{"not_picked":["ExistenceContinue_purple","Realm_recovery_purpleEX","SfantasyHide_purple"],"picked":"SKIP","floor":6},{"not_picked":["MNeedle_purple","ExistenceContinue_purple","Mirror_TwoAndThreeElementRealm_purple"],"picked":"SKIP","floor":7},{"not_picked":["StateDuplicate_purple","Worldmountain_purple","Shallow_ocean_purpleEX"],"picked":"SKIP","floor":12},{"not_picked":["Umbrella_purple","DimensionStaggered_purple"],"picked":"Line_surface_state_purple","floor":13},{"not_picked":["Theboundaryofcreation_purpleEX","OmniscientAndOmnipotent_Monster_purple"],"picked":"CommonSense_AntiCommonSense_purple","floor":14},{"not_picked":["Fancifulhole_purple","ProofOfUnderstanding_purple"],"picked":"Monsters_DoubleDeathButterfly_purple","floor":16}],"player_experience":55640,"relics_obtained":[{"floor":1,"key":"Baka"},{"floor":1,"key":"AddBug"},{"floor":2,"key":"Baka2"},{"floor":5,"key":"SecretRecord"},{"floor":7,"key":"GodSword4"},{"floor":12,"key":"GodSword6"},{"floor":13,"key":"SecretRecord"},{"floor":14,"key":"PreservedInsect"}],"event_choices":[{"damage_healed":0,"gold_gain":0,"player_choice":"Success","damage_taken":25,"relics_obtained":["Ancient Tea Set"],"max_hp_gain":0,"max_hp_loss":0,"event_name":"Scrap Ooze","floor":10,"gold_loss":0}],"is_beta":false,"boss_relics":[{"not_picked":["Coffee Dripper","Runic Pyramid"],"picked":"Seventeenyearold_girl_Forever"}],"items_purged_floors":[],"is_endless":false,"potions_floor_spawned":[2,3,5,6,16],"killed_by":"Chosen","ascension_level":0}}