{"host":"pe7ycb8t2t906so2","time":1611790508,"event":{"mods":["BaseMod","Colored Map","Highlight Path","Minty Spire (QoL Compilation)"],"gold_per_floor":[109,209,229,74,92,92,118,268,268,292,292,292,310,19,19,19,19],"floor_reached":16,"language":"FRA","playtime":396,"items_purged":["Strike_P","Doubt"],"score":228,"play_id":"bc4db298-48a3-4b2b-b2d2-e33f05785035","local_time":"20210127183508","is_ascension_mode":true,"campfire_choices":[{"data":"Eruption","floor":6,"key":"SMITH"},{"data":"Vigilance","floor":11,"key":"SMITH"},{"data":"Wallop","floor":15,"key":"SMITH"}],"circlet_count":0,"master_deck":["AscendersBane","Strike_P","Strike_P","Strike_P","Defend_P","Defend_P","Defend_P","Defend_P","Eruption+1","Vigilance+1","FlurryOfBlows","Consecrate","Wallop+1","Tantrum","FlyingSleeves","LikeWater","CrushJoints","FollowUp"],"relics":["PureWater","NeowsBlessing","CaptainsWheel","FossilizedHelix","Odd Mushroom","Vajra","Regal Pillow"],"acts_visited":["Exordium"],"potions_floor_usage":[7,16],"damage_taken":[{"damage":0,"enemies":"Jaw Worm","floor":1,"turns":1},{"damage":0,"enemies":"Cultist","floor":3,"turns":1},{"damage":0,"enemies":"Small Slimes","floor":5,"turns":1},{"damage":0,"enemies":"Gremlin Nob","floor":7,"turns":1},{"damage":37,"enemies":"The Mushroom Lair","floor":10,"turns":4},{"damage":0,"enemies":"Looter","floor":13,"turns":2},{"damage":0,"enemies":"Hexaghost","floor":16,"turns":4}],"seed_played":"252915429200585864","potions_obtained":[{"floor":5,"key":"SteroidPotion"},{"floor":10,"key":"StancePotion"}],"is_trial":false,"path_per_floor":["M","?","M","$","M","R","E","?","T","?","R","?","M","$","R","B"],"character_chosen":"WATCHER","items_purchased":["Wallop","Regal Pillow","FollowUp"],"campfire_rested":0,"item_purchase_floors":[4,14,14],"current_hp_per_floor":[61,61,61,61,61,61,61,61,61,24,24,19,19,19,19,19,19],"gold":19,"neow_bonus":"THREE_ENEMY_KILL","is_daily":false,"chose_seed":false,"campfire_upgraded":3,"win_rate":0.0,"timestamp":1611790508,"path_taken":["M","?","M","$","?","R","E","?","T","?","R","?","M","$","R","BOSS"],"items_purchased_type":["Card","Relic","Card"],"build_version":"2020-12-22","purchased_purges":2,"victory":false,"max_hp_per_floor":[68,68,68,68,68,68,68,68,68,68,68,68,68,68,68,68,68],"card_choices":[{"not_picked":["WreathOfFlame","Crescendo"],"picked":"FlurryOfBlows","floor":1},{"not_picked":["ThirdEye","Crescendo"],"picked":"Consecrate","floor":3},{"not_picked":["Nirvana","WreathOfFlame"],"picked":"Tantrum","floor":5},{"not_picked":["Omniscience","ForeignInfluence"],"picked":"FlyingSleeves","floor":7},{"not_picked":["Halt","Crescendo"],"picked":"LikeWater","floor":10},{"not_picked":["PathToVictory","LikeWater"],"picked":"CrushJoints","floor":13}],"player_experience":959340,"relics_obtained":[{"floor":7,"key":"CaptainsWheel"},{"floor":9,"key":"FossilizedHelix"},{"floor":10,"key":"Odd Mushroom"}],"event_choices":[{"damage_healed":0,"gold_gain":100,"player_choice":"Gold","damage_taken":0,"max_hp_gain":0,"max_hp_loss":0,"event_name":"Wheel of Change","floor":2,"gold_loss":0},{"damage_healed":0,"gold_gain":150,"player_choice":"AGREE","damage_taken":0,"max_hp_gain":0,"max_hp_loss":0,"event_name":"Liars Game","floor":8,"gold_loss":0,"cards_obtained":["Doubt"]},{"damage_healed":0,"gold_gain":0,"player_choice":"Fought Mushrooms","damage_taken":0,"max_hp_gain":0,"max_hp_loss":0,"event_name":"Mushrooms","floor":10,"gold_loss":0},{"damage_healed":0,"gold_gain":0,"player_choice":"Success","damage_taken":5,"relics_obtained":["Vajra"],"max_hp_gain":0,"max_hp_loss":0,"event_name":"Scrap Ooze","floor":12,"gold_loss":0}],"is_beta":false,"boss_relics":[],"items_purged_floors":[4,14],"is_endless":false,"potions_floor_spawned":[5,10],"killed_by":"Hexaghost","ascension_level":17}}