{"host":"r458oihlpg8cxtvp","time":1611730656,"event":{"mods":["Act Like it!","Aspiration","BaseMod","Challenge The Spire","Colored Powertips","Conspire","Dota2Spire","Hallownest","Lobotomy","Minty Spire (QoL Compilation)","Relic Stats","Replay The Spire","Spicy Shops","StSLib","TestMod","[GremlinLeader]The Maniac","¡¾ÒÅÎï¿¨ÅÆ¡¿REMEMod"],"gold_per_floor":[115,115,131,144,144,144,170,187,239,239,252,252,252,266,266,266,266],"floor_reached":16,"language":"ZHS","playtime":578,"items_purged":[],"score":102,"play_id":"f9010bee-8f41-4521-bd8c-14e052b40b10","local_time":"20210127145736","is_ascension_mode":false,"campfire_choices":[{"data":"Defend_R","floor":6.0,"key":"SMITH"},{"data":"Twin Strike","floor":10.0,"key":"SMITH"},{"floor":13.0,"key":"REST"},{"floor":15.0,"key":"REST"}],"circlet_count":0,"master_deck":["Strike_R","Strike_R","Strike_R","Defend_R","Defend_R+1","Defend_R","Bash","VoidDream","Flex","Twin Strike+1","Burst","Flex","Pummel"],"relics":["Burning Blood","testmod-TestBox","REME_ComplimentaryCards","testmod-CasingShield","CogitoBucket","testmod-LifeArmor","Centennial Puzzle","Golden Idol"],"acts_visited":["Exordium"],"potions_floor_usage":[],"damage_taken":[{"damage":2.0,"enemies":"Small Slimes","floor":1.0,"turns":4.0},{"damage":6.0,"enemies":"Cultist","floor":3.0,"turns":3.0},{"damage":0.0,"enemies":"2 Louse","floor":4.0,"turns":4.0},{"damage":42.0,"enemies":"3 Sentries","floor":7.0,"turns":10.0},{"damage":7.0,"enemies":"Looter","floor":8.0,"turns":3.0},{"damage":26.0,"enemies":"Blue Slaver","floor":11.0,"turns":7.0},{"damage":13.0,"enemies":"Large Slime","floor":14.0,"turns":5.0},{"damage":0,"enemies":"Fading Forest","floor":16,"turns":1}],"seed_played":"-6217195275482642486","potions_obtained":[{"floor":4.0,"key":"PowerPotion"},{"floor":11.0,"key":"Fruit Juice"}],"is_trial":false,"path_per_floor":["M","?","M","M","$","R","E","M","T","R","M","?","R","M","R","B"],"character_chosen":"IRONCLAD","items_purchased":[],"campfire_rested":2,"item_purchase_floors":[],"current_hp_per_floor":[80,80,80,80,80,80,44,43,43,43,28,7,32,25,50,50,50],"gold":266,"neow_bonus":"","is_daily":false,"chose_seed":false,"campfire_upgraded":2,"win_rate":0.0,"timestamp":1611730656,"path_taken":["M","?","M","M","$","R","E","?","T","R","M","?","R","M","R","BOSS"],"items_purchased_type":[],"build_version":"2020-12-22","purchased_purges":0,"victory":false,"max_hp_per_floor":[80,80,80,80,80,80,80,80,80,80,85,85,85,85,85,85,85],"relic_stats":{"Centennial Puzzle":[6],"counters":[9,38],"Golden Idol":3,"obtain_stats":[{"CogitoBucket":0,"Centennial Puzzle":9,"testmod-TestBox":0,"Golden Idol":12,"testmod-LifeArmor":7,"Burning Blood":0,"testmod-CasingShield":0,"REME_ComplimentaryCards":0},{"CogitoBucket":0,"Centennial Puzzle":5,"testmod-TestBox":0,"Golden Idol":7,"testmod-LifeArmor":4,"Burning Blood":0,"testmod-CasingShield":0,"REME_ComplimentaryCards":0},{"CogitoBucket":0,"Centennial Puzzle":24,"testmod-TestBox":0,"Golden Idol":32,"testmod-LifeArmor":21,"Burning Blood":0,"testmod-CasingShield":0,"REME_ComplimentaryCards":0}],"Burning Blood":32},"card_choices":[{"not_picked":["Shockwave","Wild Strike","Body Slam"],"picked":"SKIP","floor":1.0},{"not_picked":["DreamingCurrent","BeautyBeast"],"picked":"VoidDream","floor":3.0},{"not_picked":["Warcry","Headbutt","Ghostly Armor"],"picked":"SKIP","floor":3.0},{"not_picked":["SpiderBud","FairyFestival","LittlePrince"],"picked":"Singing Bowl","floor":4.0},{"not_picked":["Heavy Blade","Reaper","Thunderclap"],"picked":"SKIP","floor":4.0},{"not_picked":["Sever Soul","Cleave"],"picked":"Flex","floor":7.0},{"not_picked":["Warcry","Power Through"],"picked":"Twin Strike","floor":8.0},{"not_picked":["Heavy Blade","Second Wind"],"picked":"Flex","floor":11.0},{"not_picked":["Wild Strike","Rage"],"picked":"Pummel","floor":14.0}],"player_experience":71039,"relics_obtained":[{"floor":7.0,"key":"testmod-LifeArmor"},{"floor":9.0,"key":"Centennial Puzzle"}],"event_choices":[{"cards_removed":["Strike_R"],"damage_healed":0.0,"max_hp_gain":0.0,"max_hp_loss":0.0,"gold_gain":0.0,"event_name":"Bonfire Elementals","player_choice":"Offered Basic","floor":2.0,"gold_loss":0.0,"damage_taken":0.0},{"damage_healed":0.0,"max_hp_gain":0.0,"max_hp_loss":0.0,"gold_gain":0.0,"event_name":"Golden Idol","player_choice":"Take Damage","floor":12.0,"gold_loss":0.0,"damage_taken":21.0,"relics_obtained":["Golden Idol"]}],"is_beta":false,"boss_relics":[],"items_purged_floors":[],"is_endless":false,"potions_floor_spawned":[4,11],"killed_by":"Fading Forest","ascension_level":0}}