{"host":"ut3qe46kys7sl3ey","time":1611725854,"event":{"mods":["2.2 Compatiblity","AchievementEnabler","Bard","BaseMod","Bestiary","Better Altar","Better Match","Better Note","Better Sensory Stone","Better Skull","Better Third Choice","BetterRewards","Block Reminder","Colored Map","Colored Powertips","Curses Come First","DeckTracker","Downfall","Energized Spire","Friendly Minions","Highlight Path","Hubris","Infinite Spire","Minty Spire (QoL Compilation)","Permanent Neow","Quick Restart","Random Character Button","Relic Sorter","Relic Stats","Reliquary","Replay The Spire","StSLib","The Blue Laboratory","The Bug Knight","The Construct","The Cursed","The Jungle","The Mystic","The Spell Scribe","Unceasing Turn Reminder","Unknown Chances","Wandering Minibosses"],"gold_per_floor":[109,109,119,136,136,153,184,207,244,256,268,23,39,50,50,149,149,267,285,285,285],"floor_reached":20,"language":"ENG","playtime":3517,"items_purged":["Reprogram"],"score":178,"play_id":"81b39cc1-8eae-4f32-a9cf-9a4ca22337ef","local_time":"20210127073734","is_ascension_mode":false,"campfire_choices":[],"circlet_count":0,"master_deck":["Strike_B","Strike_B","Strike_B","Strike_B","Defend_B","Defend_B","Defend_B","Defend_B","Zap","Dualcast","Turbo","Chill","Cold Snap","BasicCrystalCard","hubris:Ukulele","FTL","Finesse+1","FIFO Queue","Consume","Gash","ReplayTheSpireMod:System Scan","Ball Lightning","Amplify","Hologram+1","Double Energy","hubris:NaturalOne"],"relics":["Cracked Core","hubris:Icosahedron","Blue Doll","Eternal Feather","MawBank","Smiling Mask","construct:ClawGrip"],"acts_visited":["Exordium","TheCity"],"potions_floor_usage":[16,19,20],"damage_taken":[{"damage":3,"enemies":"Jaw Worm","floor":1,"turns":3},{"damage":0,"enemies":"Small Slimes","floor":3,"turns":4},{"damage":0,"enemies":"2 Louse","floor":4,"turns":3},{"damage":4,"enemies":"Looter","floor":6,"turns":4},{"damage":22,"enemies":"Lagavulin","floor":7,"turns":7},{"damage":10,"enemies":"Blue Slaver","floor":8,"turns":4},{"damage":1,"enemies":"Exordium Wildlife","floor":13,"turns":6},{"damage":9,"enemies":"Exordium Thugs","floor":14,"turns":7},{"damage":13,"enemies":"Hexaghost","floor":16,"turns":12},{"damage":23,"enemies":"Shell Parasite","floor":18,"turns":6},{"damage":8,"enemies":"3 Byrds","floor":19,"turns":6},{"damage":51,"enemies":"Snecko","floor":20,"turns":5}],"seed_played":"-8688644070398727025","potions_obtained":[{"floor":1,"key":"ColorlessPotion"},{"floor":7,"key":"SteroidPotion"},{"floor":8,"key":"LiquidBronze"},{"floor":14,"key":"blueLaboratory:ConsumingVoid"}],"is_trial":false,"path_per_floor":["M","?","M","M","?","M","E","M","T","T","?","$","M","M","R_BF","B",null,"M","M","M"],"character_chosen":"DEFECT","items_purchased":["FTL","Finesse+1","FIFO Queue","Consume"],"campfire_rested":0,"item_purchase_floors":[12,12,12,12],"current_hp_per_floor":[72,72,72,72,72,68,46,36,36,36,29,29,28,70,75,62,75,52,44,0,0],"gold":285,"neow_bonus":"RANDOM_EVENT","is_daily":false,"chose_seed":false,"campfire_upgraded":0,"win_rate":0.0,"timestamp":1611725854,"path_taken":["M","?","M","M","?","M","E","M","T","?","?","?","M","M","R_BF","BOSS","M","M","M"],"items_purchased_type":["Card","Card","Card","Card"],"build_version":"2020-12-22","purchased_purges":1,"victory":false,"max_hp_per_floor":[75,75,75,75,75,75,75,75,75,75,75,75,75,75,75,75,75,75,75,75,75],"relic_stats":{"counters":[12,67],"Eternal Feather":5,"MawBank":60,"Smiling Mask":25,"obtain_stats":[{"construct:ClawGrip":17,"hubris:Icosahedron":5,"reliquary:SilkGlove":10,"Eternal Feather":0,"Blue Doll":11,"Cracked Core":0,"MawBank":7,"Smiling Mask":9},{"construct:ClawGrip":9,"hubris:Icosahedron":3,"reliquary:SilkGlove":6,"Eternal Feather":0,"Blue Doll":6,"Cracked Core":0,"MawBank":5,"Smiling Mask":6},{"construct:ClawGrip":50,"hubris:Icosahedron":10,"reliquary:SilkGlove":25,"Eternal Feather":0,"Blue Doll":25,"Cracked Core":0,"MawBank":21,"Smiling Mask":25}]},"card_choices":[{"not_picked":["Steam","Tempest"],"picked":"Turbo","floor":1},{"not_picked":["Consume","ReplayTheSpireMod:GoodbyeWorld"],"picked":"Chill","floor":3},{"not_picked":["Rebound","ReplayTheSpireMod:System Scan"],"picked":"Cold Snap","floor":4},{"not_picked":["Go for the Eyes","Consume"],"picked":"BasicCrystalCard","floor":6},{"not_picked":["BasicCrystalCard","Lockon"],"picked":"hubris:Ukulele","floor":7},{"not_picked":["Sweeping Beam","Steam Power"],"picked":"Reprogram","floor":8},{"not_picked":["Rebound","Leap"],"picked":"Gash","floor":13},{"not_picked":["Reprogram","Biased Cognition"],"picked":"ReplayTheSpireMod:System Scan","floor":14},{"not_picked":["Fission","Seek"],"picked":"Amplify","floor":16},{"not_picked":["Beam Cell+1","Consume+1"],"picked":"Hologram+1","floor":18},{"not_picked":["Stack","BasicCrystalCard"],"picked":"Double Energy","floor":19}],"player_experience":153201,"relics_obtained":[{"floor":7,"key":"MawBank"},{"floor":9,"key":"Smiling Mask"},{"floor":10,"key":"reliquary:SilkGlove"}],"event_choices":[{"damage_healed":0,"gold_gain":0,"player_choice":"Box","damage_taken":0,"relics_obtained":["Eternal Feather"],"max_hp_gain":0,"max_hp_loss":0,"event_name":"Big Fish","floor":0,"gold_loss":0,"cards_obtained":["Regret"]},{"cards_removed":["Regret"],"damage_healed":0,"gold_gain":0,"player_choice":"Forget","damage_taken":0,"max_hp_gain":0,"max_hp_loss":0,"event_name":"Living Wall","floor":2,"gold_loss":0},{"damage_healed":0,"gold_gain":0,"player_choice":"Relic ","damage_taken":7,"max_hp_gain":0,"max_hp_loss":0,"event_name":"betterThird:BetterScrap","floor":11,"gold_loss":0,"cards_obtained":["Concentrate"]}],"is_beta":false,"boss_relics":[{"not_picked":["hubris:BlackHole","Ring of Chaos"],"picked":"construct:ClawGrip"}],"items_purged_floors":[12],"is_endless":false,"potions_floor_spawned":[1,7,8,14],"killed_by":"Snecko","ascension_level":0}}