{"host":"sw6p9u0oh417cx03","time":1611728761,"event":{"mods":["AchievementEnabler","Act Like it!","BaseMod","CapriCore","DeckTracker","Highlight Path","Minty Spire (QoL Compilation)","Quick Restart","StSLib"],"gold_per_floor":[116,131,146,157,82,82,100,134,161,0,29,60,60,60,60,137,137,154,54,66,66,79,109,109,109,109,125,141,174,174,204,204,275,275,295,312,187,187,199,232,249,249,273,284,313,163,175,194,194,194,194,194,19,52,52],"floor_reached":56,"language":"ZHS","playtime":2535,"items_purged":["Strike_R","Strike_R","Defend_R","Defend_R","Defend_R"],"score":3135,"play_id":"2625a70c-8519-4879-9bba-7991fe12ba51","local_time":"20210127142601","is_ascension_mode":true,"campfire_choices":[{"data":"Body Slam","floor":6.0,"key":"SMITH"},{"data":"Offering","floor":13.0,"key":"SMITH"},{"data":"Second Wind","floor":15.0,"key":"SMITH"},{"data":"Barricade","floor":32.0,"key":"SMITH"},{"floor":42.0,"key":"RECALL"},{"data":"Pommel Strike","floor":49.0,"key":"SMITH"},{"data":"Battle Trance","floor":52,"key":"SMITH"}],"circlet_count":0,"master_deck":["AscendersBane","Defend_R","Bash","Battle Trance+1","Feel No Pain","Body Slam+1","Power Through","Second Wind+1","Offering+1","Pommel Strike+1","Shrug It Off+1","Barricade+1","Offering+1"],"relics":["Burning Blood","Torii","Potion Belt","Odd Mushroom","Red Skull","Bronze Scales","Runic Pyramid","Omamori","Mummified Hand","Ice Cream","Strawberry","Toxic Egg 2","Coffee Dripper","Shovel","Juzu Bracelet","Letter Opener"],"acts_visited":["Exordium","TheCity","TheBeyond","TheEnding"],"potions_floor_usage":[55,55],"damage_taken":[{"damage":6.0,"enemies":"2 Louse","floor":1.0,"turns":4.0},{"damage":6.0,"enemies":"Cultist","floor":2.0,"turns":3.0},{"damage":11.0,"enemies":"Jaw Worm","floor":3.0,"turns":5.0},{"damage":14.0,"enemies":"Looter","floor":4.0,"turns":4.0},{"damage":6.0,"enemies":"Lots of Slimes","floor":7.0,"turns":7.0},{"damage":20.0,"enemies":"Lagavulin","floor":8.0,"turns":6.0},{"damage":7.0,"enemies":"The Mushroom Lair","floor":11.0,"turns":5.0},{"damage":14.0,"enemies":"Gremlin Nob","floor":12.0,"turns":3.0},{"damage":1.0,"enemies":"Hexaghost","floor":16.0,"turns":7.0},{"damage":0.0,"enemies":"Shell Parasite","floor":18.0,"turns":4.0},{"damage":0.0,"enemies":"Spheric Guardian","floor":20.0,"turns":3.0},{"damage":6.0,"enemies":"Chosen and Byrds","floor":22.0,"turns":3.0},{"damage":6.0,"enemies":"Slavers","floor":23.0,"turns":5.0},{"damage":6.0,"enemies":"Centurion and Healer","floor":27.0,"turns":2.0},{"damage":6.0,"enemies":"Snecko","floor":28.0,"turns":3.0},{"damage":0.0,"enemies":"Gremlin Leader","floor":29.0,"turns":5.0},{"damage":7.0,"enemies":"Book of Stabbing","floor":31.0,"turns":3.0},{"damage":6.0,"enemies":"Collector","floor":33.0,"turns":3.0},{"damage":6.0,"enemies":"Orb Walker","floor":35.0,"turns":1.0},{"damage":6.0,"enemies":"3 Shapes","floor":36.0,"turns":5.0},{"damage":1.0,"enemies":"Jaw Worm Horde","floor":39.0,"turns":4.0},{"damage":6.0,"enemies":"Nemesis","floor":40.0,"turns":3.0},{"damage":6.0,"enemies":"3 Darklings","floor":41.0,"turns":2.0},{"damage":6.0,"enemies":"Transient","floor":44.0,"turns":6.0},{"damage":6.0,"enemies":"Reptomancer","floor":45.0,"turns":3.0},{"damage":6.0,"enemies":"Sphere and 2 Shapes","floor":47.0,"turns":4.0},{"damage":6.0,"enemies":"Jaw Worm Horde","floor":48.0,"turns":2.0},{"damage":6.0,"enemies":"Awakened One","floor":50.0,"turns":3.0},{"damage":6,"enemies":"Shield and Spear","floor":54,"turns":2},{"damage":10,"enemies":"The Heart","floor":55,"turns":7}],"seed_played":"-3045140933154591970","potions_obtained":[{"floor":1.0,"key":"SteroidPotion"},{"floor":2.0,"key":"AttackPotion"},{"floor":3.0,"key":"PowerPotion"},{"floor":12.0,"key":"Regen Potion"},{"floor":20.0,"key":"LiquidMemories"},{"floor":21.0,"key":"Regen Potion"},{"floor":21.0,"key":"SmokeBomb"},{"floor":39.0,"key":"Fruit Juice"},{"floor":45.0,"key":"BloodPotion"}],"is_trial":false,"path_per_floor":["M","M","M","M","?","R","M","E","T","$","?","E","R","?","R","B",null,"M","$","M","?","M","E","?","?","T","M","M","E","?","E","R","B",null,"M","M","$","?","M","E","M","R","T","M","E","$","M","M","R","B",null,"R","$","E","B",null],"character_chosen":"IRONCLAD","items_purchased":["Offering"],"campfire_rested":0,"item_purchase_floors":[10],"current_hp_per_floor":[68,68,63,55,55,55,55,41,41,41,40,32,32,21,21,26,58,64,64,68,68,68,68,68,63,63,63,63,68,75,74,74,74,75,75,75,75,71,71,71,71,71,71,71,76,76,76,76,76,76,76,76,76,76,76],"gold":52,"neow_bonus":"REMOVE_TWO","is_daily":false,"chose_seed":false,"campfire_upgraded":6,"win_rate":0.0,"timestamp":1611728761,"path_taken":["M","M","M","M","?","R","M","E","T","$","?","E","R","?","R","BOSS","M","$","M","?","?","E","?","?","T","?","M","E","?","E","R","BOSS","M","M","$","?","M","E","M","R","T","M","E","$","M","M","R","BOSS","R","$","E","BOSS"],"items_purchased_type":["Card"],"build_version":"2020-12-22","purchased_purges":5,"victory":true,"max_hp_per_floor":[68,68,68,68,68,68,68,68,68,68,68,68,68,68,68,68,68,68,68,68,68,68,68,68,68,68,68,68,68,75,75,75,75,75,75,75,75,71,71,71,71,71,71,71,76,76,76,76,76,76,76,76,76,76,76],"card_choices":[{"not_picked":["Dropkick","Intimidate"],"picked":"Battle Trance","floor":1.0},{"not_picked":["Flex","Clash"],"picked":"Feel No Pain","floor":2.0},{"not_picked":["Reckless Charge","Heavy Blade"],"picked":"Body Slam","floor":3.0},{"not_picked":["Cleave","Inflame"],"picked":"Power Through","floor":4.0},{"not_picked":["Thunderclap","Wild Strike","Rupture"],"picked":"SKIP","floor":7.0},{"not_picked":["Cleave","True Grit"],"picked":"Second Wind","floor":8.0},{"not_picked":["Clash","Fiend Fire"],"picked":"Pommel Strike","floor":11.0},{"not_picked":["Cleave","Pummel","Carnage"],"picked":"SKIP","floor":12.0},{"not_picked":["Wild Strike","Burning Pact","Intimidate"],"picked":"SKIP","floor":18.0},{"not_picked":["Heavy Blade","Iron Wave","Headbutt"],"picked":"SKIP","floor":20.0},{"not_picked":["Heavy Blade","Twin Strike"],"picked":"Shrug It Off+1","floor":22.0},{"not_picked":["Feel No Pain+1","Clash","Havoc"],"picked":"SKIP","floor":23.0},{"not_picked":["Feel No Pain+1","Clash","Havoc"],"picked":"SKIP","floor":23.0},{"not_picked":["Rupture","Whirlwind","True Grit+1"],"picked":"SKIP","floor":27.0},{"not_picked":["Evolve","Thunderclap"],"picked":"Barricade","floor":28.0},{"not_picked":["Dropkick+1","Juggernaut","Rampage"],"picked":"SKIP","floor":29.0},{"not_picked":["Flame Barrier+1","Sword Boomerang+1","Clothesline+1"],"picked":"SKIP","floor":31.0},{"not_picked":["Barricade","Exhume+1"],"picked":"Offering+1","floor":33.0},{"not_picked":["Power Through+1","Anger","Headbutt"],"picked":"SKIP","floor":35.0},{"not_picked":["True Grit+1","Wild Strike","Second Wind+1"],"picked":"SKIP","floor":36.0},{"not_picked":["Sever Soul+1","Spot Weakness+1","Seeing Red+1"],"picked":"SKIP","floor":39.0},{"not_picked":["Sever Soul+1","Spot Weakness+1","Seeing Red+1"],"picked":"SKIP","floor":39.0},{"not_picked":["Sever Soul+1","Spot Weakness+1","Seeing Red+1"],"picked":"SKIP","floor":39.0},{"not_picked":["Burning Pact+1","Fiend Fire","Reckless Charge+1"],"picked":"SKIP","floor":40.0},{"not_picked":["Warcry+1","Body Slam","Thunderclap"],"picked":"SKIP","floor":41.0},{"not_picked":["Clash","Flex+1","Sever Soul"],"picked":"SKIP","floor":44.0},{"not_picked":["Burning Pact+1","Sword Boomerang","Wild Strike+1"],"picked":"SKIP","floor":45.0},{"not_picked":["Clash","Twin Strike+1","Sentinel+1"],"picked":"SKIP","floor":47.0},{"not_picked":["Cleave+1","Bloodletting+1","Whirlwind"],"picked":"SKIP","floor":48.0},{"not_picked":["Feel No Pain","Offering+1","Ghostly Armor+1"],"picked":"SKIP","floor":54}],"player_experience":337773,"relics_obtained":[{"floor":8.0,"key":"Torii"},{"floor":9.0,"key":"Potion Belt"},{"floor":11.0,"key":"Odd Mushroom"},{"floor":12.0,"key":"Red Skull"},{"floor":23.0,"key":"Omamori"},{"floor":26.0,"key":"Mummified Hand"},{"floor":29.0,"key":"Ice Cream"},{"floor":31.0,"key":"Toxic Egg 2"},{"floor":40.0,"key":"Shovel"},{"floor":45.0,"key":"Juzu Bracelet"},{"floor":54,"key":"Letter Opener"}],"event_choices":[{"cards_removed":["Strike_R"],"damage_healed":0.0,"max_hp_gain":0.0,"max_hp_loss":0.0,"gold_gain":0.0,"event_name":"The Cleric","player_choice":"Card Removal","floor":5.0,"gold_loss":75.0,"damage_taken":0.0},{"damage_healed":0.0,"max_hp_gain":0.0,"max_hp_loss":0.0,"gold_gain":0.0,"event_name":"Mushrooms","player_choice":"Fought Mushrooms","floor":11.0,"gold_loss":0.0,"damage_taken":0.0},{"damage_healed":0.0,"max_hp_gain":0.0,"max_hp_loss":0.0,"gold_gain":0.0,"event_name":"Scrap Ooze","player_choice":"Success","floor":14.0,"gold_loss":0.0,"damage_taken":11.0,"relics_obtained":["Bronze Scales"]},{"damage_healed":0.0,"max_hp_gain":0.0,"max_hp_loss":0.0,"gold_gain":0.0,"event_name":"Lab","player_choice":"Got Potions","floor":21.0,"gold_loss":0.0,"damage_taken":0.0},{"damage_healed":0.0,"max_hp_gain":0.0,"max_hp_loss":0.0,"gold_gain":0.0,"event_name":"Vampires","player_choice":"Ignored","floor":24.0,"gold_loss":0.0,"damage_taken":0.0},{"damage_healed":0.0,"max_hp_gain":0.0,"max_hp_loss":0.0,"gold_gain":0.0,"event_name":"Designer","player_choice":"Punched","floor":25.0,"gold_loss":0.0,"damage_taken":5.0},{"damage_healed":0.0,"max_hp_gain":0.0,"max_hp_loss":0.0,"gold_gain":0.0,"event_name":"The Mausoleum","player_choice":"Opened","floor":30.0,"gold_loss":0.0,"damage_taken":0.0,"relics_obtained":["Strawberry"],"cards_obtained":["Writhe"]},{"damage_healed":0.0,"max_hp_gain":0.0,"max_hp_loss":4.0,"gold_gain":0.0,"event_name":"Winding Halls","player_choice":"Max HP","floor":38.0,"gold_loss":0.0,"damage_taken":0.0}],"is_beta":false,"boss_relics":[{"not_picked":["Cursed Key","SlaversCollar"],"picked":"Runic Pyramid"},{"not_picked":["Velvet Choker","Mark of Pain"],"picked":"Coffee Dripper"}],"items_purged_floors":[10,19,37,46,53],"is_endless":false,"potions_floor_spawned":[1,2,3,12,20,22,27,31,39,41,44,45,48],"ascension_level":19}}