{"host":"p62uqwu04pp7leh9","time":1611722686,"event":{"mods":["BaseMod","Block Reminder","Colored Map","Colored Powertips","Minty Spire (QoL Compilation)","Relic Stats"],"gold_per_floor":[110,127,146,162,174,200,200,235,235,235,91,106,56,73,73,174,174,190,200,200,8,8,8],"floor_reached":22,"language":"ENG","playtime":1416,"items_purged":["Defend_B"],"score":198,"play_id":"137bf5f4-7da5-404c-867d-2455e12c1db1","local_time":"20210126224446","is_ascension_mode":false,"campfire_choices":[{"data":"Self Repair","floor":7,"key":"SMITH"},{"data":"Fission","floor":15,"key":"SMITH"}],"circlet_count":0,"master_deck":["Strike_B","Defend_B","Defend_B","Defend_B","Zap","Dualcast","Self Repair+1","Conserve Battery","Conserve Battery","Amplify","Fission+1","Tempest","Machine Learning","Double Energy+1","Self Repair","Creative AI","Sunder","Loop","Force Field"],"relics":["Nuclear Battery","Sundial","WingedGreaves","Singing Bowl","SlaversCollar"],"acts_visited":["Exordium","TheCity"],"potions_floor_usage":[5,12,16,19],"damage_taken":[{"damage":0,"enemies":"Jaw Worm","floor":1,"turns":4},{"damage":5,"enemies":"Cultist","floor":2,"turns":4},{"damage":3,"enemies":"Small Slimes","floor":3,"turns":4},{"damage":12,"enemies":"Looter","floor":4,"turns":4},{"damage":6,"enemies":"Blue Slaver","floor":5,"turns":5},{"damage":30,"enemies":"3 Sentries","floor":6,"turns":11},{"damage":34,"enemies":"Lagavulin","floor":8,"turns":9},{"damage":12,"enemies":"Exordium Wildlife","floor":12,"turns":6},{"damage":2,"enemies":"3 Louse","floor":14,"turns":4},{"damage":4,"enemies":"Slime Boss","floor":16,"turns":10},{"damage":20,"enemies":"Shell Parasite","floor":18,"turns":5},{"damage":51,"enemies":"2 Thieves","floor":19,"turns":5},{"damage":28,"enemies":"Snake Plant","floor":22,"turns":2}],"seed_played":"-8127839519259804963","potions_obtained":[{"floor":3,"key":"Weak Potion"},{"floor":5,"key":"BlessingOfTheForge"},{"floor":8,"key":"PotionOfCapacity"},{"floor":10,"key":"Regen Potion"},{"floor":14,"key":"LiquidBronze"}],"is_trial":false,"path_per_floor":["M","M","M","M","M","E","R","E","T","?","$","M","?","M","R","B",null,"M","M","?","$","M"],"character_chosen":"DEFECT","items_purchased":["Fission","Loop","Force Field"],"campfire_rested":0,"item_purchase_floors":[11,21,21],"current_hp_per_floor":[75,75,75,70,71,48,48,24,24,24,24,47,47,47,47,53,77,67,26,26,26,0,0],"gold":8,"neow_bonus":"BOSS_RELIC","is_daily":false,"chose_seed":false,"campfire_upgraded":2,"win_rate":0.0,"timestamp":1611722686,"path_taken":["M","M","M","M","M","E","R","E","T","?","?","?","?","M","R","BOSS","M","M","?","$","M"],"items_purchased_type":["Card","Card","Card"],"build_version":"2020-12-22","purchased_purges":1,"victory":false,"max_hp_per_floor":[75,75,75,75,75,75,75,75,75,75,75,75,75,77,77,77,77,77,77,77,77,77,77],"relic_stats":{"Singing Bowl":2,"counters":[13,73],"Sundial":[8],"obtain_stats":[{"SlaversCollar":17,"Singing Bowl":9,"Sundial":6,"WingedGreaves":8,"Cracked Core":0,"Nuclear Battery":0},{"SlaversCollar":10,"Singing Bowl":7,"Sundial":6,"WingedGreaves":7,"Cracked Core":0,"Nuclear Battery":0},{"SlaversCollar":61,"Singing Bowl":41,"Sundial":32,"WingedGreaves":41,"Cracked Core":0,"Nuclear Battery":0}]},"card_choices":[{"not_picked":["Turbo","Heatsinks"],"picked":"Self Repair","floor":1},{"not_picked":["Skim","Turbo","Sweeping Beam"],"picked":"SKIP","floor":2},{"not_picked":["Beam Cell","Cold Snap","Rebound"],"picked":"SKIP","floor":3},{"not_picked":["Sweeping Beam","Gash","Barrage"],"picked":"SKIP","floor":4},{"not_picked":["Barrage","Hologram"],"picked":"Conserve Battery","floor":5},{"not_picked":["Leap","Compile Driver"],"picked":"Conserve Battery","floor":6},{"not_picked":["Consume","Sweeping Beam"],"picked":"Amplify","floor":8},{"not_picked":["Sweeping Beam","Hologram"],"picked":"Tempest","floor":12},{"not_picked":["Hello World","Hologram","Glacier"],"picked":"Singing Bowl","floor":14},{"not_picked":["Amplify","Seek"],"picked":"Machine Learning","floor":16},{"not_picked":["Compile Driver","Coolheaded"],"picked":"Double Energy+1","floor":18},{"not_picked":["Coolheaded","Fusion"],"picked":"Self Repair","floor":19}],"player_experience":369148,"relics_obtained":[{"floor":6,"key":"Sundial"},{"floor":8,"key":"WingedGreaves"},{"floor":9,"key":"Singing Bowl"}],"event_choices":[{"damage_healed":0,"gold_gain":0,"player_choice":"Got Potions","damage_taken":0,"max_hp_gain":0,"max_hp_loss":0,"event_name":"Lab","floor":10,"gold_loss":0},{"cards_removed":["Strike_B"],"damage_healed":0,"gold_gain":0,"player_choice":"Card Removal","damage_taken":0,"max_hp_gain":0,"max_hp_loss":0,"event_name":"The Cleric","floor":13,"gold_loss":50},{"damage_healed":0,"gold_gain":0,"cards_transformed":["Strike_B","Strike_B"],"player_choice":"Became Test Subject","damage_taken":0,"max_hp_gain":0,"max_hp_loss":0,"event_name":"Drug Dealer","floor":20,"gold_loss":0,"cards_obtained":["Creative AI","Sunder"]}],"is_beta":false,"boss_relics":[{"not_picked":["Snecko Eye","Cursed Key"],"picked":"SlaversCollar"}],"items_purged_floors":[21],"is_endless":false,"potions_floor_spawned":[3,5,8,14],"killed_by":"Snake Plant","ascension_level":0}}