{"host":"19r1ww88x2tc73i0","time":1611758325,"event":{"mods":["BaseMod","BetterRewards","Colored Map","Minty Spire (QoL Compilation)","Relic Stats","StSLib","SuperFastMode","slay the spire mod where everything is the same but ironclad has a cowboy hat"],"gold_per_floor":[116,116,131,181,191,219,219,251,302,302,302],"floor_reached":10,"language":"ENG","playtime":340,"items_purged":[],"score":152,"play_id":"a84768d1-ccf2-4f5b-995b-4de94a7780ed","local_time":"25640127213845","is_ascension_mode":true,"campfire_choices":[{"data":"Die Die Die","floor":7.0,"key":"SMITH"}],"circlet_count":0,"master_deck":["AscendersBane","Strike_G","Strike_G","Strike_G","Strike_G","Strike_G","Defend_G","Defend_G","Defend_G","Defend_G","Defend_G","Survivor","Neutralize","Die Die Die+1","Poisoned Stab","Blade Dance","Deadly Poison","Malaise","Die Die Die"],"relics":["Ring of the Snake","Pantograph","MealTicket","Toy Ornithopter"],"acts_visited":["Exordium"],"potions_floor_usage":[],"damage_taken":[{"damage":1.0,"enemies":"Cultist","floor":1.0,"turns":4.0},{"damage":0.0,"enemies":"Small Slimes","floor":3.0,"turns":2.0},{"damage":0.0,"enemies":"Jaw Worm","floor":5.0,"turns":5.0},{"damage":12.0,"enemies":"3 Sentries","floor":6.0,"turns":7.0},{"damage":7.0,"enemies":"Lagavulin","floor":8.0,"turns":7.0},{"damage":36,"enemies":"Gremlin Nob","floor":10,"turns":3}],"seed_played":"-7285460684153643854","potions_obtained":[{"floor":5.0,"key":"Fire Potion"},{"floor":6.0,"key":"DistilledChaos"}],"is_trial":false,"path_per_floor":["M","$","M","?","M","E","R","E","T","E"],"character_chosen":"THE_SILENT","items_purchased":[],"campfire_rested":0,"item_purchase_floors":[],"current_hp_per_floor":[58,58,58,52,52,40,40,33,33,0,0],"gold":302,"neow_bonus":"ONE_RANDOM_RARE_CARD","is_daily":false,"chose_seed":false,"campfire_upgraded":1,"win_rate":0.0,"timestamp":1611758325,"path_taken":["M","?","M","?","M","E","R","E","T","E"],"items_purchased_type":[],"build_version":"2020-12-22","purchased_purges":0,"victory":false,"max_hp_per_floor":[66,66,66,66,66,66,66,66,66,66,66],"relic_stats":{"counters":[6,28],"Pantograph":0,"MealTicket":0,"obtain_stats":[{"Pantograph":6,"MealTicket":8,"Toy Ornithopter":9,"Ring of the Snake":0},{"Pantograph":4,"MealTicket":5,"Toy Ornithopter":5,"Ring of the Snake":0},{"Pantograph":18,"MealTicket":25,"Toy Ornithopter":25,"Ring of the Snake":0}],"Toy Ornithopter":0,"Ring of the Snake":[12]},"card_choices":[{"not_picked":["Cloak And Dagger","Finisher"],"picked":"Poisoned Stab","floor":1.0},{"not_picked":["Cloak And Dagger","Expertise"],"picked":"Blade Dance","floor":3.0},{"not_picked":["Sucker Punch","Blade Dance"],"picked":"Deadly Poison","floor":5.0},{"not_picked":["Poisoned Stab","Bane"],"picked":"Malaise","floor":6.0},{"not_picked":["Underhanded Strike","Prepared"],"picked":"Die Die Die","floor":8.0}],"player_experience":959524,"relics_obtained":[{"floor":6.0,"key":"Pantograph"},{"floor":8.0,"key":"MealTicket"},{"floor":9.0,"key":"Toy Ornithopter"}],"event_choices":[{"damage_healed":0.0,"max_hp_gain":0.0,"max_hp_loss":0.0,"gold_gain":50.0,"event_name":"FaceTrader","player_choice":"Touch","floor":4.0,"gold_loss":0.0,"damage_taken":6.0}],"is_beta":false,"boss_relics":[],"items_purged_floors":[],"is_endless":false,"potions_floor_spawned":[5,6],"killed_by":"Gremlin Nob","ascension_level":20}}