{"host":"a1eatafr7pisesky","time":1611761391,"event":{"mods":["AchievementEnabler","BaseMod","Colored Map","Keyboard Shortcuts","Minty Spire (QoL Compilation)","Say the Spire","StSLib","SuperFastMode","everything is the same but u backflip on backflip"],"gold_per_floor":[117,42,42,42,117,117,142,142,142,171,171,67,67,100,100,203,203,215,234,86,105,132,157,157,171,240,240,252,252,252,265,265,265,265],"floor_reached":33,"language":"KOR","playtime":717,"items_purged":["Strike_P","Defend_P"],"score":456,"play_id":"042c6cd4-20b0-466b-91b6-32baaa41bb72","local_time":"20210128002951","is_ascension_mode":true,"campfire_choices":[{"data":"Eruption","floor":6.0,"key":"SMITH"},{"data":"MentalFortress","floor":8.0,"key":"SMITH"},{"data":"WheelKick","floor":11.0,"key":"SMITH"},{"data":"Adaptation","floor":15.0,"key":"SMITH"},{"floor":24.0,"key":"REST"},{"floor":32.0,"key":"DIG"}],"circlet_count":0,"master_deck":["AscendersBane","Strike_P","Strike_P","Eruption+1","Vigilance+1","WheelKick+1","MentalFortress+1","Adaptation+1","FlurryOfBlows","LessonLearned","Ragnarok+1","ThirdEye+1","MasterReality+1","EmptyFist+1","FearNoEvil","InnerPeace+1"],"relics":["PureWater","NeowsBlessing","HornCleat","TeardropLocket","Odd Mushroom","PreservedInsect","Astrolabe","Red Mask","Shovel","Bottled Flame","Nilry\u0027s Codex","StoneCalendar"],"acts_visited":["Exordium","TheCity"],"potions_floor_usage":[33,33],"damage_taken":[{"damage":0.0,"enemies":"Cultist","floor":1.0,"turns":1.0},{"damage":0.0,"enemies":"3 Sentries","floor":7.0,"turns":2.0},{"damage":0.0,"enemies":"The Mushroom Lair","floor":10.0,"turns":2.0},{"damage":16.0,"enemies":"Gremlin Nob","floor":14.0,"turns":3.0},{"damage":20.0,"enemies":"Hexaghost","floor":16.0,"turns":8.0},{"damage":0.0,"enemies":"Shell Parasite","floor":18.0,"turns":1.0},{"damage":25.0,"enemies":"2 Thieves","floor":19.0,"turns":4.0},{"damage":8.0,"enemies":"Centurion and Healer","floor":21.0,"turns":3.0},{"damage":9.0,"enemies":"Masked Bandits","floor":22.0,"turns":2.0},{"damage":1.0,"enemies":"Book of Stabbing","floor":23.0,"turns":3.0},{"damage":14.0,"enemies":"Cultist and Chosen","floor":25.0,"turns":5.0},{"damage":0.0,"enemies":"Snake Plant","floor":28.0,"turns":1.0},{"damage":0.0,"enemies":"Centurion and Healer","floor":31.0,"turns":4.0},{"damage":14,"enemies":"Automaton","floor":33,"turns":6}],"seed_played":"3852199440630877094","potions_obtained":[{"floor":14.0,"key":"Fruit Juice"},{"floor":16.0,"key":"BlessingOfTheForge"},{"floor":23.0,"key":"Weak Potion"},{"floor":28.0,"key":"StancePotion"}],"is_trial":false,"path_per_floor":["M","$","?","$","?","R","E","R","T","?","R","$","?","E","R","B",null,"M","M","$","M","?","E","R","M","T","?","M","?","?","M","R","B"],"character_chosen":"WATCHER","items_purchased":["Adaptation","FlurryOfBlows","PowerPotion"],"campfire_rested":1,"item_purchase_floors":[12,12,20],"current_hp_per_floor":[65,65,65,65,54,54,54,54,54,54,54,54,72,56,56,36,63,63,38,43,35,26,25,48,34,34,34,34,18,18,18,18,4,4],"gold":265,"neow_bonus":"THREE_ENEMY_KILL","is_daily":false,"chose_seed":false,"campfire_upgraded":4,"win_rate":0.0,"timestamp":1611761391,"path_taken":["M","$","?","?","?","R","E","R","T","?","R","$","?","E","R","BOSS","M","M","$","M","?","E","R","M","T","?","M","?","?","?","R","BOSS"],"items_purchased_type":["Card","Card","Potion"],"build_version":"2020-12-22","purchased_purges":2,"victory":false,"max_hp_per_floor":[72,72,72,72,72,72,72,72,72,72,72,72,72,72,72,72,72,72,72,77,77,77,77,77,77,77,77,77,77,77,77,77,77,77],"card_choices":[{"not_picked":["ClearTheMind","WindmillStrike"],"picked":"WheelKick","floor":1.0},{"not_picked":["WaveOfTheHand","Crescendo"],"picked":"MentalFortress","floor":7.0},{"not_picked":["PathToVictory","Omniscience","CutThroughFate"],"picked":"SKIP","floor":14.0},{"not_picked":["Brilliance","DevaForm"],"picked":"LessonLearned","floor":16.0},{"not_picked":["TalkToTheHand","EmptyBody+1"],"picked":"EmptyFist","floor":18.0},{"not_picked":["Weave","Evaluate","BowlingBash"],"picked":"SKIP","floor":19.0},{"not_picked":["Protect+1","BattleHymn","Study"],"picked":"SKIP","floor":21.0},{"not_picked":["Fasting2","Blasphemy","PathToVictory+1"],"picked":"SKIP","floor":23.0},{"not_picked":["Fasting2","Blasphemy","PathToVictory+1"],"picked":"SKIP","floor":23.0},{"not_picked":["ThirdEye","CutThroughFate","WaveOfTheHand"],"picked":"SKIP","floor":25.0},{"not_picked":["DeusExMachina","WheelKick","JustLucky"],"picked":"SKIP","floor":28.0},{"not_picked":["InnerPeace+1","FlyingSleeves","ThirdEye"],"picked":"SKIP","floor":31.0},{"not_picked":["FlyingSleeves","ThirdEye"],"picked":"InnerPeace+1","floor":31.0}],"player_experience":367284,"relics_obtained":[{"floor":7.0,"key":"HornCleat"},{"floor":9.0,"key":"TeardropLocket"},{"floor":10.0,"key":"Odd Mushroom"},{"floor":14.0,"key":"PreservedInsect"},{"floor":22.0,"key":"Red Mask"},{"floor":23.0,"key":"Shovel"},{"floor":26.0,"key":"Bottled Flame"},{"floor":29.0,"key":"Nilry\u0027s Codex"},{"floor":32.0,"key":"StoneCalendar"}],"event_choices":[{"cards_removed":["Defend_P"],"damage_healed":0.0,"max_hp_gain":0.0,"max_hp_loss":0.0,"gold_gain":0.0,"event_name":"Purifier","player_choice":"Purged","floor":3.0,"gold_loss":0.0,"damage_taken":0.0},{"damage_healed":0.0,"max_hp_gain":0.0,"max_hp_loss":0.0,"gold_gain":75.0,"event_name":"World of Goop","player_choice":"Gather Gold","floor":5.0,"gold_loss":0.0,"damage_taken":11.0},{"damage_healed":0.0,"max_hp_gain":0.0,"max_hp_loss":0.0,"gold_gain":0.0,"event_name":"Mushrooms","player_choice":"Fought Mushrooms","floor":10.0,"gold_loss":0.0,"damage_taken":0.0},{"damage_healed":18.0,"max_hp_gain":0.0,"max_hp_loss":0.0,"gold_gain":0.0,"event_name":"Wheel of Change","player_choice":"Full Heal","floor":13.0,"gold_loss":0.0,"damage_taken":0.0},{"damage_healed":0.0,"max_hp_gain":0.0,"max_hp_loss":0.0,"gold_gain":0.0,"event_name":"Masked Bandits","player_choice":"Fought Bandits","floor":22.0,"gold_loss":0.0,"damage_taken":0.0},{"damage_healed":0.0,"max_hp_gain":0.0,"max_hp_loss":0.0,"gold_gain":0.0,"event_name":"Vampires","player_choice":"Ignored","floor":27.0,"gold_loss":0.0,"damage_taken":0.0},{"damage_healed":0.0,"max_hp_gain":0.0,"max_hp_loss":0.0,"gold_gain":0.0,"event_name":"Cursed Tome","player_choice":"Obtained Book","floor":29.0,"gold_loss":0.0,"damage_taken":16.0},{"damage_healed":0.0,"max_hp_gain":0.0,"max_hp_loss":0.0,"gold_gain":0.0,"event_name":"The Library","player_choice":"Read","floor":30.0,"gold_loss":0.0,"damage_taken":0.0,"cards_obtained":["FearNoEvil"]}],"is_beta":false,"boss_relics":[{"not_picked":["Pandora\u0027s Box","Coffee Dripper"],"picked":"Astrolabe"}],"items_purged_floors":[2,20],"is_endless":false,"potions_floor_spawned":[14,16,18,23,25,28,31],"killed_by":"Automaton","ascension_level":11}}