{"host":"f5n4tidiz2n5sooh","time":1611710143,"event":{"mods":["BaseMod","Colored Map","Minty Spire (QoL Compilation)","Relic Stats","Slay the Relics Exporter","StSLib"],"gold_per_floor":[110,125,50,50,50,50,84,84,84,107,147,147,188,208,208,304,304,329,352,352,402,416,416,416,416],"floor_reached":24,"language":"ENG","playtime":688,"items_purged":[],"score":478,"play_id":"7fcd92fb-5574-42c0-8f64-076e34082b3d","local_time":"20210126191543","is_ascension_mode":true,"campfire_choices":[{"data":"Hyperbeam","floor":6,"key":"SMITH"},{"data":"Coolheaded","floor":8,"key":"SMITH"},{"floor":12,"key":"REST"},{"data":"Meteor Strike","floor":15,"key":"SMITH"},{"floor":23,"key":"REST"}],"circlet_count":0,"master_deck":["AscendersBane","Strike_B","Strike_B","Strike_B","Defend_B","Defend_B","Defend_B","Defend_B","Zap","Dualcast","Ball Lightning","Hyperbeam+1","Coolheaded+1","Ball Lightning","Meteor Strike+1","Conserve Battery","Cold Snap","Seek","Steam+1","Ghostly","Ghostly","Ghostly"],"relics":["Nuclear Battery","Golden Idol","Orichalcum","Pantograph","Potion Belt","PreservedInsect","Lizard Tail","SacredBark"],"acts_visited":["Exordium","TheCity"],"potions_floor_usage":[11,11,16,16,16,22],"damage_taken":[{"damage":4,"enemies":"Jaw Worm","floor":1,"turns":5},{"damage":10,"enemies":"2 Louse","floor":2,"turns":3},{"damage":24,"enemies":"Lagavulin","floor":7,"turns":5},{"damage":0,"enemies":"Small Slimes","floor":10,"turns":2},{"damage":0,"enemies":"Gremlin Nob","floor":11,"turns":2},{"damage":5,"enemies":"3 Sentries","floor":13,"turns":3},{"damage":0,"enemies":"Red Slaver","floor":14,"turns":1},{"damage":56,"enemies":"Hexaghost","floor":16,"turns":10},{"damage":23,"enemies":"Spheric Guardian","floor":18,"turns":4},{"damage":20,"enemies":"Shell Parasite","floor":19,"turns":3},{"damage":26,"enemies":"Centurion and Healer","floor":22,"turns":5},{"damage":21,"enemies":"Slavers","floor":24,"turns":3}],"seed_played":"5971175122383420470","potions_obtained":[{"floor":2,"key":"FairyPotion"},{"floor":10,"key":"EntropicBrew"},{"floor":14,"key":"Fire Potion"},{"floor":16,"key":"Ancient Potion"},{"floor":19,"key":"FocusPotion"}],"is_trial":false,"path_per_floor":["M","M","?","?","?","R","E","R","T","M","E","R","E","M","R","B",null,"M","M","?","?","M","R","E"],"character_chosen":"DEFECT","items_purchased":[],"campfire_rested":2,"item_purchase_floors":[],"current_hp_per_floor":[60,50,50,50,50,50,26,26,26,26,26,45,40,40,40,8,50,27,7,7,7,3,12,0,0],"gold":416,"neow_bonus":"BOSS_RELIC","is_daily":false,"chose_seed":false,"campfire_upgraded":3,"win_rate":0.0,"timestamp":1611710143,"path_taken":["M","M","?","?","?","R","E","R","T","M","E","R","E","M","R","BOSS","M","M","?","?","M","R","E"],"items_purchased_type":[],"build_version":"2020-12-22","purchased_purges":0,"victory":false,"max_hp_per_floor":[71,71,71,64,64,64,64,64,64,64,64,64,64,64,64,64,64,64,64,32,32,32,32,32,32],"relic_stats":{"Lizard Tail":16,"counters":[12,46],"Golden Idol":64,"Pantograph":24,"PreservedInsect":74,"Orichalcum":[66],"obtain_stats":[{"Potion Belt":9,"Lizard Tail":13,"Golden Idol":4,"Pantograph":7,"SacredBark":17,"PreservedInsect":11,"Orichalcum":5,"Cracked Core":0,"Nuclear Battery":0},{"Potion Belt":3,"Lizard Tail":6,"Golden Idol":2,"Pantograph":3,"SacredBark":8,"PreservedInsect":5,"Orichalcum":2,"Cracked Core":0,"Nuclear Battery":0},{"Potion Belt":13,"Lizard Tail":20,"Golden Idol":8,"Pantograph":13,"SacredBark":31,"PreservedInsect":17,"Orichalcum":8,"Cracked Core":0,"Nuclear Battery":0}]},"card_choices":[{"not_picked":["Cold Snap","Go for the Eyes"],"picked":"Ball Lightning","floor":1},{"not_picked":["Go for the Eyes","Rebound"],"picked":"Hyperbeam","floor":2},{"not_picked":["Sweeping Beam","Streamline"],"picked":"Coolheaded","floor":7},{"not_picked":["Beam Cell","Turbo"],"picked":"Ball Lightning","floor":10},{"not_picked":["Heatsinks","Amplify"],"picked":"Meteor Strike","floor":11},{"not_picked":["Hologram","Leap"],"picked":"Conserve Battery","floor":13},{"not_picked":["Barrage","Reprogram"],"picked":"Cold Snap","floor":14},{"not_picked":["Meteor Strike","Creative AI"],"picked":"Seek","floor":16},{"not_picked":["Hologram","Turbo","BootSequence"],"picked":"SKIP","floor":18},{"not_picked":["Rebound","Force Field"],"picked":"Steam+1","floor":19},{"not_picked":["Beam Cell","Rebound+1","Cold Snap"],"picked":"SKIP","floor":22}],"player_experience":2032498,"relics_obtained":[{"floor":7,"key":"Pantograph"},{"floor":9,"key":"Potion Belt"},{"floor":11,"key":"PreservedInsect"},{"floor":13,"key":"Lizard Tail"}],"event_choices":[{"cards_removed":["Strike_B"],"damage_healed":0,"gold_gain":0,"player_choice":"Card Removal","damage_taken":0,"max_hp_gain":0,"max_hp_loss":0,"event_name":"The Cleric","floor":3,"gold_loss":75},{"damage_healed":0,"gold_gain":0,"player_choice":"Lose Max HP","damage_taken":0,"relics_obtained":["Golden Idol"],"max_hp_gain":0,"max_hp_loss":7,"event_name":"Golden Idol","floor":4,"gold_loss":0},{"damage_healed":0,"gold_gain":0,"player_choice":"Gave Potion","damage_taken":0,"relics_obtained":["Orichalcum"],"max_hp_gain":0,"max_hp_loss":0,"event_name":"WeMeetAgain","floor":5,"gold_loss":0},{"damage_healed":0,"gold_gain":0,"player_choice":"Became a Ghost","damage_taken":0,"max_hp_gain":0,"max_hp_loss":32,"event_name":"Ghosts","floor":20,"gold_loss":0,"cards_obtained":["Ghostly","Ghostly","Ghostly"]},{"damage_healed":0,"gold_gain":50,"player_choice":"Stole From Cult","damage_taken":0,"max_hp_gain":0,"max_hp_loss":0,"event_name":"Nest","floor":21,"gold_loss":0}],"is_beta":false,"boss_relics":[{"not_picked":["Velvet Choker","Tiny House"],"picked":"SacredBark"}],"items_purged_floors":[],"is_endless":false,"potions_floor_spawned":[2,10,14,16,19],"killed_by":"Slavers","ascension_level":20}}