{"host":"takgv9cv6xf64vhq","time":1611742039,"event":{"mods":["BaseMod","Colored Powertips","Hubris","LagranYue(拉格朗・月)","Marisa（F雨　魔理沙）","Minty Spire (QoL Compilation)","Replay The Spire","StSLib","The Animator","The Cursed","The Jungle","TheHeartMod"],"gold_per_floor":[109,41,41,41,51,51,62,62,62,75,109,162,162,162,162,162,162],"floor_reached":16,"language":"ZHS","playtime":554,"items_purged":[],"score":103,"play_id":"7512406a-9d28-48cd-82f5-3d205e3573d3","local_time":"20210127180719","is_ascension_mode":true,"campfire_choices":[{"data":"Eruption","floor":6.0,"key":"SMITH"},{"data":"Evaluate","floor":15.0,"key":"SMITH"}],"circlet_count":0,"master_deck":["Strike_P","Strike_P","Strike_P","Strike_P","Defend_P","Defend_P","Defend_P","Eruption+1","Vigilance","Sanctity","Worship","Sanctity","DeceiveReality","Evaluate+1","MentalFortress","Regret"],"relics":["PureWater","NeowsBlessing","hubris:Towel","Kunai","Pen Nib","LagranYue:MagicReflectiveArmorRelic","Strawberry","hubris:Icosahedron"],"acts_visited":["Exordium"],"potions_floor_usage":[],"damage_taken":[{"damage":0.0,"enemies":"Cultist","floor":1.0,"turns":1.0},{"damage":0.0,"enemies":"Jaw Worm","floor":5.0,"turns":1.0},{"damage":0.0,"enemies":"2 Louse","floor":7.0,"turns":1.0},{"damage":0.0,"enemies":"2 Fungi Beasts","floor":10.0,"turns":2.0},{"damage":47.0,"enemies":"Lagavulin","floor":11.0,"turns":13.0},{"damage":32,"enemies":"Fading Forest","floor":16,"turns":9}],"seed_played":"-5059221616311275163","potions_obtained":[{"floor":1.0,"key":"Explosive Potion"},{"floor":7.0,"key":"Weak Potion"}],"is_trial":false,"path_per_floor":["M","$","?","?","M","R","M","?","T","M","E","T","?","?","R","B"],"character_chosen":"WATCHER","items_purchased":["Worship"],"campfire_rested":0,"item_purchase_floors":[2],"current_hp_per_floor":[72,72,72,72,72,72,72,72,72,72,25,25,32,32,32,0,0],"gold":162,"neow_bonus":"THREE_ENEMY_KILL","is_daily":false,"chose_seed":false,"campfire_upgraded":2,"win_rate":0.0,"timestamp":1611742039,"path_taken":["M","$","?","?","M","R","M","?","T","?","E","?","?","?","R","BOSS"],"items_purchased_type":["Card"],"build_version":"2020-12-22","purchased_purges":0,"victory":false,"max_hp_per_floor":[72,72,72,72,72,72,72,72,72,72,72,72,79,79,79,79,79],"card_choices":[{"not_picked":["SashWhip","CutThroughFate"],"picked":"Sanctity","floor":1.0},{"not_picked":["BowlingBash","FollowUp"],"picked":"Sanctity","floor":5.0},{"not_picked":["FlyingSleeves","Tantrum"],"picked":"DeceiveReality","floor":7.0},{"not_picked":["Meditate","MasterReality"],"picked":"Evaluate","floor":10.0},{"not_picked":["SashWhip","Wallop"],"picked":"MentalFortress","floor":11.0}],"player_experience":115127,"relics_obtained":[{"floor":9.0,"key":"Kunai"},{"floor":11.0,"key":"Pen Nib"},{"floor":12.0,"key":"LagranYue:MagicReflectiveArmorRelic"}],"event_choices":[{"damage_healed":0.0,"max_hp_gain":0.0,"max_hp_loss":0.0,"gold_gain":0.0,"event_name":"The Cleric","player_choice":"Leave","floor":4.0,"gold_loss":0.0,"damage_taken":0.0},{"cards_removed":["Defend_P"],"damage_healed":0.0,"max_hp_gain":0.0,"max_hp_loss":0.0,"gold_gain":0.0,"event_name":"Bonfire Elementals","player_choice":"Offered Basic","floor":8.0,"gold_loss":0.0,"damage_taken":0.0},{"damage_healed":0.0,"max_hp_gain":0.0,"max_hp_loss":0.0,"gold_gain":0.0,"event_name":"Big Fish","player_choice":"Box","floor":13.0,"gold_loss":0.0,"damage_taken":0.0,"relics_obtained":["Strawberry"],"cards_obtained":["Regret"]}],"is_beta":false,"boss_relics":[],"items_purged_floors":[],"is_endless":false,"potions_floor_spawned":[1,7],"killed_by":"Fading Forest","ascension_level":1}}