{"host":"r5cycnjhcbwgkpkf","time":1611722852,"event":{"mods":["2.2 Compatiblity","AchievementEnabler","BaseMod","Bestiary","Better Altar","Better Match","Better Note","Better Skull","Better Third Choice","BetterRewards","Colored Map","Colored Powertips","Infinite Spire","Minty Spire (QoL Compilation)","Reliquary","Replay The Spire","Spicy Shops","StSLib"],"gold_per_floor":[113,113,127,145,158,158,233,233,257,257,80,110,24,24,24,100,100,110,110,110,110,123,123,123,158,182,182,182,182,194,144,144,218,218,231,231,246,246,246,246,281,281,307,321,321,321],"floor_reached":45,"language":"ENG","playtime":1838,"items_purged":["Strike_R","Strike_R"],"score":1264,"play_id":"98b3e512-4a27-4515-a40b-82754e9b4baa","local_time":"20210126204732","is_ascension_mode":true,"campfire_choices":[{"data":"ReplayTheSpireMod:Muscle Training","floor":6.0,"key":"SMITH"},{"data":"Bash","floor":8.0,"key":"SMITH"},{"data":"Spot Weakness","floor":10.0,"key":"SMITH"},{"floor":15.0,"key":"REST"},{"data":"Hemokinesis","floor":23,"key":"SMITH"},{"data":"Rampage","floor":27,"key":"SMITH"},{"floor":29,"key":"REST"},{"floor":32,"key":"REST"},{"floor":40,"key":"REST"},{"floor":42,"key":"REST"}],"circlet_count":0,"master_deck":["AscendersBane","Strike_R+1","Strike_R","Strike_R","Defend_R+1","Defend_R","Defend_R+1","Bash+1","Metallicize+1","Spot Weakness+1","ReplayTheSpireMod:Muscle Training+1","Rampage+1","ReplayTheSpireMod:??????????????????????+1","Hemokinesis+1","Double Tap+1","Cleave+1","Reaper+1","Feed+1"],"relics":["Burning Blood","Anchor","HandDrill","Gremlin Food","ReplayTheSpireMod:CursedCoin","Dream Catcher","Nunchaku","Juzu Bracelet","SlaversCollar","reliquary:QuartzCube","reliquary:RosewoodLute","reliquary:PartyBalloon","infinitespire:Burning Sword","Turnip","Oddly Smooth Stone","reliquary:WeakTea"],"acts_visited":["Exordium","TheCity","TheBeyond"],"potions_floor_usage":[30,33,41,44],"damage_taken":[{"damage":0.0,"enemies":"2 Louse","floor":1.0,"turns":2.0},{"damage":0.0,"enemies":"Cultist","floor":3.0,"turns":4.0},{"damage":0.0,"enemies":"Jaw Worm","floor":4.0,"turns":3.0},{"damage":8.0,"enemies":"Looter","floor":5.0,"turns":5.0},{"damage":34.0,"enemies":"3 Sentries","floor":12.0,"turns":11.0},{"damage":6.0,"enemies":"Exordium Thugs","floor":13.0,"turns":5.0},{"damage":16.0,"enemies":"Slime Boss","floor":16.0,"turns":8.0},{"damage":0.0,"enemies":"Spheric Guardian","floor":18.0,"turns":2.0},{"damage":22,"enemies":"Shell Parasite","floor":22,"turns":3},{"damage":2,"enemies":"Gremlin Leader","floor":25,"turns":2},{"damage":19,"enemies":"Snake Plant","floor":30,"turns":3},{"damage":68,"enemies":"Collector","floor":33,"turns":7},{"damage":31,"enemies":"Orb Walker","floor":35,"turns":4},{"damage":24,"enemies":"3 Darklings","floor":37,"turns":5},{"damage":47,"enemies":"Reptomancer","floor":41,"turns":4},{"damage":19,"enemies":"Jaw Worm Horde","floor":44,"turns":3},{"damage":67,"enemies":"Spire Growth","floor":45,"turns":4}],"seed_played":"250908772231838732","potions_obtained":[{"floor":1.0,"key":"SneckoOil"},{"floor":12.0,"key":"PowerPotion"},{"floor":13.0,"key":"Elixir"},{"floor":25,"key":"Milkshake"},{"floor":30,"key":"Fruit Juice"},{"floor":33,"key":"ColorlessPotion"},{"floor":35,"key":"FearPotion"}],"is_trial":false,"path_per_floor":["M","?","M","M","M","R","$","R","T","R","$","E","M","?","R","B",null,"M","?","?","?","M","R","AVR","E","T","R","?","R","M","?","R","B",null,"M","?","M","AVR","?","R","E","R","T","M","M"],"character_chosen":"IRONCLAD","items_purchased":["Anchor","Metallicize","HandDrill","Gremlin Food","Explosive Potion","ReplayTheSpireMod:CursedCoin","Nunchaku","Rampage","BloodPotion"],"campfire_rested":5,"item_purchase_floors":[0,0,0,0,0,7,11,11,11],"current_hp_per_floor":[47,47,53,59,57,57,57,57,57,57,57,44,44,25,47,37,66,72,72,72,72,56,56,56,60,60,60,38,60,52,52,76,14,64,55,55,62,62,62,80,60,80,80,67,0,0],"gold":321,"neow_bonus":"","is_daily":false,"chose_seed":false,"campfire_upgraded":5,"win_rate":0.0,"timestamp":1611722852,"path_taken":["M","?","M","?","M","R","$","R","T","R","?","E","M","?","R","BOSS","M","?","?","?","M","R","AVR","E","T","R","?","R","M","?","R","BOSS","M","?","M","AVR","?","R","E","R","T","M","M"],"items_purchased_type":["Relic","Card","Relic","Relic","Potion","Relic","Relic","Card","Potion"],"build_version":"2020-12-22","purchased_purges":2,"victory":false,"max_hp_per_floor":[75,75,75,75,75,75,75,75,75,75,75,75,75,75,75,75,75,75,75,75,75,75,75,75,75,75,75,75,75,80,80,80,80,80,80,80,80,80,80,80,80,80,80,80,80,80],"card_choices":[{"not_picked":["Run Through","Flex"],"picked":"Spot Weakness","floor":1.0},{"not_picked":["Metallicize","Rage","Warcry"],"picked":"SKIP","floor":3.0},{"not_picked":["Cleave","Pommel Strike"],"picked":"ReplayTheSpireMod:Muscle Training","floor":4.0},{"not_picked":["Body Slam","Demon Form","Sword Boomerang"],"picked":"SKIP","floor":5.0},{"not_picked":["ReplayTheSpireMod:Strike From Hell","Armaments","Demon Form"],"picked":"SKIP","floor":12.0},{"not_picked":["infinitespire:OneForAll","Feel No Pain","Power Through"],"picked":"SKIP","floor":13.0},{"not_picked":["ReplayTheSpireMod:Black Plague","infinitespire:SealOfDarkness+"],"picked":"ReplayTheSpireMod:??????????????????????","floor":14.0},{"not_picked":["Clothesline","Thunderclap"],"picked":"Hemokinesis","floor":15.0},{"not_picked":["Brutality","Demon Form"],"picked":"Double Tap","floor":16.0},{"not_picked":["Twin Strike+1","Havoc"],"picked":"Cleave","floor":18.0},{"not_picked":["Cleave","Perfected Strike","Rage"],"picked":"SKIP","floor":22},{"not_picked":["Shrug It Off","infinitespire:OneForAll+1","Massacre"],"picked":"SKIP","floor":25},{"not_picked":["Havoc","Clothesline","Rupture"],"picked":"SKIP","floor":30},{"not_picked":["Demonic Infusion","Impervious"],"picked":"Reaper","floor":33},{"not_picked":["Wild Strike","ReplayReversal+1","Havoc"],"picked":"SKIP","floor":35},{"not_picked":["Havoc","Pommel Strike","Clothesline"],"picked":"SKIP","floor":37},{"not_picked":["Run Through","Shrug It Off+1"],"picked":"Feed","floor":41},{"not_picked":["Wild Strike","Anger","Clash"],"picked":"SKIP","floor":44}],"player_experience":389040,"relics_obtained":[{"floor":9.0,"key":"Dream Catcher"},{"floor":12.0,"key":"Juzu Bracelet"},{"floor":25,"key":"reliquary:RosewoodLute"},{"floor":26,"key":"reliquary:PartyBalloon"},{"floor":41,"key":"Oddly Smooth Stone"},{"floor":43,"key":"reliquary:WeakTea"}],"event_choices":[{"damage_healed":0.0,"max_hp_gain":0.0,"max_hp_loss":0.0,"gold_gain":0.0,"event_name":"Upgrade Shrine","player_choice":"Upgraded","floor":2.0,"gold_loss":0.0,"damage_taken":0.0,"cards_upgraded":["Metallicize"]},{"damage_healed":0.0,"max_hp_gain":0.0,"max_hp_loss":0.0,"gold_gain":0.0,"event_name":"Vampires","player_choice":"Ignored","floor":19.0,"gold_loss":0.0,"damage_taken":0.0},{"damage_healed":0.0,"max_hp_gain":0.0,"max_hp_loss":0.0,"gold_gain":0.0,"event_name":"Accursed Blacksmith","player_choice":"Forge","floor":20.0,"gold_loss":0.0,"damage_taken":0.0,"cards_upgraded":["Double Tap"]},{"damage_healed":0,"gold_gain":0,"player_choice":" Potion ","damage_taken":22,"relics_obtained":[],"max_hp_gain":60,"max_hp_loss":38,"event_name":"betterAltar:BetterAltar","floor":28,"potions_obtained":["betterAltar:AltarPotion"],"relics_lost":[],"gold_loss":0},{"damage_healed":0,"gold_gain":0,"player_choice":"Upgrade","damage_taken":0,"max_hp_gain":0,"max_hp_loss":0,"event_name":"Designer","floor":31,"gold_loss":50,"cards_upgraded":["Cleave"]},{"damage_healed":0,"gold_gain":0,"player_choice":"Upgraded","damage_taken":0,"max_hp_gain":0,"max_hp_loss":0,"event_name":"Upgrade Shrine","floor":36,"gold_loss":0,"cards_upgraded":["Reaper"]},{"cards_removed":["Defend_R"],"damage_healed":0,"gold_gain":0,"player_choice":"Removed Skill","damage_taken":0,"max_hp_gain":0,"max_hp_loss":0,"event_name":"Falling","floor":39,"gold_loss":0}],"is_beta":false,"boss_relics":[{"not_picked":["Snecko Eye","reliquary:Ember"],"picked":"SlaversCollar"},{"not_picked":["Electric Blood","Replay:Bronze Core"],"picked":"infinitespire:Burning Sword"}],"items_purged_floors":[7,24],"is_endless":false,"potions_floor_spawned":[1,12,13,16,25,30,33,35],"killed_by":"Spire Growth","ascension_level":20}}