{"host":"xvjtz0l6trtfk8cl","time":1611761644,"event":{"mods":["BaseMod","Better Altar","Better Third Choice","Downfall","Fox Events","Hermit","Magitek Elite","Minty Spire (QoL Compilation)","StSLib","The Bladedancer","The Death Knight","The Hierophant","The Necromancer","Waifu the Spire"],"gold_per_floor":[115,69,81,92,92,77,94,94,117,117,132,143,130,130,130,110,110],"floor_reached":16,"language":"ENG","playtime":874,"items_purged":[],"score":104,"play_id":"4c897fb8-cbdf-4fca-a852-ac37b19b150e","local_time":"20210127093404","is_ascension_mode":false,"campfire_choices":[{"data":"hierophant:Patience","floor":10,"key":"SMITH"},{"floor":15,"key":"REST"}],"circlet_count":0,"master_deck":["hierophant:Strike_Hierophant","hierophant:Strike_Hierophant","hierophant:Strike_Hierophant","hierophant:Strike_Hierophant","hierophant:Punish","hierophant:Defend_Hierophant","hierophant:Defend_Hierophant","hierophant:Defend_Hierophant","hierophant:Defend_Hierophant","hierophant:ChurchCoffers","hierophant:Patience+1","hierophant:HolyVerse","hierophant:PassingBell","hierophant:HolyVerse"],"relics":["hierophant:PropheticMaskRelic","NeowsBlessing","Shuriken","Peace Pipe","Centennial Puzzle","Blue Candle"],"acts_visited":["Exordium"],"potions_floor_usage":[6,12,16],"damage_taken":[{"damage":0,"enemies":"Cultist","floor":1,"turns":1},{"damage":0,"enemies":"Jaw Worm","floor":3,"turns":1},{"damage":0,"enemies":"2 Louse","floor":4,"turns":1},{"damage":34,"enemies":"Lagavulin","floor":6,"turns":7},{"damage":4,"enemies":"Blue Slaver","floor":7,"turns":3},{"damage":0,"enemies":"3 Louse","floor":11,"turns":1},{"damage":6,"enemies":"Lots of Slimes","floor":12,"turns":2},{"damage":5,"enemies":"Looter","floor":13,"turns":3},{"damage":49,"enemies":"Slime Boss","floor":16,"turns":6}],"seed_played":"-4029635077701977648","potions_obtained":[{"floor":1,"key":"Ancient Potion"},{"floor":3,"key":"SneckoOil"},{"floor":7,"key":"Dexterity Potion"},{"floor":13,"key":"DuplicationPotion"}],"is_trial":false,"path_per_floor":["M","$","M","M","?","E","M","T","T","R","M","M","M","?","R","B"],"character_chosen":"HIEROPHANT","items_purchased":["hierophant:HolyVerse"],"campfire_rested":1,"item_purchase_floors":[2],"current_hp_per_floor":[75,75,75,75,75,41,37,37,37,37,37,31,26,21,43,0,0],"gold":110,"neow_bonus":"THREE_ENEMY_KILL","is_daily":false,"chose_seed":false,"campfire_upgraded":1,"win_rate":0.0,"timestamp":1611761644,"path_taken":["M","?","M","M","?","E","M","?","T","R","M","?","M","?","R","BOSS"],"items_purchased_type":["Card"],"build_version":"2020-12-22","purchased_purges":0,"victory":false,"max_hp_per_floor":[75,75,75,75,75,75,75,75,75,75,75,75,75,75,75,75,75],"card_choices":[{"not_picked":["hierophant:MirrorShield","hierophant:Glossolalia"],"picked":"hierophant:Patience","floor":1},{"not_picked":["hierophant:Mercenaries","hierophant:Purify","hierophant:FieryStrike"],"picked":"SKIP","floor":3},{"not_picked":["hierophant:Doomsaying","hierophant:CursedGold"],"picked":"hierophant:PassingBell","floor":4},{"not_picked":["hierophant:Embezzle","hierophant:LocustPlague"],"picked":"hierophant:HolyVerse","floor":6},{"not_picked":["hierophant:Prophecy","hierophant:RecallFunds","hierophant:Doomsaying"],"picked":"SKIP","floor":7},{"not_picked":["hierophant:TollTheBells","hierophant:RecallFunds","hierophant:Martyrdom"],"picked":"SKIP","floor":11},{"not_picked":["hierophant:DisplayOfPower","hierophant:SecretStash","hierophant:ArchangelShield"],"picked":"SKIP","floor":12},{"not_picked":["hierophant:Sermon","hierophant:SealAway","hierophant:SecretStash"],"picked":"SKIP","floor":13}],"player_experience":14223,"relics_obtained":[{"floor":6,"key":"Shuriken"},{"floor":8,"key":"Peace Pipe"},{"floor":9,"key":"Centennial Puzzle"}],"event_choices":[{"damage_healed":0,"gold_gain":0,"player_choice":"Ignored","damage_taken":0,"max_hp_gain":0,"max_hp_loss":0,"event_name":"Golden Idol","floor":5,"gold_loss":0}],"is_beta":false,"boss_relics":[],"items_purged_floors":[],"is_endless":false,"potions_floor_spawned":[1,3,7,13],"killed_by":"Slime Boss","ascension_level":0}}