{"host":"0m9qzqwuh9r40nrk","time":1611775882,"event":{"mods":["BaseMod","Conspire","Downfall","Hermit","Hubris","Infinite Spire","Jorbs\u0027s Wanderer Trilogy","Minty Spire (QoL Compilation)","Quick Restart","Replay The Spire","Shop Mod","StSLib","The Animator","The Construct","The Cursed","The Disciple","The Hierophant","The Necromancer","The Runesmith","everything is the same but u backflip on backflip"],"gold_per_floor":[119,119,119,119,138,138,88,114,114,144,25,25,25],"floor_reached":12,"language":"ENG","playtime":1560,"items_purged":["Summon_Vampire_Lady"],"score":101,"play_id":"2e9c666a-eab8-4c2f-b2a1-2c4458e53486","local_time":"20210127113122","daily_mods":["SealedDeck","Elite Swarm"],"is_ascension_mode":true,"campfire_choices":[{"data":"Bones_to_Steel","floor":6,"key":"SMITH"}],"circlet_count":0,"master_deck":["Thousand_Bone_Knives","Bone_Armor","Bone_Armor","Bone_Shift","Consume_Illness","Bone_Armory","Death_March_Dance","Thousand_Bone_Knives","Bone_Bullets+1","Bones_to_Steel+1","Summon_Lich","Summon_Vampire_Lady","Summon_Death_Knight","Summon_Undead_Army"],"relics":["Vampire_Amulet","replay:Trail_Library","infinitespire:PuzzleCube","hubris:Towel","Pantograph","infinitespire:Lychee Nut","The Courier"],"acts_visited":["Exordium"],"potions_floor_usage":[8],"damage_taken":[{"damage":12,"enemies":"Jaw Worm","floor":1,"turns":2},{"damage":8,"enemies":"2 Louse","floor":5,"turns":2},{"damage":19,"enemies":"3 Sentries","floor":8,"turns":8},{"damage":17,"enemies":"Lagavulin","floor":10,"turns":12},{"damage":21,"enemies":"3 Sentries","floor":12,"turns":4}],"seed_played":"2512101018179195572","potions_obtained":[{"floor":1,"key":"Reflective Coating"},{"floor":10,"key":"Flashbang"}],"is_trial":true,"path_per_floor":["M","?","?","?","M","R","?","E","T","E","$","E"],"character_chosen":"NECROMANCER","items_purchased":["Summon_Undead_Army"],"campfire_rested":0,"item_purchase_floors":[11],"current_hp_per_floor":[65,65,53,53,49,49,49,36,36,56,56,38,38],"gold":25,"neow_bonus":"","is_daily":false,"chose_seed":false,"campfire_upgraded":1,"win_rate":0.0,"timestamp":1611775882,"path_taken":["M","?","?","?","M","R","?","E","T","E","$","E"],"items_purchased_type":["Card"],"build_version":"2020-12-22","purchased_purges":1,"victory":false,"max_hp_per_floor":[75,75,75,75,75,75,75,75,56,56,56,56,56],"card_choices":[{"not_picked":["Negative_Energy_Sphere","Chill_Blood"],"picked":"Bones_to_Steel","floor":1},{"not_picked":["Toxic_Smoke_Screen","Bone_Shift"],"picked":"Summon_Lich","floor":5},{"not_picked":["Cloudkill","Blood_Wake"],"picked":"Summon_Vampire_Lady","floor":8},{"not_picked":["Cloudkill","Summon_Vampire_Lady"],"picked":"Summon_Death_Knight","floor":10}],"player_experience":465753,"relics_obtained":[{"floor":8,"key":"Pantograph"},{"floor":9,"key":"infinitespire:Lychee Nut"},{"floor":10,"key":"The Courier"}],"event_choices":[{"damage_healed":0,"gold_gain":0,"player_choice":"Success","damage_taken":12,"relics_obtained":["infinitespire:PuzzleCube"],"max_hp_gain":0,"max_hp_loss":0,"event_name":"Scrap Ooze","floor":3,"gold_loss":0},{"cards_removed":["Summon_Lich"],"damage_healed":0,"gold_gain":0,"player_choice":"Card Removal","damage_taken":0,"max_hp_gain":0,"max_hp_loss":0,"event_name":"The Cleric","floor":7,"gold_loss":50}],"is_beta":false,"boss_relics":[],"items_purged_floors":[11],"is_endless":false,"potions_floor_spawned":[1,10],"killed_by":"3 Sentries","ascension_level":4}}