{"host":"rj1j8apb2x4vafcu","time":1611708813,"event":{"mods":["AchievementEnabler","Act Like it!","BaseMod","Colored Map","Colored Powertips","Minty Spire (QoL Compilation)","Rare Cards Sparkle","StSLib"],"gold_per_floor":[116,135,148,163,238,238,238,23,23,34,44,55,74,87,87,183,183,194,194,109,119,137,137,137],"floor_reached":23,"language":"ENG","playtime":1240,"items_purged":["Strike_B"],"score":189,"play_id":"7181f4a7-a524-4e0a-9f36-e573df400ad4","local_time":"20210126225333","is_ascension_mode":false,"campfire_choices":[{"data":"Zap","floor":6,"key":"SMITH"},{"data":"White Noise","floor":15,"key":"SMITH"}],"circlet_count":0,"master_deck":["Strike_B","Strike_B","Defend_B","Defend_B","Defend_B","Defend_B","Zap+1","Dualcast","Leap","Coolheaded","Conserve Battery","Streamline","Conserve Battery","Thunder Strike","White Noise+1","Rebound","Static Discharge","Rebound","Machine Learning","White Noise","BootSequence","Static Discharge+1"],"relics":["Cracked Core","WingedGreaves","Thread and Needle","Sozu","Gremlin Horn"],"acts_visited":["Exordium","TheCity"],"potions_floor_usage":[],"damage_taken":[{"damage":0,"enemies":"Cultist","floor":1,"turns":4},{"damage":1,"enemies":"Small Slimes","floor":2,"turns":3},{"damage":0,"enemies":"Jaw Worm","floor":3,"turns":3},{"damage":0,"enemies":"Exordium Wildlife","floor":4,"turns":2},{"damage":0,"enemies":"Looter","floor":10,"turns":4},{"damage":6,"enemies":"Large Slime","floor":11,"turns":6},{"damage":1,"enemies":"Blue Slaver","floor":12,"turns":3},{"damage":0,"enemies":"Looter","floor":13,"turns":3},{"damage":0,"enemies":"Large Slime","floor":14,"turns":5},{"damage":33,"enemies":"Slime Boss","floor":16,"turns":8},{"damage":20,"enemies":"2 Thieves","floor":18,"turns":4},{"damage":6,"enemies":"Spheric Guardian","floor":21,"turns":4},{"damage":28,"enemies":"Cultist and Chosen","floor":22,"turns":5},{"damage":23,"enemies":"Gremlin Leader","floor":23,"turns":2}],"seed_played":"-4775337005216492037","potions_obtained":[{"floor":3,"key":"SteroidPotion"},{"floor":12,"key":"EssenceOfSteel"},{"floor":13,"key":"Ancient Potion"},{"floor":14,"key":"PotionOfCapacity"}],"is_trial":false,"path_per_floor":["M","M","M","M","?","R","?","$","T","M","M","M","M","M","R","B",null,"M","?","?","M","M","E"],"character_chosen":"DEFECT","items_purchased":["Thunder Strike"],"campfire_rested":0,"item_purchase_floors":[8],"current_hp_per_floor":[75,74,74,74,63,63,63,63,63,63,57,56,56,56,56,23,75,55,55,55,49,21,0,0],"gold":137,"neow_bonus":"TRANSFORM_CARD","is_daily":false,"chose_seed":false,"campfire_upgraded":2,"win_rate":0.0,"timestamp":1611708813,"path_taken":["M","M","M","M","?","R","?","$","T","M","M","M","?","?","R","BOSS","M","?","?","M","M","E"],"items_purchased_type":["Card"],"build_version":"2020-12-22","purchased_purges":1,"victory":false,"max_hp_per_floor":[75,75,75,75,75,75,75,75,75,75,75,75,75,75,75,75,75,75,75,75,75,75,75,75],"card_choices":[{"not_picked":["Auto Shields","Hologram"],"picked":"Coolheaded","floor":1},{"not_picked":["Ball Lightning","Stack"],"picked":"Conserve Battery","floor":2},{"not_picked":["Steam","Leap"],"picked":"Streamline","floor":3},{"not_picked":["Streamline","Steam"],"picked":"Conserve Battery","floor":4},{"not_picked":["Go for the Eyes","Glacier"],"picked":"White Noise","floor":10},{"not_picked":["Go for the Eyes","Turbo","Skim"],"picked":"SKIP","floor":11},{"not_picked":["Reinforced Body","Chill"],"picked":"Rebound","floor":12},{"not_picked":["Hologram","Conserve Battery"],"picked":"Static Discharge","floor":13},{"not_picked":["Steam","Streamline"],"picked":"Rebound","floor":14},{"not_picked":["All For One","Rainbow"],"picked":"Machine Learning","floor":16},{"not_picked":["Auto Shields","Rebound","Lockon"],"picked":"SKIP","floor":18},{"not_picked":["Coolheaded","Cold Snap"],"picked":"BootSequence","floor":21},{"not_picked":["Doom and Gloom+1","FTL"],"picked":"Static Discharge+1","floor":22}],"player_experience":136453,"relics_obtained":[{"floor":9,"key":"Thread and Needle"}],"event_choices":[{"damage_healed":0,"gold_gain":75,"player_choice":"Gather Gold","damage_taken":11,"max_hp_gain":0,"max_hp_loss":0,"event_name":"World of Goop","floor":5,"gold_loss":0},{"damage_healed":0,"gold_gain":0,"player_choice":"Gave Potion","damage_taken":0,"relics_obtained":["WingedGreaves"],"max_hp_gain":0,"max_hp_loss":0,"event_name":"WeMeetAgain","floor":7,"gold_loss":0},{"damage_healed":0,"gold_gain":0,"player_choice":"Read","damage_taken":0,"max_hp_gain":0,"max_hp_loss":0,"event_name":"The Library","floor":19,"gold_loss":0,"cards_obtained":["White Noise"]},{"damage_healed":0,"gold_gain":0,"player_choice":"Obtained Relic","damage_taken":0,"relics_obtained":["Gremlin Horn"],"max_hp_gain":0,"max_hp_loss":0,"event_name":"Addict","floor":20,"gold_loss":85}],"is_beta":false,"boss_relics":[{"not_picked":["Nuclear Battery","FrozenCore"],"picked":"Sozu"}],"items_purged_floors":[8],"is_endless":false,"potions_floor_spawned":[3,12,13,14,18,21],"killed_by":"Gremlin Leader","ascension_level":0}}