{"host":"c5slkkw8hp42e20v","time":1611727226,"event":{"mods":["AchievementEnabler","BaseMod","Better Note","BetterRewards","Clawfect","Colored Powertips","DeckTracker","Duelist Mod","Friendly Minions","GifTheSpireLib","Hermit","Highlight Path","Minty Spire (QoL Compilation)","Quick Restart","Rare Cards Sparkle","Replay The Spire","Spicy Shops","StSLib","The Administrix","The Animator","The Bug Knight","The Hierophant","The Necromancer","The Poker Player","The Runesmith","The Senshi","The Servant 0.9.4","????"],"gold_per_floor":[115,135,154,166,181,181,181],"floor_reached":6,"language":"ENG","playtime":364,"items_purged":[],"score":40,"play_id":"a8566f93-fe59-43bc-a21d-fab10396e3cc","local_time":"20210127000026","is_ascension_mode":false,"campfire_choices":[],"circlet_count":0,"master_deck":["Strike_P","Strike_P","Strike_P","Strike_P","Defend_P","Defend_P","Defend_P","Defend_P","Eruption","Vigilance","BattleHymn","Evaluate","CrushJoints","SashWhip","Perseverance","DeusExMachina","Perseverance","Collect"],"relics":["PureWater"],"acts_visited":["Exordium"],"potions_floor_usage":[],"damage_taken":[{"damage":0,"enemies":"Cultist","floor":1,"turns":4},{"damage":0,"enemies":"2 Louse","floor":2,"turns":3},{"damage":5,"enemies":"Jaw Worm","floor":3,"turns":4},{"damage":1,"enemies":"Blue Slaver","floor":4,"turns":2},{"damage":13,"enemies":"Exordium Thugs","floor":5,"turns":5},{"damage":54,"enemies":"Gremlin Nob","floor":6,"turns":3}],"seed_played":"5586820923087443291","potions_obtained":[{"floor":3,"key":"Languid Potion"},{"floor":4,"key":"Venom Potion"},{"floor":5,"key":"BottledMiracle"}],"is_trial":false,"path_per_floor":["M","M","M","M","M","E"],"character_chosen":"WATCHER","items_purchased":["BattleHymn","Evaluate","CrushJoints"],"campfire_rested":0,"item_purchase_floors":[0,0,0],"current_hp_per_floor":[64,64,59,58,45,0,0],"gold":181,"neow_bonus":"","is_daily":false,"chose_seed":false,"campfire_upgraded":0,"win_rate":0.0,"timestamp":1611727226,"path_taken":["M","M","M","?","M","E"],"items_purchased_type":["Card","Card","Card"],"build_version":"2020-12-22","purchased_purges":0,"victory":false,"max_hp_per_floor":[72,72,72,72,72,72,72],"card_choices":[{"not_picked":["Sanctity","Crescendo"],"picked":"SashWhip","floor":1},{"not_picked":["JustLucky","CutThroughFate"],"picked":"Perseverance","floor":2},{"not_picked":["Perseverance","Halt"],"picked":"DeusExMachina","floor":3},{"not_picked":["Crescendo","Halt"],"picked":"Perseverance","floor":4},{"not_picked":["Wallop","Evaluate"],"picked":"Collect","floor":5}],"player_experience":118809,"relics_obtained":[],"event_choices":[],"is_beta":false,"boss_relics":[],"items_purged_floors":[],"is_endless":false,"potions_floor_spawned":[3,4,5],"killed_by":"Gremlin Nob","ascension_level":0}}