{"host":"359hz4210ybch7ku","time":1611728559,"event":{"mods":["BaseMod","Block Reminder","Colored Map","Colored Powertips","Highlight Path","Minty Spire (QoL Compilation)","Slay the Relics Exporter","StSLib"],"gold_per_floor":[211,65,65,75,85,85,85,85,85,121,139,139,157,181,181,302,302,320,341,111,136,136,136,177,177,204,404,265,280,305,330,330,451,451,471,485,548,572,597,597,630,630,630,630,630,136,469,483,483,483],"floor_reached":51,"language":"ENG","playtime":2903,"items_purged":["Strike_P","Defend_P","Defend_P"],"score":976,"play_id":"995cfd32-e5a5-4156-ae2a-81efd76b2a92","local_time":"20210126222239","is_ascension_mode":true,"campfire_choices":[{"data":"PathToVictory","floor":6,"key":"SMITH"},{"data":"Eruption","floor":8,"key":"SMITH"},{"data":"PathToVictory","floor":12,"key":"SMITH"},{"data":"PathToVictory","floor":15,"key":"SMITH"},{"floor":23,"key":"REST"},{"data":"Scrawl","floor":25,"key":"SMITH"},{"data":"ForeignInfluence","floor":32,"key":"SMITH"},{"data":"LikeWater","floor":40,"key":"SMITH"},{"data":"LikeWater","floor":42,"key":"SMITH"},{"floor":44,"key":"REST"},{"data":"LikeWater","floor":49,"key":"SMITH"}],"circlet_count":0,"master_deck":["Strike_P","Defend_P","Eruption+1","Vigilance","ClearTheMind+1","Halt","PathToVictory+1","PathToVictory+1","FlurryOfBlows","PathToVictory+1","Scrawl+1","EmptyMind+1","LikeWater+1","DeceiveReality","FlurryOfBlows","LikeWater+1","ForeignInfluence+1","DeceiveReality+1","Sanctity","MentalFortress","PathToVictory","LikeWater+1"],"relics":["PureWater","OrangePellets","Singing Bowl","Akabeko","Busted Crown","Nunchaku","Anchor","MealTicket","Philosopher\u0027s Stone","StoneCalendar","Happy Flower","The Courier","War Paint"],"acts_visited":["Exordium","TheCity","TheBeyond"],"potions_floor_usage":[10,11,30,33,33,50,50],"damage_taken":[{"damage":0,"enemies":"2 Louse","floor":1,"turns":2},{"damage":6,"enemies":"Small Slimes","floor":4,"turns":5},{"damage":1,"enemies":"Jaw Worm","floor":5,"turns":3},{"damage":18,"enemies":"Gremlin Nob","floor":10,"turns":3},{"damage":9,"enemies":"Gremlin Gang","floor":11,"turns":3},{"damage":0,"enemies":"Blue Slaver","floor":13,"turns":2},{"damage":0,"enemies":"2 Fungi Beasts","floor":14,"turns":1},{"damage":8,"enemies":"Slime Boss","floor":16,"turns":4},{"damage":13,"enemies":"Shell Parasite","floor":18,"turns":3},{"damage":0,"enemies":"Spheric Guardian","floor":19,"turns":3},{"damage":25,"enemies":"Centurion and Healer","floor":21,"turns":4},{"damage":8,"enemies":"Slavers","floor":24,"turns":6},{"damage":0,"enemies":"Cultist and Chosen","floor":29,"turns":5},{"damage":1,"enemies":"Shelled Parasite and Fungi","floor":30,"turns":3},{"damage":0,"enemies":"Centurion and Healer","floor":31,"turns":3},{"damage":18,"enemies":"Champ","floor":33,"turns":8},{"damage":16,"enemies":"3 Shapes","floor":35,"turns":2},{"damage":22,"enemies":"3 Darklings","floor":36,"turns":3},{"damage":2,"enemies":"Mind Bloom Boss Battle","floor":37,"turns":4},{"damage":0,"enemies":"Maw","floor":38,"turns":5},{"damage":1,"enemies":"Spire Growth","floor":39,"turns":4},{"damage":4,"enemies":"Nemesis","floor":41,"turns":5},{"damage":3,"enemies":"Jaw Worm Horde","floor":48,"turns":2},{"damage":26,"enemies":"Time Eater","floor":50,"turns":7}],"seed_played":"-882174493599456013","potions_obtained":[{"floor":4,"key":"EssenceOfSteel"},{"floor":5,"key":"StancePotion"},{"floor":10,"key":"BottledMiracle"},{"floor":11,"key":"Swift Potion"},{"floor":18,"key":"Ancient Potion"},{"floor":35,"key":"DuplicationPotion"},{"floor":41,"key":"Dexterity Potion"}],"is_trial":false,"path_per_floor":["M","$","?","M","M","R","?","R","T","E","M","R","M","M","R","B",null,"M","M","$","M","?","R","E","R","T","?","$","M","M","M","R","B",null,"M","M","?","M","M","R","E","R","T","R","?","$","?","M","R","B",null],"character_chosen":"WATCHER","items_purchased":["OrangePellets","Nunchaku","LikeWater","Sanctity","War Paint","MentalFortress","PathToVictory","PowerPotion","LikeWater"],"campfire_rested":2,"item_purchase_floors":[2,20,28,46,46,46,46,46,46],"current_hp_per_floor":[65,65,65,59,58,58,58,58,58,40,31,31,33,35,35,27,60,47,49,49,26,26,48,40,40,40,40,55,57,58,58,58,42,71,57,35,35,37,36,36,34,34,34,60,60,75,75,74,74,48],"gold":483,"neow_bonus":"HUNDRED_GOLD","is_daily":false,"chose_seed":false,"campfire_upgraded":9,"win_rate":0.0,"timestamp":1611728559,"path_taken":["M","$","?","M","M","R","?","R","T","E","M","R","M","M","R","BOSS","M","M","$","M","?","R","E","R","T","?","$","M","?","M","R","BOSS","M","M","?","M","M","R","E","R","T","R","?","$","?","M","R","BOSS"],"items_purchased_type":["Relic","Relic","Card","Card","Relic","Card","Card","Potion","Card"],"build_version":"2020-12-22","purchased_purges":3,"victory":true,"max_hp_per_floor":[72,72,72,72,72,72,67,67,67,67,67,67,69,71,71,71,71,71,73,73,75,75,75,75,75,75,75,75,77,79,79,79,81,81,83,83,85,87,87,87,89,89,89,89,89,89,89,91,91,91],"card_choices":[{"not_picked":["Evaluate","FlyingSleeves"],"picked":"ClearTheMind","floor":1},{"not_picked":["Scrawl","FlyingSleeves"],"picked":"PathToVictory","floor":4},{"not_picked":["Indignation","SashWhip"],"picked":"PathToVictory","floor":5},{"not_picked":["Collect","Consecrate"],"picked":"FlurryOfBlows","floor":10},{"not_picked":["DeceiveReality","ReachHeaven"],"picked":"PathToVictory","floor":11},{"not_picked":["Prostrate","Swivel","BattleHymn"],"picked":"Singing Bowl","floor":13},{"not_picked":["FlyingSleeves","SashWhip","Protect"],"picked":"Singing Bowl","floor":14},{"not_picked":["Judgement","Establishment"],"picked":"Scrawl","floor":16},{"not_picked":[],"picked":"EmptyMind","floor":18},{"not_picked":["CrushJoints"],"picked":"Singing Bowl","floor":19},{"not_picked":["FlyingSleeves"],"picked":"Singing Bowl","floor":21},{"not_picked":[],"picked":"FlurryOfBlows","floor":24},{"not_picked":["BowlingBash"],"picked":"Singing Bowl","floor":29},{"not_picked":["MentalFortress"],"picked":"Singing Bowl","floor":30},{"not_picked":[],"picked":"ForeignInfluence","floor":31},{"not_picked":["LessonLearned"],"picked":"Singing Bowl","floor":33},{"not_picked":["ReachHeaven+1"],"picked":"Singing Bowl","floor":35},{"not_picked":[],"picked":"DeceiveReality+1","floor":36},{"not_picked":["BowlingBash+1"],"picked":"Singing Bowl","floor":37},{"not_picked":["BowlingBash+1"],"picked":"Singing Bowl","floor":38},{"not_picked":[],"picked":"EmptyBody+1","floor":39},{"not_picked":["ReachHeaven"],"picked":"Singing Bowl","floor":41},{"not_picked":["Fasting2"],"picked":"Singing Bowl","floor":48}],"player_experience":293307,"relics_obtained":[{"floor":9,"key":"Singing Bowl"},{"floor":10,"key":"Akabeko"},{"floor":24,"key":"Anchor"},{"floor":26,"key":"MealTicket"},{"floor":37,"key":"StoneCalendar"},{"floor":41,"key":"Happy Flower"},{"floor":43,"key":"The Courier"}],"event_choices":[{"damage_healed":0,"gold_gain":0,"cards_transformed":["Strike_P"],"player_choice":"Change","damage_taken":0,"max_hp_gain":0,"max_hp_loss":0,"event_name":"Living Wall","floor":3,"gold_loss":0,"cards_obtained":["Halt"]},{"damage_healed":0,"gold_gain":0,"player_choice":"Lose Max HP","damage_taken":0,"relics_obtained":["Golden Idol"],"max_hp_gain":0,"max_hp_loss":5,"event_name":"Golden Idol","floor":7,"gold_loss":0},{"damage_healed":0,"gold_gain":0,"cards_transformed":["Defend_P","Strike_P"],"player_choice":"Became Test Subject","damage_taken":0,"max_hp_gain":0,"max_hp_loss":0,"event_name":"Drug Dealer","floor":22,"gold_loss":0,"cards_obtained":["LikeWater","DeceiveReality"]},{"damage_healed":0,"gold_gain":200,"player_choice":"Gold","damage_taken":0,"max_hp_gain":0,"max_hp_loss":0,"event_name":"Wheel of Change","floor":27,"gold_loss":0},{"damage_healed":0,"gold_gain":0,"player_choice":"Fight","damage_taken":0,"max_hp_gain":0,"max_hp_loss":0,"event_name":"MindBloom","floor":37,"gold_loss":0},{"cards_removed":["EmptyBody"],"damage_healed":0,"gold_gain":0,"player_choice":"Removed Skill","damage_taken":0,"max_hp_gain":0,"max_hp_loss":0,"event_name":"Falling","floor":45,"gold_loss":0},{"damage_healed":0,"gold_gain":333,"player_choice":"Gave Idol","damage_taken":0,"max_hp_gain":0,"max_hp_loss":0,"event_name":"The Moai Head","floor":47,"relics_lost":["Golden Idol"],"gold_loss":0}],"is_beta":false,"boss_relics":[{"not_picked":["SacredBark","Cursed Key"],"picked":"Busted Crown"},{"not_picked":["Astrolabe","Empty Cage"],"picked":"Philosopher\u0027s Stone"}],"items_purged_floors":[20,28,46],"is_endless":false,"potions_floor_spawned":[4,5,10,11,18,19,24,35,41,48],"ascension_level":6}}