{"host":"p9t7qd83igtcp2bh","time":1611726097,"event":{"mods":["2.2 Compatiblity","AchievementEnabler","BaseMod","Colored Map","Colored Powertips","Custom Start","DeckTracker","Keyboard Shortcuts","Minty Spire (QoL Compilation)","Permanent Neow","StSLib","SuperFastMode","everything is the same but u backflip on backflip"],"gold_per_floor":[137,137,137,62,132,207,64,64,64,64,64,105,105,145,145,246,246,287,43,43,62,122,122,162,162,188,239,269,269,301,301,301,405,405,418,453,498,516,516,548,548,605,605,620,676,736,736,754,754,754,754,754,14,42,42],"floor_reached":56,"language":"KOR","playtime":2016,"items_purged":["Regret","Strike_G","Strike_G+1"],"score":1428,"play_id":"9481b36d-6d01-457d-9c07-cde559ce0753","local_time":"20210127144137","is_ascension_mode":true,"campfire_choices":[{"floor":11.0,"key":"REST"},{"data":"Neutralize","floor":13.0,"key":"SMITH"},{"data":"Bouncing Flask","floor":15.0,"key":"SMITH"},{"data":"Adrenaline","floor":23.0,"key":"SMITH"},{"data":"Acrobatics","floor":25.0,"key":"SMITH"},{"data":"Writhe","floor":32.0,"key":"PURGE"},{"data":"Prepared","floor":41.0,"key":"SMITH"},{"data":"Tactician","floor":47.0,"key":"SMITH"},{"floor":49.0,"key":"RECALL"},{"data":"Strike_G+1","floor":52,"key":"PURGE"}],"circlet_count":0,"master_deck":["Defend_G","Defend_G","Defend_G","Defend_G","Survivor","Neutralize+1","HandOfGreed+1","Dagger Throw","Noxious Fumes+1","Backflip","Bouncing Flask+1","Adrenaline+1","Escape Plan+1","Acrobatics+1","Tactician+1","Eviscerate+1","Prepared+1","Adrenaline","Footwork+1","Adrenaline+1","Blur+1"],"relics":["Ring of the Snake","Toy Ornithopter","Potion Belt","Akabeko","HornCleat","Empty Cage","PreservedInsect","Art of War","Red Mask","TungstenRod","Peace Pipe","Orichalcum","SacredBark","InkBottle","Oddly Smooth Stone","Centennial Puzzle","Mummified Hand","DollysMirror","Happy Flower","Pen Nib"],"acts_visited":["Exordium","TheCity","TheBeyond","TheEnding"],"potions_floor_usage":[50,50,55,55,55],"damage_taken":[{"damage":10.0,"enemies":"Jaw Worm","floor":1.0,"turns":8.0},{"damage":1.0,"enemies":"2 Louse","floor":5.0,"turns":3.0},{"damage":31.0,"enemies":"3 Sentries","floor":6.0,"turns":11.0},{"damage":0.0,"enemies":"Cultist","floor":12.0,"turns":3.0},{"damage":0.0,"enemies":"Looter","floor":14.0,"turns":2.0},{"damage":6.0,"enemies":"Hexaghost","floor":16.0,"turns":8.0},{"damage":11.0,"enemies":"Spheric Guardian","floor":18.0,"turns":4.0},{"damage":1.0,"enemies":"Chosen","floor":21.0,"turns":3.0},{"damage":7.0,"enemies":"3 Cultists","floor":22.0,"turns":5.0},{"damage":4.0,"enemies":"Centurion and Healer","floor":24.0,"turns":7.0},{"damage":10.0,"enemies":"Masked Bandits","floor":27.0,"turns":4.0},{"damage":18.0,"enemies":"Gremlin Leader","floor":28.0,"turns":5.0},{"damage":0.0,"enemies":"Book of Stabbing","floor":30.0,"turns":3.0},{"damage":38.0,"enemies":"Collector","floor":33.0,"turns":8.0},{"damage":1.0,"enemies":"Orb Walker","floor":35.0,"turns":2.0},{"damage":1.0,"enemies":"3 Shapes","floor":36.0,"turns":5.0},{"damage":0.0,"enemies":"Jaw Worm Horde","floor":37.0,"turns":4.0},{"damage":25.0,"enemies":"Writhing Mass","floor":38.0,"turns":5.0},{"damage":0.0,"enemies":"Nemesis","floor":40.0,"turns":5.0},{"damage":13.0,"enemies":"Reptomancer","floor":42.0,"turns":7.0},{"damage":0.0,"enemies":"Transient","floor":44.0,"turns":5.0},{"damage":11.0,"enemies":"Nemesis","floor":45.0,"turns":5.0},{"damage":0.0,"enemies":"Jaw Worm Horde","floor":46.0,"turns":4.0},{"damage":18.0,"enemies":"Writhing Mass","floor":48.0,"turns":5.0},{"damage":16,"enemies":"Donu and Deca","floor":50,"turns":8},{"damage":0,"enemies":"Shield and Spear","floor":54,"turns":2},{"damage":56,"enemies":"The Heart","floor":55,"turns":12}],"seed_played":"7598570029986511864","potions_obtained":[{"floor":14.0,"key":"Weak Potion"},{"floor":16.0,"key":"Swift Potion"},{"floor":18.0,"key":"Strength Potion"},{"floor":22.0,"key":"PowerPotion"},{"floor":27.0,"key":"LiquidBronze"},{"floor":28.0,"key":"FearPotion"},{"floor":30.0,"key":"FearPotion"},{"floor":37.0,"key":"Poison Potion"},{"floor":38.0,"key":"AttackPotion"},{"floor":44.0,"key":"Dexterity Potion"},{"floor":48.0,"key":"PowerPotion"},{"floor":54,"key":"SpeedPotion"}],"is_trial":false,"path_per_floor":["M","?","?","$","M","E","$","?","T","?","R","M","R","M","R","B",null,"M","$","?","M","M","R","M","R","T","?","E","?","E","?","R","B",null,"M","M","M","M","?","E","R","E","T","M","E","M","R","M","R","B",null,"R","$","E","B",null],"character_chosen":"THE_SILENT","items_purchased":["Potion Belt","PreservedInsect","Mummified Hand","DollysMirror","Happy Flower","Regen Potion"],"campfire_rested":1,"item_purchase_floors":[7,19,53,53,53,53],"current_hp_per_floor":[60,46,46,46,45,14,14,7,7,7,28,28,28,28,28,22,70,59,59,59,58,51,51,47,47,47,37,24,24,29,29,29,6,70,69,68,70,45,45,55,55,42,42,42,31,31,31,13,13,7,70,70,70,70,39],"gold":42,"neow_bonus":"RANDOM_COLORLESS_2","is_daily":false,"chose_seed":false,"campfire_upgraded":6,"win_rate":0.0,"timestamp":1611726097,"path_taken":["M","?","?","$","M","E","$","?","T","?","R","M","R","M","R","BOSS","M","$","?","M","M","R","M","R","T","?","E","?","E","?","R","BOSS","M","M","M","M","?","E","R","E","T","M","E","M","R","M","R","BOSS","R","$","E","BOSS"],"items_purchased_type":["Relic","Relic","Relic","Relic","Relic","Potion"],"build_version":"2020-12-22","purchased_purges":3,"victory":true,"max_hp_per_floor":[70,70,70,70,70,70,70,70,70,70,70,70,70,70,70,70,70,70,70,70,70,70,70,70,70,70,70,70,70,70,70,70,70,70,70,70,70,70,70,70,70,70,70,70,70,70,70,70,70,70,70,70,70,70,70],"card_choices":[{"not_picked":["Violence","Sadistic Nature"],"picked":"HandOfGreed","floor":0.0},{"not_picked":["Prepared","Accuracy","Dodge and Roll"],"picked":"SKIP","floor":1.0},{"not_picked":["Poisoned Stab","Sucker Punch"],"picked":"Dagger Throw","floor":5.0},{"not_picked":["Poisoned Stab","Prepared"],"picked":"Noxious Fumes","floor":6.0},{"not_picked":["Finisher","Acrobatics"],"picked":"Backflip","floor":12.0},{"not_picked":["Well Laid Plans","Bane"],"picked":"Bouncing Flask","floor":14.0},{"not_picked":["Night Terror","Bullet Time"],"picked":"Adrenaline","floor":16.0},{"not_picked":["Backflip","Prepared"],"picked":"Escape Plan+1","floor":18.0},{"not_picked":["Dodge and Roll","Dagger Throw","PiercingWail"],"picked":"SKIP","floor":21.0},{"not_picked":["Crippling Poison","Backstab+1"],"picked":"Acrobatics","floor":22.0},{"not_picked":["Blade Dance","Skewer","Poisoned Stab+1"],"picked":"SKIP","floor":24.0},{"not_picked":["Acrobatics","After Image"],"picked":"Tactician","floor":27.0},{"not_picked":["Dagger Throw","Calculated Gamble"],"picked":"Eviscerate+1","floor":28.0},{"not_picked":["Poisoned Stab","Infinite Blades","Bullet Time"],"picked":"SKIP","floor":30.0},{"not_picked":["Tools of the Trade","Phantasmal Killer"],"picked":"Adrenaline","floor":33.0},{"not_picked":["Blade Dance+1","Distraction","Flechettes+1"],"picked":"SKIP","floor":35.0},{"not_picked":["Sucker Punch+1","Quick Slash+1","Expertise+1"],"picked":"SKIP","floor":36.0},{"not_picked":["Endless Agony+1","Backstab","Underhanded Strike"],"picked":"SKIP","floor":37.0},{"not_picked":["Noxious Fumes","Acrobatics+1","PiercingWail+1"],"picked":"SKIP","floor":38.0},{"not_picked":["All Out Attack","Heel Hook+1","Cloak And Dagger+1"],"picked":"SKIP","floor":40.0},{"not_picked":["Wraith Form v2","Deflect","Dagger Spray+1"],"picked":"SKIP","floor":42.0},{"not_picked":["Outmaneuver","Heel Hook+1","Deadly Poison"],"picked":"SKIP","floor":44.0},{"not_picked":["Doppelganger","Deflect"],"picked":"Footwork+1","floor":45.0},{"not_picked":["Deadly Poison+1","Distraction","Poisoned Stab"],"picked":"SKIP","floor":46.0},{"not_picked":["Dagger Throw","Dagger Spray+1","Quick Slash"],"picked":"SKIP","floor":48.0},{"not_picked":["Unload","Blade Dance"],"picked":"Blur+1","floor":54}],"player_experience":691455,"relics_obtained":[{"floor":6.0,"key":"Toy Ornithopter"},{"floor":9.0,"key":"HornCleat"},{"floor":26.0,"key":"Art of War"},{"floor":27.0,"key":"Red Mask"},{"floor":28.0,"key":"TungstenRod"},{"floor":30.0,"key":"Orichalcum"},{"floor":40.0,"key":"InkBottle"},{"floor":42.0,"key":"Oddly Smooth Stone"},{"floor":45.0,"key":"Centennial Puzzle"},{"floor":54,"key":"Pen Nib"}],"event_choices":[{"damage_healed":0.0,"max_hp_gain":0.0,"max_hp_loss":0.0,"gold_gain":0.0,"event_name":"Shining Light","player_choice":"Entered Light","floor":2.0,"gold_loss":0.0,"damage_taken":14.0,"cards_upgraded":["Strike_G","Strike_G"]},{"damage_healed":0.0,"max_hp_gain":0.0,"max_hp_loss":0.0,"gold_gain":0.0,"event_name":"Living Wall","player_choice":"Grow","floor":3.0,"gold_loss":0.0,"damage_taken":0.0,"cards_upgraded":["HandOfGreed"]},{"damage_healed":0.0,"max_hp_gain":0.0,"max_hp_loss":0.0,"gold_gain":0.0,"event_name":"Scrap Ooze","player_choice":"Success","floor":8.0,"gold_loss":0.0,"damage_taken":7.0,"relics_obtained":["Akabeko"]},{"damage_healed":0.0,"max_hp_gain":0.0,"max_hp_loss":0.0,"gold_gain":0.0,"event_name":"Upgrade Shrine","player_choice":"Upgraded","floor":10.0,"gold_loss":0.0,"damage_taken":0.0,"cards_upgraded":["Noxious Fumes"]},{"damage_healed":0.0,"max_hp_gain":0.0,"max_hp_loss":0.0,"gold_gain":0.0,"event_name":"Ghosts","player_choice":"Ignored","floor":20.0,"gold_loss":0.0,"damage_taken":0.0},{"damage_healed":0.0,"max_hp_gain":0.0,"max_hp_loss":0.0,"gold_gain":0.0,"event_name":"Masked Bandits","player_choice":"Fought Bandits","floor":27.0,"gold_loss":0.0,"damage_taken":0.0},{"damage_healed":0.0,"max_hp_gain":0.0,"max_hp_loss":0.0,"gold_gain":0.0,"event_name":"The Mausoleum","player_choice":"Opened","floor":29.0,"gold_loss":0.0,"damage_taken":0.0,"relics_obtained":["Peace Pipe"],"cards_obtained":["Writhe"]},{"damage_healed":0.0,"max_hp_gain":0.0,"max_hp_loss":0.0,"gold_gain":0.0,"event_name":"The Library","player_choice":"Read","floor":31.0,"gold_loss":0.0,"damage_taken":0.0,"cards_obtained":["Prepared"]},{"cards_removed":["Strike_G"],"damage_healed":0.0,"max_hp_gain":0.0,"max_hp_loss":0.0,"gold_gain":0.0,"event_name":"Falling","player_choice":"Removed Attack","floor":39.0,"gold_loss":0.0,"damage_taken":0.0}],"is_beta":false,"boss_relics":[{"not_picked":["Philosopher\u0027s Stone","Black Star"],"picked":"Empty Cage"},{"not_picked":["Calling Bell","WristBlade"],"picked":"SacredBark"}],"items_purged_floors":[4,19,53],"is_endless":false,"potions_floor_spawned":[14,16,18,22,27,28,30,37,38,44,48,54],"ascension_level":1}}