{"host":"89iuq2p5kwriuwfq","time":1611761700,"event":{"mods":["BaseMod","Curses Come First","Minty Spire (QoL Compilation)","Permanent Neow","StSLib"],"gold_per_floor":[118,128,128,128,56,84,84,116,116,116,129,140,175,195,195,294,294,308,323,323,384,107,135,135,168,180,192,204,204],"floor_reached":28,"language":"ENG","playtime":2205,"items_purged":["Defend_G"],"score":436,"play_id":"401708ef-fa26-43e1-9c81-a36959a9ec6d","local_time":"20210127153500","is_ascension_mode":true,"campfire_choices":[{"data":"Glass Knife","floor":7.0,"key":"SMITH"},{"data":"Noxious Fumes","floor":15.0,"key":"SMITH"},{"floor":24,"key":"REST"},{"data":"Footwork","floor":27,"key":"SMITH"}],"circlet_count":0,"master_deck":["Strike_G","Strike_G+1","Defend_G","Defend_G","Defend_G","Survivor","Neutralize+1","Glass Knife+1","Dash","Footwork+1","Cloak And Dagger","Well Laid Plans","Bouncing Flask","Blade Dance","Noxious Fumes+1","Calculated Gamble","Storm of Steel","Tools of the Trade+1","Burst+1","Burst+1","Blur+1","Backflip+1","Dodge and Roll","Dodge and Roll","Leg Sweep"],"relics":["Ring of the Snake","Regal Pillow","Lizard Tail","Akabeko","Sundial","Pear","Astrolabe","SsserpentHead","MealTicket","Anchor","MawBank","Ginger"],"acts_visited":["Exordium","TheCity"],"potions_floor_usage":[23,25],"damage_taken":[{"damage":3.0,"enemies":"Jaw Worm","floor":1.0,"turns":5.0},{"damage":0.0,"enemies":"2 Louse","floor":2.0,"turns":3.0},{"damage":11.0,"enemies":"Lagavulin","floor":6.0,"turns":6.0},{"damage":10.0,"enemies":"3 Sentries","floor":8.0,"turns":7.0},{"damage":0.0,"enemies":"Cultist","floor":11.0,"turns":3.0},{"damage":0.0,"enemies":"2 Fungi Beasts","floor":12.0,"turns":4.0},{"damage":5.0,"enemies":"Lagavulin","floor":13.0,"turns":6.0},{"damage":2.0,"enemies":"Lots of Slimes","floor":14.0,"turns":5.0},{"damage":21.0,"enemies":"Slime Boss","floor":16.0,"turns":10.0},{"damage":14.0,"enemies":"2 Thieves","floor":18.0,"turns":5.0},{"damage":21.0,"enemies":"Spheric Guardian","floor":19.0,"turns":4.0},{"damage":13.0,"enemies":"Snecko","floor":21.0,"turns":5.0},{"damage":0,"enemies":"Gremlin Leader","floor":23,"turns":12},{"damage":30,"enemies":"Book of Stabbing","floor":25,"turns":8},{"damage":21,"enemies":"Shelled Parasite and Fungi","floor":28,"turns":7}],"seed_played":"2797918889573996167","potions_obtained":[{"floor":1.0,"key":"PowerPotion"},{"floor":2.0,"key":"Weak Potion"},{"floor":6.0,"key":"ColorlessPotion"},{"floor":12.0,"key":"ColorlessPotion"},{"floor":16.0,"key":"BlessingOfTheForge"},{"floor":21.0,"key":"Poison Potion"}],"is_trial":false,"path_per_floor":["M","M","?","?","$","E","R","E","T","?","M","M","E","M","R","B",null,"M","M","?","M","$","E","R","E","T","R","M"],"character_chosen":"THE_SILENT","items_purchased":["Footwork","Dodge and Roll","MealTicket"],"campfire_rested":1,"item_purchase_floors":[5,22,22],"current_hp_per_floor":[60,60,47,35,35,24,24,14,14,14,14,14,19,17,17,33,63,49,28,28,15,15,15,51,21,21,21,0,0],"gold":204,"neow_bonus":"THREE_RARE_CARDS","is_daily":false,"chose_seed":false,"campfire_upgraded":3,"win_rate":0.0,"timestamp":1611761700,"path_taken":["M","M","?","?","?","E","R","E","T","?","M","M","E","?","R","BOSS","M","M","?","?","$","E","R","E","T","R","M"],"items_purchased_type":["Card","Card","Relic"],"build_version":"2020-12-22","purchased_purges":1,"victory":false,"max_hp_per_floor":[63,63,63,63,63,63,63,63,63,63,63,63,73,73,73,73,73,73,73,73,73,73,73,73,73,73,73,73,73],"card_choices":[{"not_picked":["Corpse Explosion","Malaise"],"picked":"Glass Knife","floor":0.0},{"not_picked":["Sucker Punch","PiercingWail"],"picked":"Dash","floor":1.0},{"not_picked":["Flechettes","Calculated Gamble","Slice"],"picked":"SKIP","floor":2.0},{"not_picked":["Reflex","Burst"],"picked":"Cloak And Dagger","floor":6.0},{"not_picked":["Deadly Poison","All Out Attack"],"picked":"Well Laid Plans","floor":8.0},{"not_picked":["Backflip","Expertise"],"picked":"Blade Dance","floor":11.0},{"not_picked":["Slice","Backflip"],"picked":"Noxious Fumes","floor":12.0},{"not_picked":["Flying Knee","Eviscerate"],"picked":"Calculated Gamble","floor":13.0},{"not_picked":["Choke","Heel Hook","Expertise"],"picked":"SKIP","floor":14.0},{"not_picked":["Venomology","Unload"],"picked":"Storm of Steel","floor":16.0},{"not_picked":["Sucker Punch","Calculated Gamble"],"picked":"Blur+1","floor":18.0},{"not_picked":["Caltrops+1","Dagger Spray"],"picked":"Backflip+1","floor":19.0},{"not_picked":["Underhanded Strike+1","Quick Slash"],"picked":"Dodge and Roll","floor":21.0},{"not_picked":["Sucker Punch","Dagger Throw+1"],"picked":"Leg Sweep","floor":23},{"not_picked":["Acrobatics","Expertise","Dagger Spray"],"picked":"SKIP","floor":25}],"player_experience":586249,"relics_obtained":[{"floor":6.0,"key":"Lizard Tail"},{"floor":8.0,"key":"Akabeko"},{"floor":9.0,"key":"Sundial"},{"floor":13.0,"key":"Pear"},{"floor":23,"key":"Anchor"},{"floor":25,"key":"MawBank"},{"floor":26,"key":"Ginger"}],"event_choices":[{"damage_healed":0.0,"max_hp_gain":0.0,"max_hp_loss":0.0,"gold_gain":0.0,"event_name":"Shining Light","player_choice":"Entered Light","floor":3.0,"gold_loss":0.0,"damage_taken":13.0,"cards_upgraded":["Strike_G","Neutralize"]},{"damage_healed":0.0,"max_hp_gain":0.0,"max_hp_loss":0.0,"gold_gain":0.0,"event_name":"Scrap Ooze","player_choice":"Success","floor":4.0,"gold_loss":0.0,"damage_taken":12.0,"relics_obtained":["Regal Pillow"]},{"damage_healed":0.0,"max_hp_gain":0.0,"max_hp_loss":0.0,"gold_gain":0.0,"cards_transformed":["Strike_G"],"event_name":"Living Wall","player_choice":"Change","floor":10.0,"gold_loss":0.0,"damage_taken":0.0,"cards_obtained":["Bouncing Flask"]},{"damage_healed":0.0,"max_hp_gain":0.0,"max_hp_loss":0.0,"gold_gain":0.0,"event_name":"FaceTrader","player_choice":"Trade","floor":20.0,"gold_loss":0.0,"damage_taken":0.0,"relics_obtained":["SsserpentHead"]}],"is_beta":false,"boss_relics":[{"not_picked":["Busted Crown","Sozu"],"picked":"Astrolabe"}],"items_purged_floors":[22],"is_endless":false,"potions_floor_spawned":[1,2,6,12,16,21],"killed_by":"Shelled Parasite and Fungi","ascension_level":9}}