{"host":"d8d3jqle49sogkjv","time":1611761024,"event":{"mods":["BaseMod","Colored Map","Colored Powertips","Minty Spire (QoL Compilation)","StSLib"],"gold_per_floor":[212,212,228,228,10,39,39,49,75,75,100,100,135,85,85,181,181,201,215,94,114,158,186,199,199,199,199,226,1,1,17,17,121,121,131,131,182,218,18,70,70,83,83,135,135,194,49,85,85,85,85,85,35,69,69,69],"floor_reached":55,"language":"ENG","playtime":3674,"items_purged":["Defend_P","Strike_P","Defend_P","CrushJoints"],"score":1126,"play_id":"1ad50c88-297e-41b7-b82f-f0fb552ae370","local_time":"20210127162344","is_ascension_mode":true,"campfire_choices":[{"data":"Vigilance","floor":7.0,"key":"SMITH"},{"floor":10.0,"key":"REST"},{"data":"FollowUp","floor":15.0,"key":"SMITH"},{"floor":25,"key":"REST"},{"floor":27,"key":"REST"},{"data":"1","floor":30,"key":"LIFT"},{"data":"2","floor":32,"key":"LIFT"},{"data":"3","floor":41,"key":"LIFT"},{"floor":45,"key":"REST"},{"floor":49,"key":"RECALL"},{"floor":52,"key":"REST"}],"circlet_count":0,"master_deck":["Strike_P","Strike_P","Defend_P","Defend_P","Eruption","Vigilance+1","Prostrate","FollowUp+1","Prostrate","Scrawl","JustLucky","Wish","Fasting2","CrushJoints+1","FlurryOfBlows","Ragnarok","Prostrate","FlurryOfBlows","LikeWater","Evaluate"],"relics":["PureWater","Sling","Damaru","Smiling Mask","Vajra","Pantograph","Fusion Hammer","Omamori","Girya","Pocketwatch","Busted Crown","CaptainsWheel","Oddly Smooth Stone","PreservedInsect","Du-Vu Doll","Strawberry","Medical Kit","Blue Candle"],"acts_visited":["Exordium","TheCity","TheBeyond","TheEnding"],"potions_floor_usage":[28,37,40,40,50,54,55],"damage_taken":[{"damage":1.0,"enemies":"2 Louse","floor":1.0,"turns":4.0},{"damage":12.0,"enemies":"Small Slimes","floor":3.0,"turns":3.0},{"damage":31.0,"enemies":"Gremlin Nob","floor":6.0,"turns":3.0},{"damage":0.0,"enemies":"Jaw Worm","floor":8.0,"turns":4.0},{"damage":0.0,"enemies":"3 Sentries","floor":11.0,"turns":6.0},{"damage":0.0,"enemies":"Gremlin Nob","floor":13.0,"turns":3.0},{"damage":65.0,"enemies":"The Guardian","floor":16.0,"turns":8.0},{"damage":6.0,"enemies":"2 Thieves","floor":18.0,"turns":4.0},{"damage":15.0,"enemies":"3 Byrds","floor":19.0,"turns":3.0},{"damage":15.0,"enemies":"Cultist and Chosen","floor":21.0,"turns":4.0},{"damage":14.0,"enemies":"Snecko","floor":22.0,"turns":4.0},{"damage":13,"enemies":"Book of Stabbing","floor":23,"turns":5},{"damage":0,"enemies":"3 Cultists","floor":24,"turns":4},{"damage":0,"enemies":"Gremlin Leader","floor":28,"turns":4},{"damage":0,"enemies":"Cultist and Chosen","floor":31,"turns":3},{"damage":48,"enemies":"Champ","floor":33,"turns":8},{"damage":1,"enemies":"Orb Walker","floor":35,"turns":3},{"damage":28,"enemies":"2 Orb Walkers","floor":37,"turns":3},{"damage":16,"enemies":"3 Shapes","floor":38,"turns":4},{"damage":6,"enemies":"Reptomancer","floor":40,"turns":3},{"damage":12,"enemies":"3 Darklings","floor":42,"turns":3},{"damage":8,"enemies":"Giant Head","floor":44,"turns":4},{"damage":0,"enemies":"Nemesis","floor":46,"turns":3},{"damage":6,"enemies":"Sphere and 2 Shapes","floor":48,"turns":4},{"damage":37,"enemies":"Awakened One","floor":50,"turns":6},{"damage":3,"enemies":"Shield and Spear","floor":54,"turns":6},{"damage":108,"enemies":"The Heart","floor":55,"turns":5}],"seed_played":"3859226079276606263","potions_obtained":[{"floor":8.0,"key":"DuplicationPotion"},{"floor":11.0,"key":"BlessingOfTheForge"},{"floor":16.0,"key":"Fire Potion"},{"floor":21.0,"key":"BlessingOfTheForge"},{"floor":22.0,"key":"SteroidPotion"},{"floor":23,"key":"FairyPotion"},{"floor":37,"key":"Dexterity Potion"},{"floor":38,"key":"DuplicationPotion"},{"floor":42,"key":"SpeedPotion"},{"floor":44,"key":"ColorlessPotion"}],"is_trial":false,"path_per_floor":["M","?","M","?","$","E","R","M","T","R","E","?","E","$","R","B",null,"M","M","$","M","M","E","M","R","T","R","E","$","R","M","R","B",null,"M","?","?","M","$","E","R","M","T","E","R","E","$","M","R","B",null,"R","$","E","B"],"character_chosen":"WATCHER","items_purchased":["Sling","Fruit Juice","CrushJoints","Ragnarok","Prostrate","Oddly Smooth Stone","Medical Kit","PowerPotion"],"campfire_rested":5,"item_purchase_floors":[5,20,20,29,29,39,47,53],"current_hp_per_floor":[71,76,64,64,64,33,33,33,33,56,56,56,56,56,56,12,61,55,40,45,30,16,3,3,27,27,51,51,51,51,51,51,28,69,68,68,40,24,24,18,18,6,6,24,48,55,55,49,49,37,76,89,89,86,0,0],"gold":69,"neow_bonus":"HUNDRED_GOLD","is_daily":false,"chose_seed":false,"campfire_upgraded":2,"win_rate":0.0,"timestamp":1611761024,"path_taken":["M","?","M","?","$","E","R","M","T","R","E","?","E","?","R","BOSS","M","M","$","M","M","E","M","R","T","R","E","$","R","M","R","BOSS","M","?","?","M","$","E","R","M","T","E","R","E","$","M","R","BOSS","R","$","E","BOSS"],"items_purchased_type":["Relic","Potion","Card","Card","Card","Relic","Relic","Potion"],"build_version":"2020-12-22","purchased_purges":4,"victory":false,"max_hp_per_floor":[72,77,77,77,77,77,77,77,77,77,77,77,77,77,77,77,77,77,77,82,82,82,82,82,82,82,82,82,82,82,82,82,82,82,82,82,82,82,82,82,82,82,82,82,82,89,89,89,89,89,89,89,89,89,89,89],"card_choices":[{"not_picked":["Consecrate","FlurryOfBlows"],"picked":"Prostrate","floor":1.0},{"not_picked":["ClearTheMind","Prostrate"],"picked":"FollowUp","floor":3.0},{"not_picked":["Halt","FlurryOfBlows"],"picked":"Prostrate","floor":6.0},{"not_picked":["SignatureMove","Evaluate"],"picked":"Scrawl","floor":8.0},{"not_picked":["Protect","CrushJoints"],"picked":"JustLucky","floor":11.0},{"not_picked":["ClearTheMind","Evaluate","CrushJoints"],"picked":"SKIP","floor":13.0},{"not_picked":["SpiritShield","Judgement"],"picked":"Wish","floor":16.0},{"not_picked":["CutThroughFate","WindmillStrike+1","FlyingSleeves"],"picked":"SKIP","floor":18.0},{"not_picked":["Crescendo","Prostrate"],"picked":"Fasting2","floor":19.0},{"not_picked":["MasterReality","BowlingBash"],"picked":"CrushJoints+1","floor":21.0},{"not_picked":["MentalFortress","PathToVictory"],"picked":"FlurryOfBlows","floor":22.0},{"not_picked":["Pray","CutThroughFate","Halt"],"picked":"SKIP","floor":23},{"not_picked":["Pray","CutThroughFate","Halt"],"picked":"SKIP","floor":23},{"not_picked":["Crescendo+1","EmptyFist","Vengeance"],"picked":"SKIP","floor":24},{"not_picked":["PathToVictory","EmptyBody+1","Crescendo"],"picked":"SKIP","floor":28},{"not_picked":["EmptyMind","Worship"],"picked":"FlurryOfBlows","floor":31},{"not_picked":[],"picked":"LikeWater","floor":35},{"not_picked":["BowlingBash+1"],"picked":"SKIP","floor":38},{"not_picked":["ReachHeaven+1"],"picked":"SKIP","floor":40},{"not_picked":[],"picked":"Evaluate","floor":42},{"not_picked":["SashWhip+1"],"picked":"SKIP","floor":44},{"not_picked":["ClearTheMind+1"],"picked":"SKIP","floor":46},{"not_picked":["FearNoEvil"],"picked":"SKIP","floor":48},{"not_picked":["Consecrate+1"],"picked":"SKIP","floor":54}],"player_experience":441440,"relics_obtained":[{"floor":6.0,"key":"Damaru"},{"floor":9.0,"key":"Smiling Mask"},{"floor":11.0,"key":"Vajra"},{"floor":13.0,"key":"Pantograph"},{"floor":23,"key":"Omamori"},{"floor":26,"key":"Girya"},{"floor":28,"key":"Pocketwatch"},{"floor":37,"key":"CaptainsWheel"},{"floor":40,"key":"PreservedInsect"},{"floor":44,"key":"Du-Vu Doll"},{"floor":46,"key":"Strawberry"},{"floor":54,"key":"Blue Candle"}],"event_choices":[{"damage_healed":0.0,"max_hp_gain":5.0,"max_hp_loss":0.0,"gold_gain":0.0,"event_name":"Big Fish","player_choice":"Donut","floor":2.0,"gold_loss":0.0,"damage_taken":0.0},{"cards_removed":["Strike_P"],"damage_healed":0.0,"max_hp_gain":0.0,"max_hp_loss":0.0,"gold_gain":0.0,"event_name":"Living Wall","player_choice":"Forget","floor":4.0,"gold_loss":0.0,"damage_taken":0.0},{"damage_healed":0.0,"max_hp_gain":0.0,"max_hp_loss":0.0,"gold_gain":0.0,"event_name":"Liars Game","player_choice":"Ignored","floor":12.0,"gold_loss":0.0,"damage_taken":0.0},{"damage_healed":0,"gold_gain":0,"player_choice":"Ignored","damage_taken":0,"max_hp_gain":0,"max_hp_loss":0,"event_name":"Tomb of Lord Red Mask","floor":36,"gold_loss":0},{"damage_healed":0,"gold_gain":0,"player_choice":"Fight","damage_taken":0,"max_hp_gain":0,"max_hp_loss":0,"event_name":"Mysterious Sphere","floor":37,"gold_loss":0}],"is_beta":false,"boss_relics":[{"not_picked":["VioletLotus","Philosopher\u0027s Stone"],"picked":"Fusion Hammer"},{"not_picked":["SacredBark","Velvet Choker"],"picked":"Busted Crown"}],"items_purged_floors":[5,14,29,39],"is_endless":false,"potions_floor_spawned":[8,11,16,21,22,23,24,37,38,42,44],"killed_by":"The Heart","ascension_level":5}}