{"host":"c3lc60y5x60jlt1y","time":1611769286,"event":{"mods":["AchievementEnabler","BaseMod","Bestiary","Colored Map","Minty Spire (QoL Compilation)","Quick Restart","StSLib","ojb\u0027s Info Mod"],"gold_per_floor":[111,36,36,46,46,81,81,113,137,165,165,179,179,199,199,199,199],"floor_reached":16,"language":"ENG","playtime":449,"items_purged":["Strike_R"],"score":286,"play_id":"bf148ea2-0da3-416d-ba30-ef4468f147e8","local_time":"20210127194126","is_ascension_mode":true,"campfire_choices":[{"data":"Bash","floor":7,"key":"SMITH"},{"data":"Barricade","floor":11,"key":"SMITH"},{"data":"Cleave","floor":13,"key":"SMITH"},{"data":"Inflame","floor":15,"key":"SMITH"}],"circlet_count":0,"master_deck":["AscendersBane","Strike_R","Strike_R","Strike_R","Strike_R","Defend_R","Defend_R","Defend_R","Defend_R","Bash+1","Metallicize","Blood for Blood","Cleave+1","Barricade+1","Thunderclap","Inflame+1"],"relics":["Burning Blood","NeowsBlessing","Toy Ornithopter","Ancient Tea Set","Anchor","PreservedInsect","Smiling Mask"],"acts_visited":["Exordium"],"potions_floor_usage":[10,10,16],"damage_taken":[{"damage":0,"enemies":"Cultist","floor":1,"turns":1},{"damage":0,"enemies":"Jaw Worm","floor":4,"turns":1},{"damage":0,"enemies":"Gremlin Nob","floor":6,"turns":1},{"damage":41,"enemies":"Lagavulin","floor":8,"turns":6},{"damage":9,"enemies":"3 Sentries","floor":10,"turns":5},{"damage":0,"enemies":"2 Louse","floor":12,"turns":3},{"damage":15,"enemies":"Exordium Thugs","floor":14,"turns":4},{"damage":54,"enemies":"Hexaghost","floor":16,"turns":10}],"seed_played":"2317976509218753555","potions_obtained":[{"floor":4,"key":"SteroidPotion"},{"floor":6,"key":"GamblersBrew"},{"floor":8,"key":"Strength Potion"},{"floor":14,"key":"Strength Potion"}],"is_trial":false,"path_per_floor":["M","$","?","M","$","E","R","E","T","E","R","M","R","M","R","B"],"character_chosen":"IRONCLAD","items_purchased":[],"campfire_rested":0,"item_purchase_floors":[],"current_hp_per_floor":[74,74,74,75,75,75,75,40,40,47,47,53,53,44,44,0,0],"gold":199,"neow_bonus":"THREE_ENEMY_KILL","is_daily":false,"chose_seed":false,"campfire_upgraded":4,"win_rate":0.0,"timestamp":1611769286,"path_taken":["M","$","?","M","?","E","R","E","T","E","R","M","R","?","R","BOSS"],"items_purchased_type":[],"build_version":"2020-12-22","purchased_purges":1,"victory":false,"max_hp_per_floor":[75,75,75,75,75,75,75,75,75,75,75,75,75,75,75,75,75],"card_choices":[{"not_picked":["Body Slam","Infernal Blade"],"picked":"Thunderclap","floor":1},{"not_picked":["Clash","Feel No Pain"],"picked":"Metallicize","floor":4},{"not_picked":["True Grit","Disarm"],"picked":"Blood for Blood","floor":6},{"not_picked":["Headbutt","Sword Boomerang"],"picked":"Cleave","floor":8},{"not_picked":["Metallicize","Spot Weakness"],"picked":"Barricade","floor":10},{"not_picked":["Perfected Strike","Feel No Pain"],"picked":"Thunderclap","floor":12},{"not_picked":["Flex","Pommel Strike"],"picked":"Inflame","floor":14}],"player_experience":8655480,"relics_obtained":[{"floor":6,"key":"Ancient Tea Set"},{"floor":8,"key":"Anchor"},{"floor":9,"key":"PreservedInsect"},{"floor":10,"key":"Smiling Mask"}],"event_choices":[{"cards_removed":["Thunderclap"],"damage_healed":0,"gold_gain":0,"player_choice":"Gave Card","damage_taken":0,"relics_obtained":["Toy Ornithopter"],"max_hp_gain":0,"max_hp_loss":0,"event_name":"WeMeetAgain","floor":3,"gold_loss":0}],"is_beta":false,"boss_relics":[],"items_purged_floors":[2],"is_endless":false,"potions_floor_spawned":[4,6,8,14],"killed_by":"Hexaghost","ascension_level":20}}