{"host":"oi6p1guiqfwwvxym","time":1611777231,"event":{"mods":["BaseMod","Bestiary","Colored Map","Minty Spire (QoL Compilation)","Relic Stats"],"gold_per_floor":[17,33,51,51,51,51,51],"floor_reached":6,"language":"ENG","playtime":332,"items_purged":[],"score":72,"play_id":"fe359022-7027-4cd7-83eb-e7aff55e5f12","local_time":"20210127115351","is_ascension_mode":true,"campfire_choices":[],"circlet_count":0,"master_deck":["AscendersBane","Strike_R","Strike_R","Strike_R","Strike_R","Defend_R","Defend_R","Defend_R","Defend_R","Bash","Brutality","Shrug It Off","Headbutt"],"relics":["Burning Blood","Regal Pillow"],"acts_visited":["Exordium"],"potions_floor_usage":[],"damage_taken":[{"damage":10,"enemies":"Cultist","floor":1,"turns":4},{"damage":7,"enemies":"Jaw Worm","floor":2,"turns":5},{"damage":1,"enemies":"Small Slimes","floor":3,"turns":4},{"damage":54,"enemies":"Lagavulin","floor":6,"turns":8}],"seed_played":"-5528756023364682672","potions_obtained":[],"is_trial":false,"path_per_floor":["M","M","M","?","?","E"],"character_chosen":"IRONCLAD","items_purchased":[],"campfire_rested":0,"item_purchase_floors":[],"current_hp_per_floor":[64,63,68,50,43,0,0],"gold":51,"neow_bonus":"THREE_RARE_CARDS","is_daily":false,"chose_seed":false,"campfire_upgraded":0,"win_rate":0.0,"timestamp":1611777231,"path_taken":["M","M","M","?","?","E"],"items_purchased_type":[],"build_version":"2020-12-22","purchased_purges":0,"victory":false,"max_hp_per_floor":[75,75,75,75,75,75,75],"relic_stats":{"Regal Pillow":0,"counters":[4,21],"obtain_stats":[{"Regal Pillow":4,"Burning Blood":0},{"Regal Pillow":3,"Burning Blood":0},{"Regal Pillow":13,"Burning Blood":0}],"Burning Blood":18},"card_choices":[{"not_picked":["Corruption","Juggernaut"],"picked":"Brutality","floor":0},{"not_picked":["Warcry","Dark Embrace"],"picked":"Shrug It Off","floor":1},{"not_picked":["Armaments","Heavy Blade","Dual Wield"],"picked":"SKIP","floor":2},{"not_picked":["Sword Boomerang","Twin Strike"],"picked":"Headbutt","floor":3}],"player_experience":399521,"relics_obtained":[],"event_choices":[{"damage_healed":0,"gold_gain":0,"player_choice":"Success","damage_taken":18,"relics_obtained":["Regal Pillow"],"max_hp_gain":0,"max_hp_loss":0,"event_name":"Scrap Ooze","floor":4,"gold_loss":0},{"cards_removed":["Strike_R"],"damage_healed":0,"gold_gain":0,"player_choice":"Card Removal","damage_taken":7,"max_hp_gain":0,"max_hp_loss":0,"event_name":"Golden Wing","floor":5,"gold_loss":0}],"is_beta":false,"boss_relics":[],"items_purged_floors":[],"is_endless":false,"potions_floor_spawned":[],"killed_by":"Lagavulin","ascension_level":20}}