{"host":"atu1skz5iq69e5lr","time":1611785050,"event":{"mods":["AchievementEnabler","Aspiration","BaseMod","Colored Map","Conspire","Evolution","Friendly Minions","Highlight Path","HololiveMod","Hubris","Infinite Spire","Keyboard Shortcuts","Minty Spire (QoL Compilation)","Reliquary","Replay The Spire","Shop Mod","StSLib"],"gold_per_floor":[99,99,99,99,99,124,124,124,124,176,176,176,176,187,187,10240,10240,10240],"floor_reached":20,"language":"ENG","playtime":124,"items_purged":[],"score":1159,"play_id":"91577bfc-4a4f-4e72-9b09-d0fa650c2cd9","local_time":"20210127230410","is_ascension_mode":true,"campfire_choices":[{"data":"Defend_R","floor":8,"key":"SMITH"},{"data":"Iron Wave","floor":10,"key":"SMITH"}],"circlet_count":0,"master_deck":["AscendersBane","Twin Strike","Cleave","Iron Wave+1","Sword Boomerang","ReplayTheSpireMod:Strike From Hell","True Grit","Armaments","Shrug It Off","Defend_R+1"],"relics":["Burning Blood","EVO:Axolotl","Hololive_LightStick"],"acts_visited":["Exordium","TheBeyond"],"potions_floor_usage":[],"damage_taken":[{"damage":0,"enemies":"3 Shapes","floor":3,"turns":1},{"damage":0,"enemies":"Orb Walker","floor":4,"turns":1},{"damage":0,"enemies":"Transient","floor":6,"turns":1},{"damage":0,"enemies":"Mind Bloom Boss Battle","floor":7,"turns":1},{"damage":0,"enemies":"3 Darklings","floor":12,"turns":1},{"damage":0,"enemies":"Writhing Mass","floor":13,"turns":1},{"damage":0,"enemies":"Reptomancer","floor":14,"turns":1},{"damage":0,"enemies":"Sphere and 2 Shapes","floor":15,"turns":1},{"damage":0,"enemies":"2 Orb Walkers","floor":17,"turns":1},{"damage":0,"enemies":"Time Eater","floor":18,"turns":1},{"damage":0,"enemies":"conspire:OrnateMirror","floor":19,"turns":1}],"seed_played":"-1828326374500756143","potions_obtained":[],"is_trial":false,"path_per_floor":["M","M","$","M","?","R","T","R","T","M","M","E","M","?","R_BF","B","B",null],"character_chosen":"IRONCLAD","items_purchased":[],"campfire_rested":0,"item_purchase_floors":[],"current_hp_per_floor":[80,82,82,82,82,82,82,82,82,82,82,82,82,82,82,82,82,82],"gold":10240,"neow_bonus":"TEN_PERCENT_HP_BONUS","is_daily":false,"chose_seed":false,"campfire_upgraded":2,"win_rate":0.0,"timestamp":1611785050,"path_taken":["M","M","$","M","?","R","?","R","T","M","M","E","M","?","R_BF","BOSS","BOSS"],"items_purchased_type":[],"build_version":"2020-12-22","purchased_purges":0,"victory":true,"max_hp_per_floor":[82,82,82,82,82,82,82,82,82,82,82,82,82,82,82,82,82,82],"card_choices":[{"not_picked":["Flame Barrier","Iron Wave+1","Shockwave"],"picked":"SKIP","floor":3},{"not_picked":["ReplayTheSpireMod:Strike From Hell","Flex","Run Through"],"picked":"SKIP","floor":4},{"not_picked":["Perfected Strike","Clash","Iron Wave"],"picked":"SKIP","floor":6},{"not_picked":["Iron Wave","Body Slam+1","Thunderclap"],"picked":"SKIP","floor":12},{"not_picked":["hubris:CleavingFinish","Demon Form","Havoc"],"picked":"SKIP","floor":13},{"not_picked":["Second Wind+1","Clothesline","ReplayReversal"],"picked":"SKIP","floor":14},{"not_picked":["Perfected Strike+1","Spot Weakness","Run Through"],"picked":"SKIP","floor":15}],"player_experience":63039,"relics_obtained":[{"floor":11,"key":"Hololive_LightStick"}],"event_choices":[{"damage_healed":0,"gold_gain":0,"player_choice":"Fight","damage_taken":0,"max_hp_gain":0,"max_hp_loss":0,"event_name":"MindBloom","floor":7,"gold_loss":0},{"cards_removed":["Bash"],"damage_healed":0,"gold_gain":0,"player_choice":"Removed Attack","damage_taken":0,"max_hp_gain":0,"max_hp_loss":0,"event_name":"Falling","floor":16,"gold_loss":0},{"damage_healed":0,"gold_gain":0,"player_choice":"Fight","damage_taken":0,"max_hp_gain":0,"max_hp_loss":0,"event_name":"Mysterious Sphere","floor":17,"gold_loss":0}],"is_beta":false,"boss_relics":[],"items_purged_floors":[],"is_endless":false,"potions_floor_spawned":[4,12,14,17],"ascension_level":20}}