{"host":"c5slkkw8hp42e20v","time":1611726858,"event":{"mods":["AchievementEnabler","BaseMod","Better Note","BetterRewards","Clawfect","Colored Powertips","DeckTracker","Duelist Mod","Friendly Minions","GifTheSpireLib","Hermit","Highlight Path","Minty Spire (QoL Compilation)","Quick Restart","Rare Cards Sparkle","Replay The Spire","Spicy Shops","StSLib","The Administrix","The Animator","The Bug Knight","The Hierophant","The Necromancer","The Poker Player","The Runesmith","The Senshi","The Servant 0.9.4","????"],"gold_per_floor":[114,127,44,61,107,107,133,146,146,70,70,70,87,101,101,203,203,216,216,231,231,231],"floor_reached":21,"language":"ENG","playtime":907,"items_purged":[],"score":231,"play_id":"1529869b-ea15-498e-bb1e-96f131349323","local_time":"20210126235418","is_ascension_mode":false,"campfire_choices":[{"data":"Eruption","floor":6,"key":"SMITH"},{"floor":11,"key":"REST"},{"floor":15,"key":"REST"}],"circlet_count":0,"master_deck":["Strike_P","Strike_P","Strike_P","Strike_P","Defend_P","Defend_P","Defend_P","Defend_P","Eruption+1","Vigilance","Evaluate","BowlingBash","InnerPeace","FollowUp","SashWhip","FollowUp","CarveReality","JustLucky","ConjureBlade","DevaForm","Study","Consecrate+1"],"relics":["PureWater","NeowsBlessing","Damaru","Ginger","Boot","Nunchaku","VioletLotus"],"acts_visited":["Exordium","TheCity"],"potions_floor_usage":[],"damage_taken":[{"damage":0,"enemies":"Cultist","floor":1,"turns":2},{"damage":0,"enemies":"Jaw Worm","floor":2,"turns":1},{"damage":2,"enemies":"2 Louse","floor":4,"turns":2},{"damage":42,"enemies":"Gremlin Nob","floor":7,"turns":6},{"damage":12,"enemies":"Gremlin Gang","floor":8,"turns":10},{"damage":6,"enemies":"Blue Slaver","floor":13,"turns":3},{"damage":3,"enemies":"Lots of Slimes","floor":14,"turns":3},{"damage":0,"enemies":"Slime Boss","floor":16,"turns":5},{"damage":2,"enemies":"Chosen","floor":18,"turns":3},{"damage":49,"enemies":"Spheric Guardian","floor":20,"turns":6},{"damage":26,"enemies":"Snake Plant","floor":21,"turns":3}],"seed_played":"-1552794258417614530","potions_obtained":[{"floor":4,"key":"SpeedPotion"},{"floor":14,"key":"FearPotion"},{"floor":20,"key":"Strength Potion"}],"is_trial":false,"path_per_floor":["M","M","$","M","T","R","E","M","T","$","R","?","M","M","R","B",null,"M","?","M","M"],"character_chosen":"WATCHER","items_purchased":["InnerPeace","FollowUp","Boot"],"campfire_rested":2,"item_purchase_floors":[3,3,10],"current_hp_per_floor":[72,72,72,70,70,70,28,16,16,16,37,37,31,28,49,49,72,70,70,21,0,0],"gold":231,"neow_bonus":"THREE_ENEMY_KILL","is_daily":false,"chose_seed":false,"campfire_upgraded":1,"win_rate":0.0,"timestamp":1611726858,"path_taken":["M","M","?","M","?","R","E","M","T","$","R","?","?","M","R","BOSS","M","?","M","M"],"items_purchased_type":["Card","Card","Relic"],"build_version":"2020-12-22","purchased_purges":0,"victory":false,"max_hp_per_floor":[72,72,72,72,72,72,72,72,72,72,72,72,72,72,72,72,72,72,72,72,72,72],"card_choices":[{"not_picked":["Replay:AtTheReady","WaveOfTheHand"],"picked":"Evaluate","floor":1},{"not_picked":["Evaluate","Replay:AtTheReady"],"picked":"BowlingBash","floor":2},{"not_picked":["BowlingBash","ClearTheMind"],"picked":"SashWhip","floor":4},{"not_picked":["WaveOfTheHand","Sanctity"],"picked":"FollowUp","floor":7},{"not_picked":["Fasting2","Study"],"picked":"CarveReality","floor":8},{"not_picked":["ThirdEye","EmptyMind"],"picked":"JustLucky","floor":13},{"not_picked":["Evaluate","Replay:Vibes"],"picked":"ConjureBlade","floor":14},{"not_picked":["Replay:AllIn","Scrawl"],"picked":"DevaForm","floor":16},{"not_picked":["Replay:Cycle","Replay:AtTheReady"],"picked":"Study","floor":18},{"not_picked":["BowlingBash","EmptyFist+1"],"picked":"Consecrate+1","floor":20}],"player_experience":118809,"relics_obtained":[{"floor":5,"key":"Damaru"},{"floor":7,"key":"Ginger"}],"event_choices":[{"damage_healed":0,"gold_gain":0,"player_choice":"Gave Potion","damage_taken":0,"relics_obtained":["Nunchaku"],"max_hp_gain":0,"max_hp_loss":0,"event_name":"WeMeetAgain","floor":12,"gold_loss":0},{"damage_healed":0,"gold_gain":0,"player_choice":"Ignored","damage_taken":0,"max_hp_gain":0,"max_hp_loss":0,"event_name":"betterNote:BetterNote","floor":19,"gold_loss":0,"cards_obtained":["Slice"]}],"is_beta":false,"boss_relics":[{"not_picked":["SacredBark","Calling Bell"],"picked":"VioletLotus"}],"items_purged_floors":[],"is_endless":false,"potions_floor_spawned":[4,14,20],"killed_by":"Snake Plant","ascension_level":0}}