{"host":"6xsbn6ynqlzwllfm","time":1611766618,"event":{"mods":["2.2 Compatiblity","BaseMod","Bestiary","Colored Map","Colored Powertips","Curses Come First","Highlight Path","Keyboard Shortcuts","Minty Spire (QoL Compilation)","Relic Stats","Slay the Relics Exporter","StSLib","SuperFastMode"],"gold_per_floor":[116,128,143,160,174,174,204,204,249,264,264,264,275,275,275,348,348,358,376,214,214,45,45,45],"floor_reached":23,"language":"ENG","playtime":1275,"items_purged":["Strike_B"],"score":371,"play_id":"6e93b04f-a96a-4f02-831e-395d8775bce9","local_time":"20210127115658","is_ascension_mode":true,"campfire_choices":[{"floor":6,"key":"REST"},{"floor":8,"key":"REST"},{"floor":11,"key":"REST"},{"data":"Defragment","floor":15,"key":"SMITH"}],"circlet_count":0,"master_deck":["AscendersBane","Strike_B","Strike_B","Defend_B","Defend_B","Defend_B","Defend_B","Zap","Dualcast","Barrage","Cold Snap","Defragment+1","Sweeping Beam","Undo","Sweeping Beam","Coolheaded","Undo","Buffer","Conserve Battery+1","Capacitor","Loop","Cold Snap"],"relics":["Cracked Core","Omamori","Gremlin Horn","Dream Catcher","Sozu","OrangePellets"],"acts_visited":["Exordium","TheCity"],"potions_floor_usage":[5,7,13,17,21],"damage_taken":[{"damage":1,"enemies":"Cultist","floor":1,"turns":3},{"damage":10,"enemies":"2 Louse","floor":2,"turns":3},{"damage":5,"enemies":"Jaw Worm","floor":3,"turns":3},{"damage":17,"enemies":"Large Slime","floor":4,"turns":8},{"damage":28,"enemies":"Gremlin Gang","floor":5,"turns":4},{"damage":20,"enemies":"3 Sentries","floor":7,"turns":6},{"damage":4,"enemies":"Blue Slaver","floor":10,"turns":4},{"damage":0,"enemies":"Lots of Slimes","floor":13,"turns":1},{"damage":15,"enemies":"The Guardian","floor":16,"turns":17},{"damage":14,"enemies":"Shell Parasite","floor":18,"turns":9},{"damage":15,"enemies":"Chosen","floor":19,"turns":6},{"damage":0,"enemies":"Shelled Parasite and Fungi","floor":21,"turns":1},{"damage":47,"enemies":"Slavers","floor":23,"turns":6}],"seed_played":"-7404831258732035668","potions_obtained":[{"floor":1,"key":"SteroidPotion"},{"floor":2,"key":"CultistPotion"},{"floor":10,"key":"GamblersBrew"},{"floor":14,"key":"Fruit Juice"},{"floor":14,"key":"SmokeBomb"}],"is_trial":false,"path_per_floor":["M","M","M","M","M","R","E","R","T","M","R","?","M","?","R","B",null,"M","M","$","M","$","E"],"character_chosen":"DEFECT","items_purchased":["Loop","Cold Snap","OrangePellets"],"campfire_rested":3,"item_purchase_floors":[20,20,22],"current_hp_per_floor":[63,53,48,31,3,24,4,25,25,21,42,35,35,35,35,20,63,49,34,34,34,34,0,0],"gold":45,"neow_bonus":"RANDOM_COMMON_RELIC","is_daily":false,"chose_seed":false,"campfire_upgraded":1,"win_rate":0.0,"timestamp":1611766618,"path_taken":["M","M","M","?","?","R","E","R","T","M","R","?","M","?","R","BOSS","M","M","?","M","$","E"],"items_purchased_type":["Card","Card","Relic"],"build_version":"2020-12-22","purchased_purges":1,"victory":false,"max_hp_per_floor":[71,71,71,71,71,71,71,71,71,71,71,71,71,71,71,71,76,76,76,76,76,76,76,76],"relic_stats":{"Sozu":1,"OrangePellets":[2],"Dream Catcher":1,"Gremlin Horn":[4,4],"counters":[13,71],"obtain_stats":[{"Sozu":17,"OrangePellets":22,"Dream Catcher":9,"Gremlin Horn":7,"Omamori":0,"Cracked Core":0},{"Sozu":9,"OrangePellets":12,"Dream Catcher":6,"Gremlin Horn":6,"Omamori":0,"Cracked Core":0},{"Sozu":49,"OrangePellets":65,"Dream Catcher":27,"Gremlin Horn":27,"Omamori":0,"Cracked Core":0}]},"card_choices":[{"not_picked":["Scrape","Redo"],"picked":"Barrage","floor":1},{"not_picked":["Redo","Steam"],"picked":"Cold Snap","floor":2},{"not_picked":["Undo","Rebound"],"picked":"Defragment","floor":3},{"not_picked":["Stack","Steam Power"],"picked":"Sweeping Beam","floor":4},{"not_picked":["Streamline","Coolheaded"],"picked":"Undo","floor":5},{"not_picked":["Recycle","Blizzard"],"picked":"Sweeping Beam","floor":7},{"not_picked":["Melter","Scrape"],"picked":"Coolheaded","floor":10},{"not_picked":["Storm","Steam"],"picked":"Undo","floor":13},{"not_picked":["Thunder Strike","Electrodynamics"],"picked":"Buffer","floor":16},{"not_picked":["Storm","Go for the Eyes"],"picked":"Conserve Battery+1","floor":18},{"not_picked":["Scrape","Cold Snap"],"picked":"Capacitor","floor":19}],"player_experience":1160567,"relics_obtained":[{"floor":7,"key":"Gremlin Horn"},{"floor":9,"key":"Dream Catcher"}],"event_choices":[{"cards_removed":["Strike_B"],"damage_healed":0,"gold_gain":0,"player_choice":"Card Removal","damage_taken":7,"max_hp_gain":0,"max_hp_loss":0,"event_name":"Golden Wing","floor":12,"gold_loss":0},{"damage_healed":0,"gold_gain":0,"player_choice":"Got Potions","damage_taken":0,"max_hp_gain":0,"max_hp_loss":0,"event_name":"Lab","floor":14,"gold_loss":0}],"is_beta":false,"boss_relics":[{"not_picked":["Empty Cage","Fusion Hammer"],"picked":"Sozu"}],"items_purged_floors":[20],"is_endless":false,"potions_floor_spawned":[1,2,4,10,19],"killed_by":"Slavers","ascension_level":18}}