{"host":"uvmuduost5bzvojs","time":1611789640,"event":{"mods":["Aspiration","Bard","BaseMod","Better Match","Block Reminder","Conspire","Hermit","Highlight Path","Hubris","Infinite Spire","Jorbs\u0027s Wanderer Trilogy","Mad Scientist","Marisa????????","Mimic Mod","Minty Spire (QoL Compilation)","Potionbrewer","Replay The Spire","Robot Space Explorer","StSLib","The Blackbeard","The Construct","The Cursed","The Disciple","The Hayseed","The Hierophant","The Juggle","The Jungle","The Poker Player","The Runesmith","The Servant 0.9.4","The Spell Scribe","The Valiant","TheBandit"],"gold_per_floor":[105,105,110,144,165,193,193,193,217,85,96,36,36,50,50,137,137,90,88,88,91,91,91,68,68,68,68,119,48,48,48,0,0],"floor_reached":33,"language":"ENG","playtime":2814,"items_purged":["hierophant:Strike_Hierophant"],"score":273,"play_id":"95ef901c-eaa9-4fb6-9d4b-c28a72e08803","local_time":"20210127182040","is_ascension_mode":false,"campfire_choices":[{"data":"hierophant:OrnateBuckler","floor":7,"key":"SMITH"},{"data":"hierophant:Generosity","floor":13,"key":"SMITH"},{"floor":15,"key":"REST"},{"data":"hierophant:RustyCrate","floor":23,"key":"SMITH"},{"data":"hierophant:RustyCrate","floor":25,"key":"SMITH"},{"data":"hierophant:Generosity","floor":27,"key":"SMITH"},{"floor":32,"key":"REST"}],"circlet_count":0,"master_deck":["hierophant:Punish","hierophant:Defend_Hierophant","hierophant:Defend_Hierophant","hierophant:ChurchCoffers","hierophant:Doubloon","hierophant:Generosity+1","hierophant:OrnateBuckler+1","Finisher","Endless Agony","hierophant:OrnateBuckler","hierophant:AuricShield","hierophant:Mercenaries","hierophant:Charity","hierophant:Charity","hierophant:Doubloon","hierophant:Doubloon","hierophant:Mercenaries+1","hierophant:OrnateJavelin","hierophant:Doubloon","hierophant:Generosity+1","hierophant:OrnateBuckler","hierophant:RustyCrate+1","hierophant:Doubloon","hierophant:Doubloon","hierophant:RustyCrate+1","hierophant:Doubloon","hierophant:Doubloon","hierophant:Doubloon","hierophant:Remorse","hierophant:Charity","hierophant:Doubloon"],"relics":["hierophant:PropheticMaskRelic","infinitespire:Golems Mask","Bronze Scales","Ancient Tea Set","Replay:Drink Me","Anchor","hubris:Teleporter","Darkstone Periapt"],"acts_visited":["Exordium","TheCity"],"potions_floor_usage":[4,16,33],"damage_taken":[{"damage":10,"enemies":"Jaw Worm","floor":1,"turns":4},{"damage":0,"enemies":"Cultist","floor":3,"turns":3},{"damage":10,"enemies":"Small Slimes","floor":4,"turns":2},{"damage":0,"enemies":"Blue Slaver","floor":5,"turns":2},{"damage":6,"enemies":"Gremlin Nob","floor":6,"turns":3},{"damage":12,"enemies":"Exordium Thugs","floor":11,"turns":3},{"damage":26,"enemies":"3 Sentries","floor":14,"turns":5},{"damage":4,"enemies":"Slime Boss","floor":16,"turns":5},{"damage":11,"enemies":"2 Thieves","floor":18,"turns":2},{"damage":19,"enemies":"3 Byrds","floor":19,"turns":2},{"damage":0,"enemies":"Snecko","floor":21,"turns":2},{"damage":6,"enemies":"Book of Stabbing","floor":24,"turns":4},{"damage":0,"enemies":"Snake Plant","floor":29,"turns":1},{"damage":79,"enemies":"hubris:MusketHawk","floor":33,"turns":6}],"seed_played":"666750709568553936","potions_obtained":[{"floor":1,"key":"potionbrewer:NoxiousPotion"},{"floor":5,"key":"potionbrewer:CleansingPotion"},{"floor":14,"key":"Elixir"},{"floor":18,"key":"potionbrewer:BarricadePotion"}],"is_trial":false,"path_per_floor":["M","?","M","M","M","E","R","?","T","$","M","$","R","E","R","B",null,"M","M","?","M","?","R","E","R","T","R","M","$","?","R","B"],"character_chosen":"HIEROPHANT","items_purchased":["hierophant:Charity","hierophant:Mercenaries+1","hierophant:Charity"],"campfire_rested":2,"item_purchase_floors":[10,12,30],"current_hp_per_floor":[65,65,65,55,55,49,49,42,42,42,30,30,30,4,26,22,57,46,27,27,27,27,27,21,21,21,21,21,21,21,38,0,0],"gold":0,"neow_bonus":"THREE_RARE_CARDS","is_daily":false,"chose_seed":false,"campfire_upgraded":5,"win_rate":0.0,"timestamp":1611789640,"path_taken":["M","?","?","M","M","E","R","?","T","$","M","$","R","E","R","BOSS","M","M","?","?","?","R","E","R","T","R","M","$","?","R","BOSS"],"items_purchased_type":["Card","Card","Card"],"build_version":"2020-12-22","purchased_purges":1,"victory":false,"max_hp_per_floor":[75,75,75,75,75,75,75,75,75,75,75,75,75,75,75,75,57,57,57,57,57,57,57,57,57,57,57,57,57,57,57,57,57],"card_choices":[{"not_picked":["hierophant:Determination","hierophant:WrathOfGod"],"picked":"hierophant:Generosity","floor":0},{"not_picked":["hierophant:Martyrdom","hierophant:EyeForCoin"],"picked":"hierophant:OrnateBuckler","floor":1},{"not_picked":["hierophant:Sermon","hierophant:ThreeLashes"],"picked":"hierophant:OrnateBuckler","floor":3},{"not_picked":["hierophant:Racketeering","hierophant:SealAway"],"picked":"hierophant:AuricShield","floor":4},{"not_picked":["hierophant:Remorse","hierophant:SolarFlare"],"picked":"hierophant:Mercenaries","floor":5},{"not_picked":["hierophant:TollTheBells","hierophant:Mercenaries","hierophant:FlamingChariot"],"picked":"SKIP","floor":6},{"not_picked":["hierophant:PristineSoul","hierophant:FieryStrike","hierophant:AuricBeam"],"picked":"SKIP","floor":11},{"not_picked":["hierophant:Batter","hierophant:Bribe"],"picked":"hierophant:OrnateJavelin","floor":14},{"not_picked":["hierophant:Kindle","hierophant:Levitation"],"picked":"hierophant:Generosity","floor":16},{"not_picked":["hierophant:DisplayOfPower+1","hierophant:Chorus+1"],"picked":"hierophant:OrnateBuckler","floor":18},{"not_picked":["hierophant:Prophecy","hierophant:HolyVerse"],"picked":"hierophant:RustyCrate","floor":19},{"not_picked":["hierophant:HolyVerse","hierophant:Repentance+1","hierophant:FlamingChariot"],"picked":"SKIP","floor":21},{"not_picked":["hierophant:PristineSoul","hierophant:Flagellation+1"],"picked":"hierophant:RustyCrate","floor":24},{"not_picked":["hierophant:Upheaval","hierophant:Smite"],"picked":"hierophant:Remorse","floor":29}],"player_experience":1858515,"relics_obtained":[{"floor":6,"key":"infinitespire:Golems Mask"},{"floor":9,"key":"Bronze Scales"},{"floor":14,"key":"Ancient Tea Set"},{"floor":24,"key":"hubris:Teleporter"},{"floor":26,"key":"Darkstone Periapt"}],"event_choices":[{"cards_removed":["Injury"],"damage_healed":0,"gold_gain":0,"player_choice":"Card Removal","damage_taken":7,"max_hp_gain":0,"max_hp_loss":0,"event_name":"Golden Wing","floor":8,"gold_loss":0},{"damage_healed":0,"gold_gain":0,"player_choice":"Gave Potion","damage_taken":0,"relics_obtained":["Anchor"],"max_hp_gain":0,"max_hp_loss":0,"event_name":"WeMeetAgain","floor":20,"gold_loss":0},{"damage_healed":0,"gold_gain":0,"player_choice":"Ignored","damage_taken":0,"max_hp_gain":0,"max_hp_loss":0,"event_name":"Vampires","floor":31,"gold_loss":0}],"is_beta":false,"boss_relics":[{"not_picked":["Fusion Hammer","SacredBark"],"picked":"Replay:Drink Me"}],"items_purged_floors":[10],"is_endless":false,"potions_floor_spawned":[1,5,14,18],"killed_by":"hubris:MusketHawk","ascension_level":0}}