{"host":"zk71suw73lg2r165","time":1611774733,"event":{"mods":["BaseMod","Colored Map","Minty Spire (QoL Compilation)","Permanent Neow","Relic Stats","StSLib"],"gold_per_floor":[114,133,147,166,166,166,166],"floor_reached":6,"language":"ENG","playtime":187,"items_purged":[],"score":76,"play_id":"61e92770-926a-4082-9c4c-06983108e453","local_time":"20210127141213","is_ascension_mode":true,"campfire_choices":[],"circlet_count":0,"master_deck":["AscendersBane","Strike_B","Strike_B","Strike_B","Strike_B","Defend_B","Defend_B","Defend_B","Defend_B","Zap","Dualcast","Genetic Algorithm","Sweeping Beam","Darkness","Cold Snap"],"relics":["Cracked Core","Strawberry"],"acts_visited":["Exordium"],"potions_floor_usage":[],"damage_taken":[{"damage":6,"enemies":"Cultist","floor":1,"turns":4},{"damage":4,"enemies":"Jaw Worm","floor":2,"turns":4},{"damage":5,"enemies":"Small Slimes","floor":3,"turns":3},{"damage":9,"enemies":"3 Louse","floor":4,"turns":4},{"damage":12,"enemies":"Lagavulin","floor":6,"turns":5}],"seed_played":"-579585612868855966","potions_obtained":[{"floor":2,"key":"Ancient Potion"},{"floor":3,"key":"Fire Potion"}],"is_trial":false,"path_per_floor":["M","M","M","M","?","E"],"character_chosen":"DEFECT","items_purchased":[],"campfire_rested":0,"item_purchase_floors":[],"current_hp_per_floor":[58,54,49,40,12,0,0],"gold":166,"neow_bonus":"THREE_CARDS","is_daily":false,"chose_seed":false,"campfire_upgraded":0,"win_rate":0.0,"timestamp":1611774733,"path_taken":["M","M","M","M","?","E"],"items_purchased_type":[],"build_version":"2020-12-22","purchased_purges":0,"victory":false,"max_hp_per_floor":[71,71,71,71,78,78,78],"relic_stats":{"counters":[5,20],"obtain_stats":[{"Strawberry":5,"Cracked Core":0},{"Strawberry":4,"Cracked Core":0},{"Strawberry":15,"Cracked Core":0}]},"card_choices":[{"not_picked":["Recycle","Cold Snap"],"picked":"Genetic Algorithm","floor":0},{"not_picked":["Rebound","Streamline","Reprogram"],"picked":"SKIP","floor":1},{"not_picked":["Cold Snap","Turbo"],"picked":"Sweeping Beam","floor":2},{"not_picked":["BootSequence","Coolheaded"],"picked":"Darkness","floor":3},{"not_picked":["Darkness","Go for the Eyes"],"picked":"Cold Snap","floor":4}],"player_experience":1391028,"relics_obtained":[],"event_choices":[{"damage_healed":0,"gold_gain":0,"player_choice":"Success","damage_taken":35,"relics_obtained":["Strawberry"],"max_hp_gain":0,"max_hp_loss":0,"event_name":"Scrap Ooze","floor":5,"gold_loss":0}],"is_beta":false,"boss_relics":[],"items_purged_floors":[],"is_endless":false,"potions_floor_spawned":[2,3],"killed_by":"Lagavulin","ascension_level":20}}