{"host":"bw00wb7p5bw58om7","time":1611758786,"event":{"mods":["100% Spire Juice","Act Like it!","BaseMod","Better Third Choice","CapriCore","Chen","Downfall","Gensokyo","Koishi","KomeijiMod","Marisa????????","Minty Spire (QoL Compilation)","Onozuka Komachi Mod","Permanent Neow","Prisma Mod","Reimu??????","Remilia??????","StSLib","The Administrix","The Immortal","The Senshi","The Servant 0.9.4","Yakumo Yukari mod"],"gold_per_floor":[14,14,29,45,57,85,85,110,110,122,122,136,84,94,94,191,191,211,221,240,240,240,271,271,271,343,373,135,165,10,37,37,140,140,156,167,167,167,12,40,40,73,73,106,106,106,106,117,117,117],"floor_reached":51,"language":"ENG","playtime":3593,"items_purged":["Koishi:FidgetySnatcher"],"score":985,"play_id":"a0d55286-0b93-4535-8200-418fd65fe8cd","local_time":"20210127144626","is_ascension_mode":true,"campfire_choices":[{"data":"Koishi:StingingMind","floor":7,"key":"SMITH"},{"data":"1","floor":15,"key":"LIFT"},{"data":"Koishi:Ego","floor":24,"key":"SMITH"},{"data":"2","floor":32,"key":"LIFT"},{"data":"3","floor":41,"key":"LIFT"},{"data":"Koishi:ReleaseOfTheId","floor":47,"key":"SMITH"},{"data":"Koishi:SuperEgo","floor":49,"key":"SMITH"}],"circlet_count":0,"master_deck":["Koishi:BasicStrike","Koishi:BasicStrike","Koishi:BasicStrike","Koishi:BasicStrike","Koishi:BasicDefend","Koishi:BasicDefend","Koishi:BasicDefend","Koishi:BasicDefend","Koishi:Provoke","Koishi:HauntingSlash","Koishi:StingingMind+1","Koishi:YoukaiPolygraph","Koishi:Untouchable","Koishi:StingingMind","Koishi:PredatoryInstincts","Koishi:SprinkleStarAndHeart","Koishi:Ego+1","Koishi:StingingMind","Koishi:JumpScare","Koishi:Ego","Koishi:SubconsciousSweep","Koishi:ReleaseOfTheId+1","Koishi:DreadfulBlow+1","Koishi:RacingHeart+1","Koishi:SubterraneanRose","Koishi:FreudianInstinct+1","Koishi:ReleaseOfTheId","Night Terror","Koishi:Vanish","Koishi:SuperEgo+1","Koishi:MindStellarRelief","Koishi:Heartbroken","Koishi:YoukaiPolygraph","Koishi:UnansweredLove","Koishi:ParalyzingFear+1","Koishi:UnconsciousUprising+1","Koishi:ReleaseOfTheId+1","Koishi:PhantomStrike+1","Koishi:EmbersOfLove+1","Koishi:Vanish+1","Koishi:IdleWhim+1"],"relics":["Koishi:ImaginaryFriend","Koishi:AHoleWhereASisterShouldBe","KyoryuNoHagoromo","Girya","Prayer Wheel","Gensokyo:YoukaiFlower","Calling Bell","Pen Nib","Eternal Feather","Dead Branch","Bag of Marbles","Juzu Bracelet","Gensokyo:ConquerorOfFear","Bag of Preparation","Pantograph","Mastiff:ReiMu","theSenshi:SailorFukuRelic","Ancient Tea Set","Regal Pillow","Snecko Eye","HandDrill","Question Card","Torii","Toxic Egg 2","Ice Cream"],"acts_visited":["Gensokyo:Gensokyo","Gensokyo:Gensokyoer","Gensokyo:Gensokyoest"],"potions_floor_usage":[],"damage_taken":[{"damage":2,"enemies":"Gensokyo:Gryphon","floor":1,"turns":6},{"damage":0,"enemies":"Gensokyo:Python","floor":3,"turns":4},{"damage":2,"enemies":"Gensokyo:3_Fairies","floor":4,"turns":3},{"damage":13,"enemies":"Gensokyo:3_Kodama","floor":5,"turns":7},{"damage":7,"enemies":"Gensokyo:Mamizou","floor":6,"turns":8},{"damage":14,"enemies":"Gensokyo:Cirno","floor":8,"turns":7},{"damage":3,"enemies":"Gensokyo:VengefulSpirit","floor":10,"turns":4},{"damage":0,"enemies":"Gensokyo:Python_and_Kodama","floor":12,"turns":4},{"damage":11,"enemies":"Gensokyo:LivingMonolith","floor":14,"turns":4},{"damage":6,"enemies":"Gensokyo:Kokoro","floor":16,"turns":11},{"damage":19,"enemies":"Gensokyo:3_Dogs","floor":18,"turns":6},{"damage":1,"enemies":"Gensokyo:AngelMirror","floor":19,"turns":4},{"damage":10,"enemies":"Gensokyo:Monolith_and_Dog","floor":20,"turns":3},{"damage":8,"enemies":"Gensokyo:Reisen","floor":23,"turns":3},{"damage":0,"enemies":"Gensokyo:Koishi","floor":27,"turns":4},{"damage":1,"enemies":"Gensokyo:Reisen","floor":29,"turns":4},{"damage":27,"enemies":"Gensokyo:Eiki","floor":33,"turns":5},{"damage":5,"enemies":"Gensokyo:3_Bats","floor":35,"turns":2},{"damage":5,"enemies":"Gensokyo:AncientGuardian","floor":36,"turns":2},{"damage":35,"enemies":"Gensokyo:Kasen","floor":40,"turns":4},{"damage":15,"enemies":"Gensokyo:Doremy","floor":42,"turns":4},{"damage":6,"enemies":"Gensokyo:Marisa","floor":44,"turns":3},{"damage":2,"enemies":"Gensokyo:Sharpion","floor":48,"turns":3},{"damage":5,"enemies":"Gensokyo:Yuyuko","floor":50,"turns":6}],"seed_played":"-1719033556251331894","potions_obtained":[{"floor":4,"key":"GamblersBrew"},{"floor":8,"key":"AttackPotion"},{"floor":10,"key":"EssenceOfSteel"},{"floor":12,"key":"Explosive Potion"},{"floor":16,"key":"FairyPotion"}],"is_trial":false,"path_per_floor":["M","?","M","M","M","E","R","E","T","M","?","M","COS","M","R","B",null,"M","M","M","?","?","E","R","?","T","E","$","E","$","T","R","B",null,"M","M","?","?","$","E","R","E","T","E","?","?","R","M","R","B",null],"character_chosen":"KOISHI","items_purchased":["Koishi:SuperEgo","Ancient Tea Set","HandDrill"],"campfire_rested":0,"item_purchase_floors":[28,30,39],"current_hp_per_floor":[72,58,64,62,58,68,68,54,54,63,63,72,72,72,72,72,72,72,72,65,65,65,64,67,61,61,66,66,67,67,67,67,50,67,62,62,62,62,62,53,67,67,67,67,67,67,67,67,67,67],"gold":117,"neow_bonus":"TWENTY_PERCENT_HP_BONUS","is_daily":false,"chose_seed":false,"campfire_upgraded":4,"win_rate":0.0,"timestamp":1611758786,"path_taken":["M","?","M","M","?","E","R","E","T","M","?","M","COS","M","R","BOSS","M","M","M","?","?","E","R","?","T","E","$","E","?","?","R","BOSS","M","M","?","?","$","E","R","E","T","E","?","?","R","M","R","BOSS"],"items_purchased_type":["Card","Relic","Relic"],"build_version":"2020-12-22","purchased_purges":1,"victory":true,"max_hp_per_floor":[72,72,72,72,72,72,72,72,72,72,72,72,72,72,72,72,72,72,72,72,67,67,67,67,67,67,67,67,67,67,67,67,67,67,67,67,67,67,67,67,67,67,67,67,67,67,67,67,67,67],"card_choices":[{"not_picked":["Koishi:CatchAndRose","Koishi:SpiritedAway"],"picked":"Koishi:StingingMind","floor":1},{"not_picked":["Koishi:EmbersOfLove","Koishi:SpiritedAway"],"picked":"Koishi:YoukaiPolygraph","floor":3},{"not_picked":["Koishi:CatchAndRose","Koishi:UnansweredLove"],"picked":"Koishi:Untouchable","floor":4},{"not_picked":["Koishi:BloodcurdlingScream","Koishi:PhantomBarrier"],"picked":"Koishi:StingingMind","floor":5},{"not_picked":["Koishi:ConfinedInnocent","Koishi:CatchAndRose"],"picked":"Koishi:StrangeCloudFist","floor":6},{"not_picked":["Koishi:SubconsciousSweep","Koishi:HeartAttack"],"picked":"Koishi:PredatoryInstincts","floor":8},{"not_picked":["Koishi:StingingMind","Koishi:Prune"],"picked":"Koishi:SprinkleStarAndHeart","floor":10},{"not_picked":["Koishi:FreudianInstinct","Koishi:FleetingPhantom"],"picked":"Koishi:Ego","floor":10},{"not_picked":["Koishi:FleetingPhantom","Koishi:SpiritedAway"],"picked":"Koishi:StingingMind","floor":12},{"not_picked":["Koishi:DreadfulBlow","Koishi:RorschachInDanmaku"],"picked":"Koishi:JumpScare","floor":12},{"not_picked":["Koishi:FourthEye","Koishi:FleetingPhantom"],"picked":"Koishi:HeartAttack","floor":14},{"not_picked":["Koishi:UnansweredLove","Koishi:FleetingPhantom"],"picked":"Koishi:FidgetySnatcher","floor":14},{"not_picked":["Koishi:GrowingPain","Koishi:PerfectMindControl"],"picked":"Koishi:Ego","floor":16},{"not_picked":["Koishi:ReflexRadar","Koishi:CatchAndRose"],"picked":"Koishi:SubconsciousSweep","floor":18},{"not_picked":["Koishi:PhantomBarrier","Koishi:EmbryosDream"],"picked":"Koishi:ReleaseOfTheId+1","floor":18},{"not_picked":["Koishi:EmbryosDream","Koishi:SubconsciousSweep"],"picked":"Koishi:DreadfulBlow+1","floor":19},{"not_picked":["Koishi:Heartbroken","Koishi:PhantomStrike"],"picked":"Koishi:RacingHeart+1","floor":19},{"not_picked":["Koishi:PhantomStrike","Koishi:ConfinedInnocent"],"picked":"Koishi:SubterraneanRose","floor":20},{"not_picked":["Koishi:IdleWhim","Koishi:RacingHeart"],"picked":"Koishi:FreudianInstinct+1","floor":20},{"not_picked":["Koishi:SpiritedAway","Koishi:Possession"],"picked":"Koishi:ReleaseOfTheId","floor":23},{"not_picked":["Koishi:HeartfeltFancy+1","Koishi:FleetingPhantom"],"picked":"Koishi:Vanish","floor":27},{"not_picked":["Koishi:StingingMind+1","Koishi:HeartfeltFancy"],"picked":"Koishi:MindStellarRelief","floor":29},{"not_picked":["Koishi:TerrifyingSpectre","Koishi:PerfectMindControl"],"picked":"Koishi:Heartbroken","floor":33},{"not_picked":["Koishi:Jaunt+1","Koishi:DreadfulBlow"],"picked":"Koishi:YoukaiPolygraph","floor":35},{"not_picked":["Koishi:DreadfulBlow","Koishi:StingingMind+1"],"picked":"Koishi:UnansweredLove","floor":35},{"not_picked":["Koishi:EmbryosDream","Koishi:RoseHell"],"picked":"Koishi:ParalyzingFear+1","floor":36},{"not_picked":["Koishi:FourthEye","Koishi:Prune+1"],"picked":"Koishi:UnconsciousUprising+1","floor":36},{"not_picked":["Koishi:JumpScare","Koishi:HeartfeltFancy"],"picked":"Koishi:ReleaseOfTheId","floor":40},{"not_picked":["Koishi:UnconsciousUprising","Koishi:CatchAndRose+1","Koishi:ApparitionsStalkTheNight+1"],"picked":"Koishi:PhantomStrike+1","floor":42},{"not_picked":["Koishi:HeartStoppingHorror","Koishi:HeartfeltFancy+1","Koishi:PhantomStrike+1"],"picked":"Koishi:EmbersOfLove+1","floor":44},{"not_picked":["Koishi:ParalyzingFear+1","Koishi:CatchAndRose+1","Koishi:HeartAttack"],"picked":"Koishi:Vanish+1","floor":48},{"not_picked":["Koishi:Untouchable+1","Koishi:YoukaiPolygraph+1","Koishi:IdleWhim+1","Koishi:Jaunt+1"],"picked":"SKIP","floor":48},{"not_picked":["Koishi:Untouchable+1","Koishi:YoukaiPolygraph+1","Koishi:Jaunt+1"],"picked":"Koishi:IdleWhim+1","floor":48}],"player_experience":292443,"relics_obtained":[{"floor":6,"key":"KyoryuNoHagoromo"},{"floor":8,"key":"Girya"},{"floor":9,"key":"Prayer Wheel"},{"floor":17,"key":"Pen Nib"},{"floor":17,"key":"Eternal Feather"},{"floor":17,"key":"Dead Branch"},{"floor":23,"key":"Gensokyo:ConquerorOfFear"},{"floor":23,"key":"Bag of Preparation"},{"floor":26,"key":"Pantograph"},{"floor":27,"key":"Mastiff:ReiMu"},{"floor":29,"key":"theSenshi:SailorFukuRelic"},{"floor":31,"key":"Regal Pillow"},{"floor":40,"key":"Question Card"},{"floor":42,"key":"Torii"},{"floor":43,"key":"Toxic Egg 2"},{"floor":44,"key":"Ice Cream"}],"event_choices":[],"is_beta":false,"boss_relics":[{"not_picked":["Tiny House","SlaversCollar"],"picked":"Calling Bell"},{"not_picked":["Astrolabe","Black Star"],"picked":"Snecko Eye"}],"items_purged_floors":[28],"is_endless":false,"potions_floor_spawned":[4,8,10,12,16,18,23,33,36,40],"ascension_level":1}}