{"host":"6xsbn6ynqlzwllfm","time":1611785759,"event":{"mods":["2.2 Compatiblity","BaseMod","Bestiary","Colored Map","Colored Powertips","Curses Come First","Highlight Path","Keyboard Shortcuts","Minty Spire (QoL Compilation)","Relic Stats","Slay the Relics Exporter","StSLib","SuperFastMode"],"gold_per_floor":[365,33,43,63,76,76,101,101,101,131,147,165,199,211,211,211,211],"floor_reached":16,"language":"ENG","playtime":498,"items_purged":[],"score":298,"play_id":"3b66712f-5639-4ddf-a955-7770e9831ccb","local_time":"20210127171559","is_ascension_mode":true,"campfire_choices":[{"data":"Bash","floor":6,"key":"SMITH"},{"data":"Sword Boomerang","floor":8,"key":"SMITH"},{"data":"Disarm","floor":15,"key":"SMITH"}],"circlet_count":0,"master_deck":["AscendersBane","Strike_R","Strike_R","Strike_R","Strike_R","Strike_R","Defend_R","Defend_R","Defend_R+1","Defend_R+1","Bash+1","Sword Boomerang+1","Headbutt","Flame Barrier","Cleave","Disarm+1","Second Wind","Metallicize","Seeing Red","Twin Strike"],"relics":["Burning Blood","Sling","War Paint","Sundial","Ornamental Fan","Mummified Hand","Self Forming Clay"],"acts_visited":["Exordium"],"potions_floor_usage":[5,7,13],"damage_taken":[{"damage":3,"enemies":"Small Slimes","floor":1,"turns":3},{"damage":7,"enemies":"Jaw Worm","floor":3,"turns":4},{"damage":1,"enemies":"Cultist","floor":4,"turns":3},{"damage":18,"enemies":"Gremlin Gang","floor":5,"turns":6},{"damage":8,"enemies":"Gremlin Nob","floor":7,"turns":3},{"damage":27,"enemies":"Lagavulin","floor":10,"turns":7},{"damage":10,"enemies":"Red Slaver","floor":11,"turns":3},{"damage":7,"enemies":"Looter","floor":12,"turns":3},{"damage":0,"enemies":"Gremlin Nob","floor":13,"turns":2},{"damage":5,"enemies":"2 Fungi Beasts","floor":14,"turns":3},{"damage":27,"enemies":"The Guardian","floor":16,"turns":14}],"seed_played":"-2460039595216835188","potions_obtained":[{"floor":3,"key":"DistilledChaos"},{"floor":5,"key":"AttackPotion"},{"floor":10,"key":"ElixirPotion"},{"floor":11,"key":"AttackPotion"},{"floor":14,"key":"SpeedPotion"}],"is_trial":false,"path_per_floor":["M","$","M","M","M","R","E","R","T","E","M","M","E","M","R","B"],"character_chosen":"IRONCLAD","items_purchased":["Sling","War Paint"],"campfire_rested":0,"item_purchase_floors":[2,2],"current_hp_per_floor":[53,53,52,57,45,45,43,43,43,22,18,17,23,24,24,0,0],"gold":211,"neow_bonus":"TWO_FIFTY_GOLD","is_daily":false,"chose_seed":false,"campfire_upgraded":3,"win_rate":0.0,"timestamp":1611785759,"path_taken":["M","$","M","M","M","R","E","R","T","E","M","M","E","M","R","BOSS"],"items_purchased_type":["Relic","Relic"],"build_version":"2020-12-22","purchased_purges":0,"victory":false,"max_hp_per_floor":[75,75,75,75,75,75,75,75,75,75,75,75,75,75,75,75,75],"relic_stats":{"counters":[11,51],"Sundial":[4],"Ornamental Fan":[32],"Mummified Hand":[2],"Self Forming Clay":[9],"War Paint":["Defend_R","Defend_R"],"obtain_stats":[{"Sundial":7,"Ornamental Fan":9,"Mummified Hand":10,"Self Forming Clay":13,"War Paint":2,"Sling":2,"Burning Blood":0},{"Sundial":5,"Ornamental Fan":5,"Mummified Hand":6,"Self Forming Clay":9,"War Paint":1,"Sling":1,"Burning Blood":0},{"Sundial":19,"Ornamental Fan":19,"Mummified Hand":26,"Self Forming Clay":34,"War Paint":3,"Sling":3,"Burning Blood":0}],"Burning Blood":60},"card_choices":[{"not_picked":["Clothesline","Clash"],"picked":"Sword Boomerang","floor":1},{"not_picked":["Entrench","Havoc"],"picked":"Headbutt","floor":3},{"not_picked":["Heavy Blade","True Grit"],"picked":"Flame Barrier","floor":4},{"not_picked":["Seeing Red","Thunderclap"],"picked":"Cleave","floor":5},{"not_picked":["Metallicize","True Grit"],"picked":"Disarm","floor":7},{"not_picked":["True Grit","Wild Strike"],"picked":"Second Wind","floor":10},{"not_picked":["Shrug It Off","Searing Blow"],"picked":"Metallicize","floor":11},{"not_picked":["Uppercut","Entrench"],"picked":"Seeing Red","floor":12},{"not_picked":["Havoc","Rupture"],"picked":"Twin Strike","floor":13}],"player_experience":1178409,"relics_obtained":[{"floor":7,"key":"Sundial"},{"floor":9,"key":"Ornamental Fan"},{"floor":10,"key":"Mummified Hand"},{"floor":13,"key":"Self Forming Clay"}],"event_choices":[],"is_beta":false,"boss_relics":[],"items_purged_floors":[],"is_endless":false,"potions_floor_spawned":[3,5,10,11,14],"killed_by":"The Guardian","ascension_level":20}}