{"host":"cjhtzh7tp54jdfyv","time":1611742136,"event":{"mods":["AchievementEnabler","BaseMod","Colored Map","Colored Powertips","Curses Come First","DeckTracker","Minty Spire (QoL Compilation)","RNG Fix","Relic Sorter","Relic Stats","StSLib","UnlockEverythingMod","ojb\u0027s Better Paths Mod","ojb\u0027s Info Mod"],"gold_per_floor":[111,123,141,90,101,128,128,162,243,243,253,5,36,47,47,47,47],"floor_reached":16,"language":"ENG","playtime":2574,"items_purged":["Defend_G"],"score":294,"play_id":"66249d42-0090-4de0-878e-dc1e40dfd0c7","local_time":"20210127050856","is_ascension_mode":true,"campfire_choices":[{"data":"Venomology","floor":7,"key":"SMITH"},{"data":"Wraith Form v2","floor":10,"key":"SMITH"},{"data":"Terror","floor":15,"key":"SMITH"}],"circlet_count":0,"master_deck":["AscendersBane","Strike_G","Strike_G","Strike_G","Strike_G","Strike_G","Defend_G","Defend_G","Defend_G","Defend_G","Survivor","Neutralize","Venomology+1","Dagger Throw","Terror+1","Well Laid Plans","Backflip","Wraith Form v2+1","Reflex","Backflip"],"relics":["Ring of the Snake","Toy Ornithopter","Pen Nib","Singing Bowl","Sling","Ice Cream"],"acts_visited":["Exordium"],"potions_floor_usage":[3,5,6,8,8,8,13,13,16,16,16],"damage_taken":[{"damage":9,"enemies":"2 Louse","floor":1,"turns":4},{"damage":1,"enemies":"Small Slimes","floor":2,"turns":4},{"damage":0,"enemies":"Cultist","floor":3,"turns":4},{"damage":13,"enemies":"Exordium Thugs","floor":5,"turns":5},{"damage":13,"enemies":"Lagavulin","floor":6,"turns":8},{"damage":15,"enemies":"3 Sentries","floor":8,"turns":11},{"damage":2,"enemies":"3 Louse","floor":11,"turns":4},{"damage":0,"enemies":"Lagavulin","floor":13,"turns":6},{"damage":2,"enemies":"2 Fungi Beasts","floor":14,"turns":6},{"damage":39,"enemies":"Slime Boss","floor":16,"turns":10}],"seed_played":"-7591882261548050807","potions_obtained":[{"floor":3,"key":"PowerPotion"},{"floor":6,"key":"Strength Potion"},{"floor":14,"key":"DistilledChaos"}],"is_trial":false,"path_per_floor":["M","M","M","?","M","E","R","E","T","R","M","$","E","M","R","B"],"character_chosen":"THE_SILENT","items_purchased":["Sling"],"campfire_rested":0,"item_purchase_floors":[12],"current_hp_per_floor":[35,34,34,34,21,8,8,8,8,8,6,6,18,16,16,0,0],"gold":47,"neow_bonus":"THREE_RARE_CARDS","is_daily":false,"chose_seed":false,"campfire_upgraded":3,"win_rate":0.0,"timestamp":1611742136,"path_taken":["M","?","M","?","M","E","R","E","T","R","?","$","E","M","R","BOSS"],"items_purchased_type":["Relic"],"build_version":"2020-12-22","purchased_purges":1,"victory":false,"max_hp_per_floor":[66,66,66,66,66,66,66,66,66,66,66,66,68,68,68,68,68],"relic_stats":{"Singing Bowl":2,"counters":[10,62],"Pen Nib":[4],"obtain_stats":[{"Ice Cream":13,"Singing Bowl":9,"Pen Nib":8,"Sling":12,"Toy Ornithopter":6,"Ring of the Snake":0},{"Ice Cream":8,"Singing Bowl":6,"Pen Nib":6,"Sling":7,"Toy Ornithopter":5,"Ring of the Snake":0},{"Ice Cream":46,"Singing Bowl":36,"Pen Nib":36,"Sling":40,"Toy Ornithopter":25,"Ring of the Snake":0}],"Toy Ornithopter":40,"Ring of the Snake":[20]},"card_choices":[{"not_picked":["Die Die Die","Burst"],"picked":"Venomology","floor":0},{"not_picked":["Concentrate","Infinite Blades"],"picked":"Dagger Throw","floor":1},{"not_picked":["Flechettes","Deadly Poison","Skewer"],"picked":"SKIP","floor":2},{"not_picked":["Quick Slash","Deflect"],"picked":"Terror","floor":3},{"not_picked":["Concentrate","Outmaneuver"],"picked":"Well Laid Plans","floor":5},{"not_picked":["Sucker Punch","Prepared"],"picked":"Backflip","floor":6},{"not_picked":["Finisher","Flying Knee"],"picked":"Wraith Form v2","floor":8},{"not_picked":["Blur","Acrobatics"],"picked":"Reflex","floor":11},{"not_picked":["Prepared","Poisoned Stab","Cloak And Dagger"],"picked":"Singing Bowl","floor":13},{"not_picked":["Bane","Well Laid Plans"],"picked":"Backflip","floor":14}],"player_experience":4548848,"relics_obtained":[{"floor":6,"key":"Toy Ornithopter"},{"floor":8,"key":"Pen Nib"},{"floor":9,"key":"Singing Bowl"},{"floor":13,"key":"Ice Cream"}],"event_choices":[{"damage_healed":0,"gold_gain":0,"player_choice":"Left Gold","damage_taken":0,"max_hp_gain":0,"max_hp_loss":0,"event_name":"World of Goop","floor":4,"gold_loss":51}],"is_beta":false,"boss_relics":[],"items_purged_floors":[12],"is_endless":false,"potions_floor_spawned":[3,5,6,14],"killed_by":"Slime Boss","ascension_level":20}}