{"host":"d9m9v0h6vo0edadb","time":1611734762,"event":{"mods":["BaseMod","Hermit","Keyboard Shortcuts","Minty Spire (QoL Compilation)","StSLib","SuperFastMode","The Cursed"],"gold_per_floor":[113,38,38,38,56,88,106,124,124,124,154,154,154,154],"floor_reached":13,"language":"KOR","playtime":138,"items_purged":["Strike_G"],"score":216,"play_id":"ab31150e-5bd7-49fd-843c-ea5b89080b83","local_time":"20210127170602","is_ascension_mode":true,"campfire_choices":[{"data":"Terror","floor":10,"key":"SMITH"}],"circlet_count":0,"master_deck":["AscendersBane","Strike_G","Strike_G","Strike_G","Defend_G","Defend_G","Defend_G","Defend_G","Defend_G","Survivor","Neutralize","Poisoned Stab","Backflip","PiercingWail","Terror+1","Infinite Blades","Prepared"],"relics":["Ring of the Snake","NeowsBlessing","Pantograph","HornCleat","Odd Mushroom","Meat on the Bone"],"acts_visited":["Exordium"],"potions_floor_usage":[8,13],"damage_taken":[{"damage":0,"enemies":"Small Slimes","floor":1,"turns":1},{"damage":0,"enemies":"Cultist","floor":5,"turns":1},{"damage":0,"enemies":"Lagavulin","floor":6,"turns":1},{"damage":2,"enemies":"2 Louse","floor":7,"turns":3},{"damage":7,"enemies":"Large Slime","floor":8,"turns":7},{"damage":9,"enemies":"The Mushroom Lair","floor":11,"turns":5},{"damage":17,"enemies":"3 Sentries","floor":13,"turns":7}],"seed_played":"3319760834012385350","potions_obtained":[{"floor":7,"key":"AttackPotion"},{"floor":11,"key":"Explosive Potion"}],"is_trial":false,"path_per_floor":["M","$","?","$","M","E","M","M","T","R","?","?","E"],"character_chosen":"THE_SILENT","items_purchased":[],"campfire_rested":0,"item_purchase_floors":[],"current_hp_per_floor":[59,59,59,59,59,59,57,50,50,50,41,15,0,0],"gold":154,"neow_bonus":"THREE_ENEMY_KILL","is_daily":false,"chose_seed":false,"campfire_upgraded":1,"win_rate":0.0,"timestamp":1611734762,"path_taken":["M","$","?","$","M","E","M","?","T","R","?","?","E"],"items_purchased_type":[],"build_version":"2020-12-22","purchased_purges":1,"victory":false,"max_hp_per_floor":[66,66,66,66,66,66,66,66,66,66,66,66,66,66],"card_choices":[{"not_picked":["Prepared","Outmaneuver"],"picked":"Poisoned Stab","floor":1},{"not_picked":["Underhanded Strike","Sucker Punch"],"picked":"Backflip","floor":5},{"not_picked":["Flying Knee","Skewer"],"picked":"PiercingWail","floor":6},{"not_picked":["PiercingWail","Cloak And Dagger"],"picked":"Terror","floor":7},{"not_picked":["Backflip","Dodge and Roll"],"picked":"Infinite Blades","floor":8},{"not_picked":["Backflip","PiercingWail"],"picked":"Prepared","floor":11}],"player_experience":992369,"relics_obtained":[{"floor":6,"key":"Pantograph"},{"floor":9,"key":"HornCleat"},{"floor":11,"key":"Odd Mushroom"}],"event_choices":[{"cards_removed":["Strike_G"],"damage_healed":0,"gold_gain":0,"player_choice":"Offered Basic","damage_taken":0,"max_hp_gain":0,"max_hp_loss":0,"event_name":"Bonfire Elementals","floor":3,"gold_loss":0},{"damage_healed":0,"gold_gain":0,"player_choice":"Fought Mushrooms","damage_taken":0,"max_hp_gain":0,"max_hp_loss":0,"event_name":"Mushrooms","floor":11,"gold_loss":0},{"damage_healed":0,"gold_gain":0,"player_choice":"Success","damage_taken":26,"relics_obtained":["Meat on the Bone"],"max_hp_gain":0,"max_hp_loss":0,"event_name":"Scrap Ooze","floor":12,"gold_loss":0}],"is_beta":false,"boss_relics":[],"items_purged_floors":[2],"is_endless":false,"potions_floor_spawned":[7,11],"killed_by":"3 Sentries","ascension_level":20}}