{"host":"61r95uy0hn86b9iu","time":1611784908,"event":{"mods":["AchievementEnabler","BaseMod","Better Vampires","BetterRewards","Colored Powertips","Hubris","Minty Spire (QoL Compilation)","Shop Mod","StSLib"],"gold_per_floor":[111,81,100,120,195,195,206,245,270,270,11,30,58,58,58,144,144,168,193,217,217,233,233,233,233],"floor_reached":24,"language":"ENG","playtime":837,"items_purged":[],"score":566,"play_id":"2dc480e5-848b-4e85-839d-a1e9a5795bb1","local_time":"20210127160148","is_ascension_mode":true,"campfire_choices":[{"data":"Darkness","floor":6.0,"key":"SMITH"},{"floor":10.0,"key":"REST"},{"floor":15.0,"key":"REST"},{"floor":23.0,"key":"REST"}],"circlet_count":0,"master_deck":["AscendersBane","Strike_B","Strike_B","Strike_B","Defend_B","Defend_B","Defend_B","Defend_B","Zap","Dualcast","Glacier","Rip and Tear","Leap","Darkness+1","White Noise","Undo","Electrodynamics","Capacitor","Glacier"],"relics":["Cracked Core","CeramicFish","Lee\u0027s Waffle","Omamori","MerchantsRug","ClockworkSouvenir","Nuclear Battery","Red Mask"],"acts_visited":["Exordium","TheCity"],"potions_floor_usage":[24,24],"damage_taken":[{"damage":3.0,"enemies":"Small Slimes","floor":1.0,"turns":3.0},{"damage":0.0,"enemies":"Cultist","floor":3.0,"turns":3.0},{"damage":0.0,"enemies":"2 Louse","floor":4.0,"turns":2.0},{"damage":14.0,"enemies":"Exordium Wildlife","floor":7.0,"turns":5.0},{"damage":26.0,"enemies":"3 Sentries","floor":8.0,"turns":8.0},{"damage":11.0,"enemies":"Exordium Thugs","floor":12.0,"turns":6.0},{"damage":2.0,"enemies":"Blue Slaver","floor":13.0,"turns":4.0},{"damage":31.0,"enemies":"Hexaghost","floor":16.0,"turns":12.0},{"damage":0.0,"enemies":"Chosen","floor":18.0,"turns":5.0},{"damage":5.0,"enemies":"Masked Bandits","floor":19.0,"turns":4.0},{"damage":20.0,"enemies":"3 Byrds","floor":20.0,"turns":6.0},{"damage":33.0,"enemies":"Centurion and Healer","floor":22.0,"turns":11.0},{"damage":33,"enemies":"Book of Stabbing","floor":24,"turns":5}],"seed_played":"-8675468716362916634","potions_obtained":[{"floor":1.0,"key":"Energy Potion"},{"floor":2.0,"key":"EntropicBrew"},{"floor":2.0,"key":"Dexterity Potion"},{"floor":8.0,"key":"Ancient Potion"},{"floor":21.0,"key":"BlessingOfTheForge"},{"floor":22.0,"key":"FocusPotion"}],"is_trial":false,"path_per_floor":["M","?","M","M","?","R","M","E","T","R","$","M","M","?","R","B",null,"M","?","M","?","M","R","E"],"character_chosen":"DEFECT","items_purchased":["CeramicFish","Glacier","Lee\u0027s Waffle","Rip and Tear","Leap","MerchantsRug","ClockworkSouvenir"],"campfire_rested":3,"item_purchase_floors":[0,0,0,0,0,11,11],"current_hp_per_floor":[75,75,75,75,64,64,50,24,24,47,47,36,34,34,57,26,65,65,60,40,40,7,30,0,0],"gold":233,"neow_bonus":"","is_daily":false,"chose_seed":false,"campfire_upgraded":1,"win_rate":0.0,"timestamp":1611784908,"path_taken":["M","?","?","M","?","R","M","E","T","R","?","M","M","?","R","BOSS","M","?","M","?","?","R","E"],"items_purchased_type":["Relic","Card","Relic","Card","Card","Relic","Relic"],"build_version":"2020-12-22","purchased_purges":0,"victory":false,"max_hp_per_floor":[78,78,78,78,78,78,78,78,78,78,78,78,78,78,78,78,78,78,78,78,78,78,78,78,78],"card_choices":[{"not_picked":["Cold Snap","Gash","Leap"],"picked":"SKIP","floor":1.0},{"not_picked":["Ball Lightning","Barrage","Storm"],"picked":"SKIP","floor":3.0},{"not_picked":["Redo","Beam Cell"],"picked":"Darkness","floor":4.0},{"not_picked":["Steam","Ball Lightning","Stack"],"picked":"SKIP","floor":7.0},{"not_picked":["Heatsinks","Rebound"],"picked":"White Noise","floor":8.0},{"not_picked":["Go for the Eyes","Storm","Lockon"],"picked":"SKIP","floor":12.0},{"not_picked":["Sunder","Sweeping Beam"],"picked":"Undo","floor":13.0},{"not_picked":["Rainbow","Meteor Strike"],"picked":"Electrodynamics","floor":16.0},{"not_picked":["White Noise","Steam"],"picked":"Capacitor","floor":18.0},{"not_picked":["Chill","BootSequence"],"picked":"Glacier","floor":20.0},{"not_picked":["Beam Cell","Stack","Barrage"],"picked":"SKIP","floor":22.0}],"player_experience":3323511,"relics_obtained":[{"floor":8.0,"key":"StrikeDummy"},{"floor":9.0,"key":"Omamori"},{"floor":19.0,"key":"Red Mask"}],"event_choices":[{"damage_healed":0.0,"max_hp_gain":0.0,"max_hp_loss":0.0,"gold_gain":0.0,"event_name":"The Woman in Blue","player_choice":"Bought 2 Potions","floor":2.0,"gold_loss":0.0,"damage_taken":0.0},{"damage_healed":0.0,"max_hp_gain":0.0,"max_hp_loss":0.0,"gold_gain":75.0,"event_name":"World of Goop","player_choice":"Gather Gold","floor":5.0,"gold_loss":0.0,"damage_taken":11.0},{"cards_removed":["Strike_B"],"damage_healed":0.0,"max_hp_gain":0.0,"max_hp_loss":0.0,"gold_gain":0.0,"event_name":"Living Wall","player_choice":"Forget","floor":14.0,"gold_loss":0.0,"damage_taken":0.0},{"damage_healed":0.0,"max_hp_gain":0.0,"max_hp_loss":0.0,"gold_gain":0.0,"event_name":"Masked Bandits","player_choice":"Fought Bandits","floor":19.0,"gold_loss":0.0,"damage_taken":0.0},{"damage_healed":0.0,"max_hp_gain":0.0,"max_hp_loss":0.0,"gold_gain":0.0,"event_name":"Lab","player_choice":"Got Potions","floor":21.0,"gold_loss":0.0,"damage_taken":0.0}],"is_beta":false,"boss_relics":[{"not_picked":["hubris:VirtuousBlindfold","Ectoplasm"],"picked":"Nuclear Battery"}],"items_purged_floors":[],"is_endless":false,"potions_floor_spawned":[1,4,8,22],"killed_by":"Book of Stabbing","ascension_level":18}}