{"host":"pgm1p3lvdjflie30","time":1611719227,"event":{"mods":["AchievementEnabler","Bard","BaseMod","Colored Map","Colored Powertips","Conspire","Dark Map","Energized Spire","Gremlin Mod","GungeonMod","HornydragonMod","Minty Spire (QoL Compilation)","Nova Terra(?娃·泰拉)","Reimu（博???）","Robot Space Explorer","SOS（斯巴?之子）","StSLib","The Bug Knight","The Dragon Tamer","The Gatherer","The IronCluck","The Jungle","The Runesmith","The Saiyan","The Senshi","The Servant 0.9.4","TheHeartMod","Waifu the Spire","【?物卡牌】REMEMod"],"gold_per_floor":[115,146,71,81,99,124,124,94,94,109,109,134,167,167,167,167,167],"floor_reached":16,"language":"ZHS","playtime":617,"items_purged":["NovaMod:Basic_Defend_Nova"],"score":108,"play_id":"a9d3db1f-964d-4d98-9d96-80864881eb24","local_time":"20210127114707","is_ascension_mode":false,"campfire_choices":[{"floor":7,"key":"RECALL"},{"floor":15,"key":"REST"}],"circlet_count":0,"master_deck":["NovaMod:Basic_Strike_Nova","NovaMod:Basic_Strike_Nova","NovaMod:Basic_Defend_Nova","NovaMod:PenetratingBlast","conspire:Purge","NovaMod:BarrageShooting","NovaMod:Chaos","NovaMod:Chaos","NovaMod:SwiftChop","NovaMod:PsychicShield"],"relics":["NovaMod:GhostSuit","REME_ComplimentaryCards","NeowsBlessing","Potion Belt","Runesmith:AutoHammer","Dream Catcher","Smiling Mask"],"acts_visited":["Exordium"],"potions_floor_usage":[10,10,10,13,13,16,16,16],"damage_taken":[{"damage":0,"enemies":"2 Louse","floor":1,"turns":1},{"damage":0,"enemies":"conspire:MimicChest","floor":2,"turns":1},{"damage":0,"enemies":"Jaw Worm","floor":4,"turns":1},{"damage":5,"enemies":"Small Slimes","floor":5,"turns":3},{"damage":48,"enemies":"Gremlin Nob","floor":6,"turns":5},{"damage":5,"enemies":"3 Louse","floor":10,"turns":1},{"damage":23,"enemies":"HollowMod:MossKnight","floor":13,"turns":10},{"damage":34,"enemies":"Hexaghost","floor":16,"turns":7}],"seed_played":"8909540367897608120","potions_obtained":[{"floor":1,"key":"MagicPotion:ReiMu"},{"floor":4,"key":"SkillPotion"},{"floor":6,"key":"Regen Potion"},{"floor":8,"key":"FearPotion"},{"floor":8,"key":"EntropicBrew"},{"floor":10,"key":"Swift Potion"}],"is_trial":false,"path_per_floor":["M","?","$","M","M","E","R","?","T","M","?","T","E","?","R","B"],"character_chosen":"NOVA","items_purchased":[],"campfire_rested":1,"item_purchase_floors":[],"current_hp_per_floor":[80,80,80,80,75,27,27,27,27,32,32,32,9,9,33,0,0],"gold":167,"neow_bonus":"THREE_ENEMY_KILL","is_daily":false,"chose_seed":false,"campfire_upgraded":0,"win_rate":0.0,"timestamp":1611719227,"path_taken":["M","?","$","M","M","E","R","?","T","?","?","?","E","?","R","BOSS"],"items_purchased_type":[],"build_version":"2020-12-22","purchased_purges":1,"victory":false,"max_hp_per_floor":[80,80,80,80,80,80,80,80,80,80,80,80,80,80,80,80,80],"card_choices":[{"not_picked":["NovaMod:PulseGrenade","NovaMod:Detonation"],"picked":"NovaMod:BarrageShooting","floor":1},{"not_picked":["NovaMod:PulseGrenade","NovaMod:Standby"],"picked":"NovaMod:Chaos","floor":2},{"not_picked":["NovaMod:Standby","NovaMod:GhostAcademy"],"picked":"NovaMod:Chaos","floor":4},{"not_picked":["NovaMod:PenetratingBlast","NovaMod:SuppressionShells"],"picked":"NovaMod:SwiftChop","floor":5},{"not_picked":["NovaMod:PenetratingBlast","NovaMod:RaidArtillery","NovaMod:Standby"],"picked":"SKIP","floor":6},{"not_picked":["NovaMod:PenetratingBlast","NovaMod:RaidArtillery","NovaMod:Standby"],"picked":"SKIP","floor":6},{"not_picked":["NovaMod:Chaos","NovaMod:Thor"],"picked":"NovaMod:PsychicShield","floor":10},{"not_picked":["NovaMod:SwiftChop","NovaMod:AssaultMode","NovaMod:JetAssault"],"picked":"SKIP","floor":13}],"player_experience":304149,"relics_obtained":[{"floor":2,"key":"Potion Belt"},{"floor":6,"key":"Runesmith:AutoHammer"},{"floor":12,"key":"Dream Catcher"},{"floor":13,"key":"Smiling Mask"}],"event_choices":[{"damage_healed":0,"gold_gain":0,"player_choice":"Bought 2 Potions","damage_taken":0,"max_hp_gain":0,"max_hp_loss":0,"event_name":"The Woman in Blue","floor":8,"gold_loss":0},{"damage_healed":0,"gold_gain":0,"player_choice":"Ignored","damage_taken":0,"max_hp_gain":0,"max_hp_loss":0,"event_name":"Liars Game","floor":14,"gold_loss":0}],"is_beta":false,"boss_relics":[],"items_purged_floors":[3],"is_endless":false,"potions_floor_spawned":[1,4,6,10],"killed_by":"Hexaghost","ascension_level":0}}