{"host":"smn2tb46ysgs1sad","time":1611729540,"event":{"mods":["AchievementEnabler","Aspiration","BaseMod","Colored Powertips","Downfall","Hermit","Minty Spire (QoL Compilation)","Replay The Spire","StSLib","The Cursed","The Disciple","The Hierophant"],"gold_per_floor":[109,120,139,89,102,134,134,151,174,218,218,257,306,21,21,141,141,141,59,79,79,99,99,141,145,145,168,267,267,322,346,346,456,556,587,497,513,534,337,384,384,384,407,407,409,409,423],"floor_reached":48,"language":"ENG","playtime":3124,"items_purged":[],"score":754,"play_id":"dad6c388-54c9-495f-9a8b-a6a54a447eec","local_time":"20210126223900","is_ascension_mode":true,"campfire_choices":[{"data":"Crystallizer","floor":7,"key":"SMITH"},{"data":"Zap","floor":11,"key":"SMITH"},{"floor":15,"key":"REST"},{"data":"Blizzard","floor":23,"key":"SMITH"},{"data":"Beam Cell","floor":29,"key":"SMITH"},{"floor":32,"key":"REST"},{"data":"Loop","floor":44,"key":"SMITH"}],"circlet_count":0,"master_deck":["Strike_B","Strike_B","Defend_B","Defend_B","Defend_B","Defend_B","Zap+1","Dualcast","Rebound","Beam Cell","Redo","Crystallizer+1","Conserve Battery","Coolheaded","Go for the Eyes","Leap+1","Beam Cell+1","All For One","Turbo","Blizzard+1","Heatsinks+1","Loop+1","Zap","Cold Snap","Stack+1","Hello World+1","BasicCrystalCard+1","BasicCrystalCard+1","Echo Form","Sweeping Beam+1","FIFO Queue","FIFO Queue"],"relics":["FrozenCore","aspiration:Nostalgia","Sizzling Blood","ReplayFunnel","Replay:Bandana","aspiration:ChemicalBlood","aspiration:SeaSaltIceCream","aspiration:Nostalgia","Burning Blood","Happy Flower","Chameleon Ring","FossilizedHelix","aspiration:FetidBarrel","Incense Burner","Replay:Grab Bag","Replay:Wanted Poster","Coffee Dripper","SacredBark","Runic Capacitor","Centennial Puzzle","Boot"],"acts_visited":["Exordium","TheCity","TheBeyond"],"potions_floor_usage":[10,16,16,16,16,16,16,18,22,24,25,30,30,33,33,33,33,38,38,45,47,47],"damage_taken":[{"damage":1,"enemies":"Cultist","floor":1,"turns":4},{"damage":4,"enemies":"Jaw Worm","floor":2,"turns":4},{"damage":2,"enemies":"2 Louse","floor":3,"turns":2},{"damage":11,"enemies":"Lots of Slimes","floor":5,"turns":3},{"damage":18,"enemies":"Gremlin Nob","floor":6,"turns":4},{"damage":0,"enemies":"3 Louse","floor":8,"turns":3},{"damage":5,"enemies":"Lagavulin","floor":10,"turns":5},{"damage":11,"enemies":"Replay:BlueRogue","floor":12,"turns":5},{"damage":42,"enemies":"Slime Boss","floor":16,"turns":12},{"damage":11,"enemies":"2 Thieves","floor":18,"turns":4},{"damage":12,"enemies":"Spheric Guardian","floor":20,"turns":5},{"damage":6,"enemies":"Snecko","floor":22,"turns":10},{"damage":5,"enemies":"Replay:Snechameleon","floor":24,"turns":8},{"damage":7,"enemies":"Snake Plant","floor":25,"turns":2},{"damage":20,"enemies":"Shelled Parasite and Fungi","floor":27,"turns":7},{"damage":36,"enemies":"Slavers","floor":30,"turns":7},{"damage":0,"enemies":"Chosen and Byrds","floor":31,"turns":8},{"damage":33,"enemies":"Collector","floor":33,"turns":12},{"damage":9,"enemies":"3 Shapes","floor":35,"turns":4},{"damage":0,"enemies":"Orb Walker","floor":37,"turns":6},{"damage":18,"enemies":"3 Darklings","floor":38,"turns":6},{"damage":58,"enemies":"Reptomancer","floor":40,"turns":9},{"damage":0,"enemies":"Transient","floor":45,"turns":1},{"damage":23,"enemies":"Donu and Deca","floor":47,"turns":10}],"seed_played":"-2932847905851047705","potions_obtained":[{"floor":3,"key":"LiquidMemories"},{"floor":5,"key":"Slimebound:ThreeZeroPotion"},{"floor":6,"key":"EntropicBrew"},{"floor":8,"key":"DistilledChaos"},{"floor":18,"key":"EssenceOfSteel"},{"floor":22,"key":"DuplicationPotion"},{"floor":24,"key":"Elixir"},{"floor":30,"key":"Elixir"},{"floor":37,"key":"champ:CounterPotion"},{"floor":40,"key":"SmokeBomb"},{"floor":42,"key":"PotionOfCapacity"}],"is_trial":false,"path_per_floor":["M","M","M","?","M","E","R","M","T","E","R","E","T","$","R","B",null,"M","$","M","?","M","R","E","M","T","M","?","R","E","M","R","B",null,"M","?","M","M","$","E","?","R","T","R","M","?","B",null],"character_chosen":"DEFECT","items_purchased":["Chameleon Ring","Beam Cell","Blizzard","Runic Capacitor","FIFO Queue"],"campfire_rested":2,"item_purchase_floors":[14,14,19,39,39],"current_hp_per_floor":[79,79,79,79,72,58,58,62,62,61,61,54,54,54,77,45,79,78,78,76,76,79,79,79,79,79,69,69,69,43,53,76,53,79,79,79,79,71,71,23,23,23,23,23,33,33,20],"gold":423,"neow_bonus":"NOSTALGIA","is_daily":false,"chose_seed":false,"campfire_upgraded":5,"win_rate":0.0,"timestamp":1611729540,"path_taken":["M","M","?","?","M","E","R","M","T","E","R","E","?","$","R","BOSS","M","$","M","?","?","R","E","?","T","M","?","R","E","M","R","BOSS","M","?","?","M","$","E","?","R","T","R","M","?","BOSS"],"items_purchased_type":["Relic","Card","Card","Relic","Card"],"build_version":"2020-12-22","purchased_purges":0,"victory":true,"max_hp_per_floor":[79,79,79,79,79,79,79,79,79,79,79,79,79,79,79,79,79,79,79,79,79,79,79,79,79,79,79,79,79,79,79,79,79,79,79,79,79,79,79,79,79,79,79,79,79,79,79],"card_choices":[{"not_picked":["Skim","ReplaySolidLightProjector"],"picked":"Rebound","floor":1},{"not_picked":["Doom and Gloom","Conserve Battery"],"picked":"Beam Cell","floor":2},{"not_picked":["Conserve Battery","Beam Cell"],"picked":"Redo","floor":3},{"not_picked":["ReplayGash","Reprogram"],"picked":"Crystallizer","floor":5},{"not_picked":["Undo","Stack"],"picked":"Conserve Battery","floor":6},{"not_picked":["Panic Button","Auto Shields"],"picked":"Coolheaded","floor":8},{"not_picked":["Redo","ReplaySolidLightProjector"],"picked":"Go for the Eyes","floor":10},{"not_picked":["ReplaySolidLightProjector","Consume"],"picked":"Leap","floor":12},{"not_picked":["Multi-Cast","ReplayTheSpireMod:Omega Cannon"],"picked":"All For One","floor":16},{"not_picked":["Crystallizer","Hologram+1"],"picked":"Turbo","floor":18},{"not_picked":["Redo","Turbo"],"picked":"Heatsinks+1","floor":20},{"not_picked":["Sweeping Beam+1","Coolheaded+1"],"picked":"Cold Snap","floor":22},{"not_picked":["Blizzard","Reprogram"],"picked":"Stack+1","floor":24},{"not_picked":["Turbo","Compile Driver"],"picked":"Hello World+1","floor":27},{"not_picked":["Ball Lightning","ReplayTheSpireMod:Reroute Power"],"picked":"BasicCrystalCard+1","floor":30},{"not_picked":["Coolheaded","Time Bomb"],"picked":"BasicCrystalCard+1","floor":31},{"not_picked":["Thunder Strike","Core Surge"],"picked":"Echo Form","floor":33},{"not_picked":["Static Discharge","Auto Shields","Beam Cell"],"picked":"SKIP","floor":35},{"not_picked":["Leap+1","Streamline","Redo"],"picked":"SKIP","floor":37},{"not_picked":["Steam Power","Lockon"],"picked":"Sweeping Beam+1","floor":38},{"not_picked":["Loop","Time Bomb+1","Lockon"],"picked":"SKIP","floor":40}],"player_experience":175007,"relics_obtained":[{"floor":6,"key":"ReplayFunnel"},{"floor":9,"key":"Replay:Bandana"},{"floor":10,"key":"aspiration:ChemicalBlood"},{"floor":12,"key":"aspiration:SeaSaltIceCream"},{"floor":13,"key":"Happy Flower"},{"floor":24,"key":"FossilizedHelix"},{"floor":26,"key":"aspiration:FetidBarrel"},{"floor":30,"key":"Incense Burner"},{"floor":40,"key":"Centennial Puzzle"},{"floor":43,"key":"Boot"}],"event_choices":[{"cards_removed":["Strike_B"],"damage_healed":0,"gold_gain":0,"player_choice":"Card Removal","damage_taken":0,"max_hp_gain":0,"max_hp_loss":0,"event_name":"The Cleric","floor":4,"gold_loss":50},{"damage_healed":0,"gold_gain":0,"player_choice":"2 cards matched","damage_taken":0,"max_hp_gain":0,"max_hp_loss":0,"event_name":"Match and Keep!","floor":21,"gold_loss":0,"cards_obtained":["Loop","Zap"]},{"damage_healed":0,"gold_gain":99,"player_choice":"Stole From Cult","damage_taken":0,"max_hp_gain":0,"max_hp_loss":0,"event_name":"Nest","floor":28,"gold_loss":0},{"cards_removed":["Strike_B"],"damage_healed":0,"gold_gain":0,"player_choice":"Upgrade and Remove","damage_taken":0,"max_hp_gain":0,"max_hp_loss":0,"event_name":"Designer","floor":36,"gold_loss":90,"cards_upgraded":["Leap"]},{"damage_healed":0,"gold_gain":0,"player_choice":"Ignored","damage_taken":0,"max_hp_gain":0,"max_hp_loss":0,"event_name":"Mysterious Sphere","floor":41,"gold_loss":0},{"damage_healed":0,"gold_gain":0,"player_choice":"Took Portal","damage_taken":0,"max_hp_gain":0,"max_hp_loss":0,"event_name":"SecretPortal","floor":46,"gold_loss":0}],"is_beta":false,"boss_relics":[{"not_picked":["Empty Cage","Replay:Ancient Bell"],"picked":"FrozenCore"},{"not_picked":["ChewingGum","bronze:MakeshiftBattery"],"picked":"Replay:Grab Bag"},{"not_picked":["Cursed Key","Fusion Hammer"],"picked":"Replay:Wanted Poster"},{"not_picked":["Velvet Choker","Replay:Bronze Core"],"picked":"Coffee Dripper"},{"not_picked":["SlaversCollar","Kintsugi"],"picked":"SacredBark"}],"items_purged_floors":[],"is_endless":false,"potions_floor_spawned":[3,5,6,8,18,22,24,25,31,37,40],"ascension_level":1}}