{"host":"fuszjwm6fqgjjp4d","time":1611729145,"event":{"mods":["BaseMod","Bestiary","Colored Map","DeckTracker","Minty Spire (QoL Compilation)","Permanent Neow","Relic Sorter","Relic Stats","StSLib"],"gold_per_floor":[115,115,115,115,80,80,107,107,155,166,182,214,214,82,82,107,107],"floor_reached":16,"language":"ENG","playtime":373,"items_purged":["Strike_P"],"score":212,"play_id":"4bc4b7ae-fffb-48a4-9b0c-3b447679c8b6","local_time":"20210127003225","is_ascension_mode":true,"campfire_choices":[{"data":"Vigilance","floor":6.0,"key":"SMITH"},{"floor":8.0,"key":"DIG"},{"floor":13,"key":"DIG"},{"floor":15,"key":"DIG"}],"circlet_count":0,"master_deck":["AscendersBane","Strike_P","Strike_P","Strike_P+1","Defend_P","Defend_P","Defend_P","Defend_P+1","Eruption+1","Vigilance+1","FlurryOfBlows+1","Protect","Tantrum","ThirdEye","Wish"],"relics":["PureWater","Question Card","Shovel","Bag of Preparation","Orichalcum","Eternal Feather","Blue Candle","Sundial"],"acts_visited":["Exordium"],"potions_floor_usage":[12,16],"damage_taken":[{"damage":3.0,"enemies":"Small Slimes","floor":1.0,"turns":4.0},{"damage":15.0,"enemies":"Lagavulin","floor":7.0,"turns":6.0},{"damage":0.0,"enemies":"2 Louse","floor":10.0,"turns":2.0},{"damage":0.0,"enemies":"Jaw Worm","floor":11.0,"turns":2.0},{"damage":4,"enemies":"3 Sentries","floor":12,"turns":10},{"damage":40,"enemies":"Hexaghost","floor":16,"turns":9}],"seed_played":"-1532991704266568580","potions_obtained":[{"floor":7.0,"key":"SkillPotion"}],"is_trial":false,"path_per_floor":["M","?","?","?","?","R","E","R","T","M","M","E","R","$","R","B"],"character_chosen":"WATCHER","items_purchased":["Block Potion"],"campfire_rested":0,"item_purchase_floors":[14],"current_hp_per_floor":[58,40,40,20,37,37,22,22,22,22,22,18,27,27,36,0,0],"gold":107,"neow_bonus":"UPGRADE_CARD","is_daily":false,"chose_seed":false,"campfire_upgraded":1,"win_rate":0.0,"timestamp":1611729145,"path_taken":["M","?","?","?","?","R","E","R","T","?","?","E","R","$","R","BOSS"],"items_purchased_type":["Potion"],"build_version":"2020-12-22","purchased_purges":1,"victory":false,"max_hp_per_floor":[68,68,68,68,68,68,68,68,68,68,68,68,68,68,68,68,68],"relic_stats":{"Shovel":3,"counters":[6,33],"Sundial":[2],"Blue Candle":[0],"Eternal Feather":18,"Bag of Preparation":[8],"Orichalcum":[30],"Question Card":4,"obtain_stats":[{"Shovel":7,"Sundial":15,"Blue Candle":13,"Eternal Feather":12,"Bag of Preparation":8,"PureWater":0,"Orichalcum":9,"Question Card":2},{"Shovel":2,"Sundial":5,"Blue Candle":5,"Eternal Feather":5,"Bag of Preparation":2,"PureWater":0,"Orichalcum":2,"Question Card":1},{"Shovel":10,"Sundial":24,"Blue Candle":24,"Eternal Feather":24,"Bag of Preparation":10,"PureWater":0,"Orichalcum":10,"Question Card":4}]},"card_choices":[{"not_picked":["FollowUp","EmptyFist"],"picked":"FlurryOfBlows","floor":1.0},{"not_picked":["Consecrate","Pray","Nirvana"],"picked":"Protect","floor":7.0},{"not_picked":["Collect","FlurryOfBlows","WaveOfTheHand"],"picked":"Tantrum","floor":10.0},{"not_picked":["Vengeance","Wireheading","Nirvana"],"picked":"ThirdEye","floor":11.0},{"not_picked":["Vengeance","SignatureMove","Evaluate"],"picked":"Wish","floor":12}],"player_experience":1361252,"relics_obtained":[{"floor":7.0,"key":"Shovel"},{"floor":8.0,"key":"Bag of Preparation"},{"floor":9.0,"key":"Orichalcum"},{"floor":12,"key":"Eternal Feather"},{"floor":13,"key":"Blue Candle"},{"floor":15,"key":"Sundial"}],"event_choices":[{"damage_healed":0.0,"max_hp_gain":0.0,"max_hp_loss":0.0,"gold_gain":0.0,"event_name":"Scrap Ooze","player_choice":"Success","floor":2.0,"gold_loss":0.0,"damage_taken":18.0,"relics_obtained":["Question Card"]},{"damage_healed":0.0,"max_hp_gain":0.0,"max_hp_loss":0.0,"gold_gain":0.0,"event_name":"Living Wall","player_choice":"Grow","floor":3.0,"gold_loss":0.0,"damage_taken":0.0,"cards_upgraded":["FlurryOfBlows"]},{"damage_healed":0.0,"max_hp_gain":0.0,"max_hp_loss":0.0,"gold_gain":0.0,"event_name":"Shining Light","player_choice":"Entered Light","floor":4.0,"gold_loss":0.0,"damage_taken":20.0,"cards_upgraded":["Defend_P","Strike_P"]},{"damage_healed":17.0,"max_hp_gain":0.0,"max_hp_loss":0.0,"gold_gain":0.0,"event_name":"The Cleric","player_choice":"Healed","floor":5.0,"gold_loss":35.0,"damage_taken":0.0}],"is_beta":false,"boss_relics":[],"items_purged_floors":[14],"is_endless":false,"potions_floor_spawned":[7],"killed_by":"Hexaghost","ascension_level":20}}