{"host":"auzdvixyoignpx0j","time":1611720560,"event":{"mods":["BaseMod","Better Altar","Better Skull","Better Third Choice","Colored Powertips","Googly Eyes","Minty Spire (QoL Compilation)","Spicy Shops","StSLib","The IronCluck"],"gold_per_floor":[364,384,384,384,384,412,79,79,79,90,90,103,133,144,144,240,240,256,256,47,47,47,76,76,108,162,191,191,211,211,227,227,330,380,400,416,23,23,40,75,75,102,102,127,138,138,138,138],"floor_reached":47,"language":"ENG","playtime":4053,"items_purged":["Regret"],"score":633,"play_id":"d83ca34c-def5-4686-8398-b8cab1d2fd7b","local_time":"20210126200920","is_ascension_mode":true,"campfire_choices":[{"floor":8,"key":"REST"},{"floor":11,"key":"REST"},{"data":"Zap","floor":15,"key":"SMITH"},{"data":"Creative AI","floor":24,"key":"SMITH"},{"floor":28,"key":"REST"},{"data":"White Noise","floor":32,"key":"SMITH"},{"floor":41,"key":"REST"}],"circlet_count":0,"master_deck":["Strike_B","Strike_B","Strike_B","Strike_B","Defend_B","Defend_B","Zap+1","Dualcast+1","Cold Snap","White Noise+1","Rip and Tear","Ball Lightning+1","Cold Snap+1","Self Repair","Stack","Thunder Strike+1","Skim","Conserve Battery","Chaos","Swift Strike+1","Creative AI+1","Coolheaded","Regret","Capacitor","Sweeping Beam+1","Zap+1","Normality"],"relics":["Cracked Core","Orichalcum","Molten Egg 2","Lantern","Kunai","Pantograph","Bag of Marbles","Cursed Key","HandDrill","Omamori","Blood Vial","Ancient Tea Set","Vajra","Mango","MealTicket","Tiny House","Membership Card","Gremlin Horn","Bottled Lightning","Darkstone Periapt","Regal Pillow","Ornamental Fan","Oddly Smooth Stone"],"acts_visited":["Exordium","TheCity","TheBeyond"],"potions_floor_usage":[16,25,27,33,44,44,44,44,44,44,44],"damage_taken":[{"damage":7,"enemies":"Small Slimes","floor":1,"turns":3},{"damage":1,"enemies":"2 Louse","floor":2,"turns":2},{"damage":12,"enemies":"Lagavulin","floor":6,"turns":4},{"damage":0,"enemies":"Cultist","floor":10,"turns":2},{"damage":1,"enemies":"Exordium Wildlife","floor":12,"turns":3},{"damage":13,"enemies":"3 Sentries","floor":13,"turns":4},{"damage":0,"enemies":"Exordium Thugs","floor":14,"turns":3},{"damage":30,"enemies":"The Guardian","floor":16,"turns":13},{"damage":13,"enemies":"Shell Parasite","floor":18,"turns":5},{"damage":32,"enemies":"Slavers","floor":23,"turns":5},{"damage":19,"enemies":"Book of Stabbing","floor":25,"turns":5},{"damage":16,"enemies":"Slavers","floor":27,"turns":6},{"damage":0,"enemies":"Chosen","floor":29,"turns":4},{"damage":8,"enemies":"Centurion and Healer","floor":31,"turns":7},{"damage":61,"enemies":"Champ","floor":33,"turns":11},{"damage":4,"enemies":"3 Shapes","floor":35,"turns":5},{"damage":16,"enemies":"Orb Walker","floor":36,"turns":3},{"damage":45,"enemies":"Maw","floor":39,"turns":9},{"damage":30,"enemies":"Nemesis","floor":40,"turns":7},{"damage":34,"enemies":"Reptomancer","floor":42,"turns":5},{"damage":64,"enemies":"Giant Head","floor":44,"turns":9},{"damage":33,"enemies":"4 Shapes","floor":45,"turns":3},{"damage":14,"enemies":"2 Orb Walkers","floor":47,"turns":1}],"seed_played":"3742304748762629961","potions_obtained":[{"floor":2,"key":"Swift Potion"},{"floor":6,"key":"Strength Potion"},{"floor":10,"key":"DuplicationPotion"},{"floor":14,"key":"FairyPotion"},{"floor":18,"key":"DuplicationPotion"},{"floor":23,"key":"PowerPotion"},{"floor":29,"key":"Block Potion"},{"floor":34,"key":"EntropicBrew"},{"floor":36,"key":"SmokeBomb"},{"floor":44,"key":"PotionOfCapacity"}],"is_trial":false,"path_per_floor":["M","M","?","?","?","E","$","R","T","M","R","M","E","M","R","B",null,"M","?","$","?","?","E","R","E","T","E","R","M","T","M","R","B",null,"M","M","$","?","M","E","R","E","T","E","M","?","?"],"character_chosen":"DEFECT","items_purchased":["Kunai","HandDrill","Omamori","Membership Card","Gremlin Horn","Bottled Lightning"],"campfire_rested":4,"item_purchase_floors":[7,20,20,37,37,37],"current_hp_per_floor":[61,60,27,27,27,15,15,35,35,35,55,54,48,55,55,45,68,62,62,62,62,62,37,37,27,27,34,58,67,67,68,68,28,87,87,71,86,86,49,28,54,29,35,34,3,3,0,0],"gold":138,"neow_bonus":"TWO_FIFTY_GOLD","is_daily":false,"chose_seed":false,"campfire_upgraded":3,"win_rate":0.0,"timestamp":1611720560,"path_taken":["M","M","?","?","?","E","$","R","T","M","R","M","E","M","R","BOSS","M","?","$","?","?","E","R","E","T","E","R","?","?","M","R","BOSS","M","M","$","?","M","E","R","E","T","E","?","?","?"],"items_purchased_type":["Relic","Relic","Relic","Relic","Relic","Relic"],"build_version":"2020-12-22","purchased_purges":1,"victory":false,"max_hp_per_floor":[68,68,68,68,68,68,68,68,68,68,68,68,68,68,68,68,68,68,68,68,68,68,68,68,68,68,82,82,82,82,82,82,82,87,87,87,87,87,87,87,87,87,93,93,93,93,93,93],"card_choices":[{"not_picked":["Hologram","Beam Cell"],"picked":"Cold Snap","floor":1},{"not_picked":["Leap","Coolheaded"],"picked":"White Noise","floor":2},{"not_picked":["Compile Driver+1","Hello World"],"picked":"Ball Lightning+1","floor":6},{"not_picked":["Steam Power","Hologram"],"picked":"Cold Snap+1","floor":10},{"not_picked":["Fusion","Beam Cell+1"],"picked":"Self Repair","floor":12},{"not_picked":["Ball Lightning+1","Redo","Chill"],"picked":"SKIP","floor":13},{"not_picked":["Hologram","Gash+1"],"picked":"Stack","floor":14},{"not_picked":["Reboot","Seek"],"picked":"Thunder Strike+1","floor":16},{"not_picked":["Hologram","Stack"],"picked":"Skim","floor":18},{"not_picked":["Lockon+1","Chill+1"],"picked":"Creative AI","floor":23},{"not_picked":["Steam Power","Go for the Eyes+1","Chaos"],"picked":"SKIP","floor":25},{"not_picked":["Double Energy","Go for the Eyes+1","Self Repair"],"picked":"SKIP","floor":27},{"not_picked":["Leap+1","Compile Driver+1"],"picked":"Coolheaded","floor":29},{"not_picked":["Coolheaded+1","Conserve Battery+1","Leap+1"],"picked":"SKIP","floor":31},{"not_picked":["Coolheaded+1","Conserve Battery+1","Leap+1"],"picked":"SKIP","floor":31},{"not_picked":["Leap+1","Ball Lightning+1"],"picked":"Capacitor","floor":35},{"not_picked":["Beam Cell+1","Gash+1"],"picked":"Sweeping Beam+1","floor":36},{"not_picked":["Coolheaded+1","Rebound+1","Buffer"],"picked":"SKIP","floor":39},{"not_picked":["Sweeping Beam+1","Compile Driver+1","Tempest+1"],"picked":"SKIP","floor":40},{"not_picked":["Compile Driver+1","Undo","Chaos"],"picked":"SKIP","floor":42},{"not_picked":["Stack","Auto Shields","Sunder+1"],"picked":"SKIP","floor":44},{"not_picked":["Compile Driver+1","Steam Power+1","Conserve Battery"],"picked":"SKIP","floor":45}],"player_experience":391285,"relics_obtained":[{"floor":6,"key":"Lantern"},{"floor":9,"key":"Pantograph"},{"floor":13,"key":"Bag of Marbles"},{"floor":23,"key":"Blood Vial"},{"floor":25,"key":"Ancient Tea Set"},{"floor":26,"key":"Vajra"},{"floor":27,"key":"Mango"},{"floor":30,"key":"MealTicket"},{"floor":40,"key":"Darkstone Periapt"},{"floor":42,"key":"Regal Pillow"},{"floor":43,"key":"Ornamental Fan"},{"floor":44,"key":"Oddly Smooth Stone"}],"event_choices":[{"damage_healed":0,"gold_gain":0,"player_choice":"Relic ","damage_taken":33,"max_hp_gain":0,"max_hp_loss":0,"event_name":"betterThird:BetterScrap","floor":3,"gold_loss":0,"cards_obtained":["Noxious Fumes"]},{"damage_healed":0,"gold_gain":0,"cards_transformed":["Defend_B"],"player_choice":"Change","damage_taken":0,"max_hp_gain":0,"max_hp_loss":0,"event_name":"Living Wall","floor":4,"gold_loss":0,"cards_obtained":["Rip and Tear"]},{"damage_healed":0,"gold_gain":0,"player_choice":"Box","damage_taken":0,"relics_obtained":["Molten Egg 2"],"max_hp_gain":0,"max_hp_loss":0,"event_name":"Big Fish","floor":5,"gold_loss":0,"cards_obtained":["Regret"]},{"damage_healed":0,"gold_gain":0,"player_choice":"Read","damage_taken":0,"max_hp_gain":0,"max_hp_loss":0,"event_name":"The Library","floor":19,"gold_loss":0,"cards_obtained":["Conserve Battery"]},{"damage_healed":0,"gold_gain":0,"player_choice":"Adaptability","damage_taken":0,"max_hp_gain":0,"max_hp_loss":0,"event_name":"betterThird:BetterWriting","floor":21,"gold_loss":0},{"damage_healed":0,"gold_gain":0,"player_choice":"2 cards matched","damage_taken":0,"max_hp_gain":0,"max_hp_loss":0,"event_name":"Match and Keep!","floor":22,"gold_loss":0,"cards_obtained":["Chaos","Swift Strike"]},{"damage_healed":0,"gold_gain":0,"player_choice":"Copied","damage_taken":0,"max_hp_gain":0,"max_hp_loss":0,"event_name":"Duplicator","floor":38,"gold_loss":0,"cards_obtained":["Zap"]},{"cards_removed":["Defend_B"],"damage_healed":0,"gold_gain":0,"player_choice":"Removed Skill","damage_taken":0,"max_hp_gain":0,"max_hp_loss":0,"event_name":"Falling","floor":46,"gold_loss":0},{"damage_healed":0,"gold_gain":0,"player_choice":"Fight","damage_taken":0,"max_hp_gain":0,"max_hp_loss":0,"event_name":"Mysterious Sphere","floor":47,"gold_loss":0}],"is_beta":false,"boss_relics":[{"not_picked":["Calling Bell","Velvet Choker"],"picked":"Cursed Key"},{"not_picked":["Snecko Eye","Runic Pyramid"],"picked":"Tiny House"}],"items_purged_floors":[7],"is_endless":false,"potions_floor_spawned":[2,6,10,14,18,23,29,36,44],"killed_by":"2 Orb Walkers","ascension_level":1}}