{"host":"ctlqibkg0sskiu65","time":1611725213,"event":{"mods":["AchievementEnabler","Aspiration","BaseMod","BetterRewards","Colored Map","Colored Powertips","Conspire","Fiend Mod","Infinite Spire","Minty Spire (QoL Compilation)","Quick Restart","Replay The Spire","Shop Mod","StSLib","The Bladedancer","The Cursed","The Hierophant","The Jungle","The Kombatant","The Servant 0.9.4","TheBandit"],"gold_per_floor":[112,129,129,129,1,28,28,62,62,62,74,74,86,103,103,177,177,193,212,212,212,229,229,248,248,248],"floor_reached":25,"language":"ENG","playtime":967,"items_purged":["Strike_G","Strike_G"],"score":595,"play_id":"8373f3ee-54dc-418b-af71-4405b153ba40","local_time":"20210126232653","is_ascension_mode":true,"campfire_choices":[{"data":"Poisoned Stab","floor":7.0,"key":"SMITH"},{"floor":10.0,"key":"REST"},{"floor":12.0,"key":"REST"},{"data":"Neutralize","floor":15,"key":"SMITH"},{"floor":23,"key":"REST"}],"circlet_count":0,"master_deck":["AscendersBane","Strike_G","Strike_G","Defend_G","Defend_G","Defend_G","Defend_G","Survivor","Neutralize+1","Deadly Poison","Poisoned Stab+1","Noxious Fumes","Bane","Dodge and Roll","Poisoned Stab","Burst","Leg Sweep+1","Bane"],"relics":["Ring of the Snake","ReplayTheSpireMod:Ring of Exchange","Ninja Scroll","Ice Cream","Centennial Puzzle","Empty Cage"],"acts_visited":["Exordium","TheCity"],"potions_floor_usage":[13,16,18,25,25],"damage_taken":[{"damage":4.0,"enemies":"Cultist","floor":1.0,"turns":4.0},{"damage":4.0,"enemies":"Jaw Worm","floor":2.0,"turns":3.0},{"damage":11.0,"enemies":"Lagavulin","floor":6.0,"turns":7.0},{"damage":36.0,"enemies":"Gremlin Nob","floor":8.0,"turns":4.0},{"damage":0.0,"enemies":"Small Slimes","floor":11.0,"turns":1.0},{"damage":6,"enemies":"Gremlin Gang","floor":13,"turns":3},{"damage":0,"enemies":"Lots of Slimes","floor":14,"turns":4},{"damage":11,"enemies":"Hexaghost","floor":16,"turns":8},{"damage":9,"enemies":"2 Thieves","floor":18,"turns":4},{"damage":2,"enemies":"3 Byrds","floor":19,"turns":6},{"damage":32,"enemies":"Snake Plant","floor":22,"turns":5},{"damage":21,"enemies":"Centurion and Healer","floor":24,"turns":8},{"damage":28,"enemies":"Masked Bandits","floor":25,"turns":3}],"seed_played":"4118467402914965168","potions_obtained":[{"floor":2.0,"key":"SpeedPotion"},{"floor":4.0,"key":"SkillPotion"},{"floor":8.0,"key":"PowerPotion"},{"floor":14,"key":"FearPotion"},{"floor":16,"key":"CunningPotion"},{"floor":22,"key":"Venom Potion"},{"floor":24,"key":"BlessingOfTheForge"}],"is_trial":false,"path_per_floor":["M","M","?","?","$","E","R","E","T","R","M","R","M","M","R","B",null,"M","M","?","?","M","R","M","?"],"character_chosen":"THE_SILENT","items_purchased":["Deadly Poison","Poisoned Stab","Noxious Fumes","Poisoned Stab"],"campfire_rested":3,"item_purchase_floors":[0,0,0,5],"current_hp_per_floor":[55,51,51,51,51,40,40,4,4,23,23,42,36,36,36,25,56,47,45,45,58,26,45,24,0,0],"gold":248,"neow_bonus":"","is_daily":false,"chose_seed":false,"campfire_upgraded":2,"win_rate":0.0,"timestamp":1611725213,"path_taken":["M","?","?","?","$","E","R","E","T","R","M","R","?","M","R","BOSS","M","?","?","?","M","R","M","?"],"items_purchased_type":["Card","Card","Card","Card"],"build_version":"2020-12-22","purchased_purges":2,"victory":false,"max_hp_per_floor":[66,66,66,66,66,66,66,66,66,66,66,66,66,66,66,66,66,66,66,66,66,66,66,66,66,66],"card_choices":[{"not_picked":["Prepared","Infinite Blades"],"picked":"Bane","floor":1.0},{"not_picked":["Deflect","Predator"],"picked":"Dodge and Roll","floor":2.0},{"not_picked":["Masterful Stab","Flying Knee","Reflex"],"picked":"SKIP","floor":6.0},{"not_picked":["Cloak And Dagger","ReplayTheSpireMod:Shiv Toss","Dagger Throw"],"picked":"SKIP","floor":8.0},{"not_picked":["Underhanded Strike","Sucker Punch","Outmaneuver"],"picked":"SKIP","floor":11.0},{"not_picked":["Riddle With Holes","Outmaneuver","Predator"],"picked":"SKIP","floor":13},{"not_picked":["Concentrate","Quick Slash","All Out Attack"],"picked":"SKIP","floor":14},{"not_picked":["Envenom","Atom Bomb"],"picked":"Burst","floor":16},{"not_picked":["Infinite Blades","Flying Knee","Blade Dance"],"picked":"SKIP","floor":18},{"not_picked":["Outmaneuver","Choke","Backflip"],"picked":"SKIP","floor":19},{"not_picked":["Hidden Blade","conspire:DoublingDagger"],"picked":"Leg Sweep+1","floor":22},{"not_picked":["PiercingWail","Poisoned Stab"],"picked":"Bane","floor":24}],"player_experience":245704,"relics_obtained":[{"floor":3.0,"key":"ReplayTheSpireMod:Ring of Exchange"},{"floor":6.0,"key":"Ninja Scroll"},{"floor":8.0,"key":"Ice Cream"},{"floor":9.0,"key":"Centennial Puzzle"}],"event_choices":[{"damage_healed":0.0,"max_hp_gain":0.0,"max_hp_loss":0.0,"gold_gain":0.0,"event_name":"Lab","player_choice":"Got Potions","floor":4.0,"gold_loss":0.0,"damage_taken":0.0},{"damage_healed":0,"gold_gain":0,"player_choice":"Ignored","damage_taken":0,"max_hp_gain":0,"max_hp_loss":0,"event_name":"Vampires","floor":20,"gold_loss":0},{"damage_healed":13,"gold_gain":0,"player_choice":"Heal","damage_taken":0,"max_hp_gain":0,"max_hp_loss":0,"event_name":"The Library","floor":21,"gold_loss":0},{"damage_healed":0,"gold_gain":0,"player_choice":"Fought Bandits","damage_taken":0,"max_hp_gain":0,"max_hp_loss":0,"event_name":"Masked Bandits","floor":25,"gold_loss":0}],"is_beta":false,"boss_relics":[{"not_picked":["Ectoplasm","Runic Pyramid"],"picked":"Empty Cage"}],"items_purged_floors":[0,5],"is_endless":false,"potions_floor_spawned":[2,8,14,16,22,24],"killed_by":"Masked Bandits","ascension_level":18}}