{"host":"p9o9yh7a0b9qf53k","time":1611760024,"event":{"mods":["BaseMod","Downfall","Minty Spire (QoL Compilation)","StSLib"],"gold_per_floor":[99,99,44,61,72,72,99,117,127,143,170,183,183,193,206,303,303,303,403,8,22,42,56,56,72,89,189,220,420,454,286,299,397,697,597,615,668,668,679,679,759,791,809,841,861,661,168,179,193,193,193,218,41,41,41,41,41,41],"floor_reached":56,"language":"ZHS","playtime":4640,"items_purged":["Clumsy","Normality","Writhe"],"score":930,"play_id":"a04cea78-0472-4921-8ca5-11834ce50ffe","local_time":"20210127230704","is_ascension_mode":false,"campfire_choices":[{"data":"bronze:Replicate","floor":1.0,"key":"SMITH"},{"data":"bronze:Terminator","floor":13.0,"key":"SMITH"},{"data":"bronze:SpaghettiCode","floor":18.0,"key":"SMITH"},{"data":"bronze:MaxOutput","floor":29.0,"key":"SMITH"},{"floor":35.0,"key":"RECALL"},{"floor":46.0,"key":"REST"},{"data":"bronze:Assembly","floor":54.0,"key":"SMITH"}],"circlet_count":0,"master_deck":["bronze:Strike","bronze:Strike","bronze:Defend","bronze:Defend","bronze:Defend","bronze:Replicate+1","bronze:Goto","bronze:NullPointer+1","bronze:WildBeam+1","bronze:Break","bronze:FineTuning","bronze:Overload","bronze:Overheat","bronze:ChildClass+1","bronze:ChildClass","bronze:Break","bronze:Terminator+1","bronze:Fortify","bronze:Boost","bronze:Flail","bronze:ClassDefault","bronze:SpaghettiCode+1","bronze:Flail+1","expansioncontent:AwakenDeath","bronze:MaxOutput+1","bronze:Flail","bronze:Boost","bronze:Return","Parasite","bronze:Backtrace","bronze:Terminator","bronze:CloningBeam","bronze:FindAndReplace","bronze:Assembly+1","CurseOfTheBell","bronze:Allocate","bronze:BitShift+1","Injury","bronze:Backtrace+1","bronze:ClassDefault+1","bronze:Separator+1","bronze:RecursiveStrike+1","bronze:Turbo"],"relics":["SlaversCollar","Centennial Puzzle","Pen Nib","Cursed Key","downfall:GremlinWheel","PreservedInsect","White Beast Statue","Peace Pipe","Mummified Hand","WingedGreaves","Ancient Tea Set","Darkstone Periapt","Lantern","Calling Bell","Toy Ornithopter","HornCleat","Old Coin","downfall:HeartBlessingGreen","Pocketwatch","Molten Egg 2","Bottled Lightning","Oddly Smooth Stone","Unceasing Top","downfall:HeartBlessingBlue","downfall:HeartBlessingRed","Calipers","Mercury Hourglass"],"acts_visited":["Exordium","TheCity","TheBeyond","TheEnding"],"potions_floor_usage":[],"damage_taken":[{"damage":10.0,"enemies":"downfall:FleeingMerchant","floor":3.0,"turns":4.0},{"damage":0.0,"enemies":"2 Louse","floor":4.0,"turns":2.0},{"damage":0.0,"enemies":"Cultist","floor":5.0,"turns":2.0},{"damage":0.0,"enemies":"Small Slimes","floor":8.0,"turns":2.0},{"damage":0.0,"enemies":"Gremlin Gang","floor":9.0,"turns":3.0},{"damage":1.0,"enemies":"3 Louse","floor":10.0,"turns":3.0},{"damage":0.0,"enemies":"Lagavulin","floor":11.0,"turns":3.0},{"damage":2.0,"enemies":"Exordium Thugs","floor":12.0,"turns":2.0},{"damage":0.0,"enemies":"Blue Slaver","floor":14.0,"turns":2.0},{"damage":0.0,"enemies":"2 Fungi Beasts","floor":15.0,"turns":2.0},{"damage":14.0,"enemies":"IC_STATUS_ARCHETYPE","floor":16.0,"turns":5.0},{"damage":0.0,"enemies":"IC_STATUS_ARCHETYPE","floor":19.0,"turns":3.0},{"damage":0.0,"enemies":"downfall:FleeingMerchant","floor":20.0,"turns":4.0},{"damage":3.0,"enemies":"3 Byrds","floor":21.0,"turns":3.0},{"damage":1.0,"enemies":"Shell Parasite","floor":22.0,"turns":2.0},{"damage":22.0,"enemies":"Centurion and Healer","floor":23.0,"turns":4.0},{"damage":10.0,"enemies":"Cultist and Chosen","floor":25.0,"turns":4.0},{"damage":13.0,"enemies":"Shelled Parasite and Fungi","floor":26.0,"turns":2.0},{"damage":0.0,"enemies":"Colosseum Nobs","floor":27.0,"turns":1.0},{"damage":21.0,"enemies":"Slavers","floor":28.0,"turns":3.0},{"damage":9.0,"enemies":"Book of Stabbing","floor":30.0,"turns":3.0},{"damage":0.0,"enemies":"downfall:FleeingMerchant","floor":31.0,"turns":4.0},{"damage":3.0,"enemies":"3 Cultists","floor":32.0,"turns":3.0},{"damage":31.0,"enemies":"DF_ARCHETYPE_CLAW","floor":33.0,"turns":7.0},{"damage":6.0,"enemies":"Orb Walker","floor":36.0,"turns":2.0},{"damage":24.0,"enemies":"2 Orb Walkers","floor":37.0,"turns":3.0},{"damage":0.0,"enemies":"3 Darklings","floor":39.0,"turns":1.0},{"damage":12.0,"enemies":"Giant Head","floor":42.0,"turns":6.0},{"damage":111.0,"enemies":"Transient","floor":43.0,"turns":5.0},{"damage":0.0,"enemies":"Reptomancer","floor":44.0,"turns":4.0},{"damage":16.0,"enemies":"Maw","floor":45.0,"turns":5.0},{"damage":0.0,"enemies":"4 Shapes","floor":48.0,"turns":3.0},{"damage":10.0,"enemies":"3 Darklings","floor":49.0,"turns":2.0},{"damage":61.0,"enemies":"WA_ARCHETYPE_DIVINITY","floor":50.0,"turns":8.0},{"damage":51.0,"enemies":"downfall:CharBossMerchant","floor":52.0,"turns":6.0},{"damage":35.0,"enemies":"downfall:NeowBoss","floor":55.0,"turns":14.0},{"damage":65,"enemies":"downfall:NeowBossFinal","floor":56,"turns":5}],"seed_played":"-295876931405332602","potions_obtained":[{"floor":8.0,"key":"Fire Potion"},{"floor":9.0,"key":"Fire Potion"},{"floor":10.0,"key":"Block Potion"},{"floor":14.0,"key":"Regen Potion"},{"floor":16.0,"key":"bronze:FreeFunctionsPotion"},{"floor":22.0,"key":"SpeedPotion"},{"floor":23.0,"key":"Strength Potion"},{"floor":25.0,"key":"bronze:BuildAFunctionPotion"},{"floor":26.0,"key":"ColorlessPotion"},{"floor":28.0,"key":"DuplicationPotion"},{"floor":30.0,"key":"Block Potion"},{"floor":31.0,"key":"Fire Potion"},{"floor":33.0,"key":"PowerPotion"},{"floor":36.0,"key":"champ:CounterPotion"},{"floor":37.0,"key":"EssenceOfSteel"},{"floor":39.0,"key":"champ:CounterPotion"},{"floor":42.0,"key":"SkillPotion"},{"floor":43.0,"key":"PowerPotion"},{"floor":44.0,"key":"AttackPotion"},{"floor":45.0,"key":"Explosive Potion"},{"floor":48.0,"key":"Fire Potion"},{"floor":49.0,"key":"Ancient Potion"},{"floor":52.0,"key":"SkillPotion"}],"is_trial":false,"path_per_floor":["R","?","$","M","M","?","T","M","M","M","E","M","R","M","M","B",null,"R","?","$","M","M","M","T","M","M","?","E","R","E","$","M","B",null,"R","M","?","?","M","T","T","E","M","E","M","R","$","M","M","B",null,"E","$","R","B","B"],"character_chosen":"THE_AUTOMATON","items_purchased":["bronze:Overload","PreservedInsect","expansioncontent:AwakenDeath","bronze:MaxOutput","FairyPotion","Darkstone Periapt","Lantern","Calipers","EntropicBrew","Block Potion"],"campfire_rested":1,"item_purchase_floors":[3,20,20,20,31,31,31,47,47,53],"current_hp_per_floor":[70,70,60,60,60,60,60,60,60,59,59,57,57,57,57,43,70,70,70,70,67,66,44,44,34,21,21,20,20,11,11,8,20,76,76,70,51,57,57,63,69,62,20,30,19,60,60,60,55,24,104,53,53,53,28,0,0,0],"gold":41,"neow_bonus":"BOSS_RELIC","is_daily":false,"chose_seed":false,"campfire_upgraded":5,"win_rate":0.0,"timestamp":1611760024,"path_taken":["R","?","$","?","M","?","T","?","M","M","E","M","R","M","M","BOSS","R","?","?","M","M","M","T","M","M","?","E","R","E","$","M","BOSS","R","M","?","?","M","?","T","E","M","E","M","R","$","M","M","BOSS","E","$","R","BOSS","BOSS"],"items_purchased_type":["Card","Relic","Card","Card","Potion","Relic","Relic","Relic","Potion","Potion"],"build_version":"2020-12-22","purchased_purges":3,"victory":false,"max_hp_per_floor":[70,70,70,70,70,70,70,70,70,70,70,70,70,70,70,70,70,70,70,70,70,70,70,70,70,70,70,70,70,70,70,70,70,76,76,76,76,82,82,88,94,94,94,94,94,104,104,104,104,104,104,104,104,104,104,104,104,104],"card_choices":[{"not_picked":["bronze:BuggyMess","bronze:CutThrough"],"picked":"bronze:FineTuning","floor":3.0},{"not_picked":["bronze:WildBeam","bronze:DelayedGuard"],"picked":"bronze:Overheat","floor":4.0},{"not_picked":["bronze:FineTuning","bronze:CloningBeam"],"picked":"bronze:ChildClass","floor":5.0},{"not_picked":["bronze:BuggyMess","bronze:WhirlingStrike"],"picked":"bronze:ChildClass","floor":8.0},{"not_picked":["bronze:Invalidate","bronze:BronzeArmor"],"picked":"bronze:Break","floor":9.0},{"not_picked":["bronze:BuggyMess","bronze:Return"],"picked":"bronze:Terminator","floor":10.0},{"not_picked":["bronze:Invalidate","bronze:Overheat"],"picked":"bronze:Fortify","floor":11.0},{"not_picked":["bronze:FineTuning","bronze:DelayedGuard"],"picked":"bronze:Boost","floor":12.0},{"not_picked":["bronze:ForceShield","bronze:BugBarrage"],"picked":"bronze:Flail","floor":14.0},{"not_picked":["bronze:Frontload","bronze:FineTuning"],"picked":"bronze:ClassDefault","floor":15.0},{"not_picked":["bronze:Assembly","bronze:RecursiveStrike"],"picked":"bronze:SpaghettiCode","floor":16.0},{"not_picked":["bronze:WhirlingStrike","bronze:ForLoop"],"picked":"bronze:Flail+1","floor":20.0},{"not_picked":["bronze:BuggyMess","bronze:DelayedSlice"],"picked":"bronze:Flail","floor":21.0},{"not_picked":["bronze:Return","bronze:Invalidate+1"],"picked":"bronze:Boost","floor":22.0},{"not_picked":["bronze:OilSpill","bronze:NullPointer"],"picked":"bronze:Return","floor":23.0},{"not_picked":["bronze:ForLoop","bronze:Shield+1"],"picked":"bronze:Backtrace","floor":25.0},{"not_picked":["bronze:BuggyMess","bronze:ChildClass"],"picked":"bronze:Terminator","floor":26.0},{"not_picked":["bronze:GetLatest","bronze:DelayedGuard"],"picked":"bronze:CloningBeam","floor":27.0},{"not_picked":["bronze:Return","bronze:DelayedGuard"],"picked":"bronze:FindAndReplace","floor":28.0},{"not_picked":["bronze:WildBeam","bronze:Boost","bronze:ClassDefault"],"picked":"SKIP","floor":30.0},{"not_picked":["bronze:FollowUp","bronze:Turbo+1","bronze:BugBarrage+1"],"picked":"SKIP","floor":31.0},{"not_picked":["bronze:Constructor","bronze:Overheat","bronze:Iterate"],"picked":"SKIP","floor":32.0},{"not_picked":["bronze:HyperBeam","bronze:Break"],"picked":"bronze:Assembly","floor":33.0},{"not_picked":["bronze:Branch","bronze:CutThrough+1"],"picked":"bronze:Allocate","floor":36.0},{"not_picked":["bronze:Shield+1","bronze:DigitalCarnage"],"picked":"bronze:BitShift+1","floor":37.0},{"not_picked":["bronze:BitShift","bronze:Frontload+1","bronze:Deprecate+1"],"picked":"SKIP","floor":39.0},{"not_picked":["bronze:DarkDash+1","bronze:Shield+1","bronze:Repulsor"],"picked":"SKIP","floor":42.0},{"not_picked":["bronze:Shield","bronze:Deprecate+1","bronze:BuggyMess"],"picked":"SKIP","floor":43.0},{"not_picked":["bronze:ChosenStrike+1","bronze:Frontload"],"picked":"bronze:Backtrace+1","floor":44.0},{"not_picked":["bronze:WhirlingStrike+1","bronze:Return+1"],"picked":"bronze:ClassDefault+1","floor":45.0},{"not_picked":["bronze:Invalidate","bronze:BuggyMess"],"picked":"bronze:Separator+1","floor":48.0},{"not_picked":["bronze:Repair+1","bronze:CloningBeam+1"],"picked":"bronze:RecursiveStrike+1","floor":49.0},{"not_picked":["bronze:Safeguard","bronze:FollowUp+1"],"picked":"bronze:Turbo","floor":52.0}],"player_experience":590758,"relics_obtained":[{"floor":7.0,"key":"Centennial Puzzle"},{"floor":11.0,"key":"Pen Nib"},{"floor":19.0,"key":"downfall:GremlinWheel"},{"floor":24.0,"key":"White Beast Statue"},{"floor":27.0,"key":"Peace Pipe"},{"floor":27.0,"key":"Mummified Hand"},{"floor":28.0,"key":"WingedGreaves"},{"floor":30.0,"key":"Ancient Tea Set"},{"floor":34.0,"key":"Toy Ornithopter"},{"floor":34.0,"key":"HornCleat"},{"floor":34.0,"key":"Old Coin"},{"floor":37.0,"key":"Pocketwatch"},{"floor":38.0,"key":"Molten Egg 2"},{"floor":41.0,"key":"Bottled Lightning"},{"floor":42.0,"key":"Oddly Smooth Stone"},{"floor":44.0,"key":"Unceasing Top"},{"floor":52.0,"key":"Mercury Hourglass"}],"event_choices":[{"damage_healed":0.0,"max_hp_gain":0.0,"max_hp_loss":0.0,"gold_gain":200.0,"event_name":"Wheel of Change","player_choice":"Gold","floor":29.0,"gold_loss":0.0,"damage_taken":0.0},{"damage_healed":0.0,"max_hp_gain":0.0,"max_hp_loss":0.0,"gold_gain":0.0,"event_name":"Mysterious Sphere","player_choice":"Fight","floor":37.0,"gold_loss":0.0,"damage_taken":0.0}],"is_beta":false,"boss_relics":[{"not_picked":["Velvet Choker","bronze:MakeshiftBattery"],"picked":"Cursed Key"},{"not_picked":["Empty Cage","Snecko Eye"],"picked":"Calling Bell"}],"items_purged_floors":[20,47,53],"is_endless":false,"potions_floor_spawned":[8,9,10,14,16,22,23,25,26,27,28,30,31,32,33,36,37,39,42,43,44,45,48,49,52],"killed_by":"downfall:NeowBossFinal","ascension_level":0}}