{"host":"709gjpjg43u3i5a8","time":1611776989,"event":{"mods":["Act Like it!","BaseMod","Colored Map","Colored Powertips","Downfall","Duelist Mod","Gensokyo","GifTheSpireLib","Hallownest","Hermit","Hubris","Infinite Spire","Koishi","Marisa????????","Minty Spire (QoL Compilation)","Remilia??????","Shop Mod","StSLib","Td1madao Mod","The Administrix","The Animator","The Bug Knight","The Construct","The Cursed","The Disciple","The Hierophant","The Jungle","The Necromancer","The Poker Player","The Runesmith","The Servant 0.9.4"],"gold_per_floor":[99,117,137,153,153,187,265,275,294,323,323,342,342,367,377,477,477,477,487,513,532,559,559,559,559],"floor_reached":23,"language":"ENG","playtime":2385,"items_purged":[],"score":292,"play_id":"a4a034b3-67b6-472f-968c-d0804dfe5aa0","local_time":"20210127124949","is_ascension_mode":false,"campfire_choices":[{"data":"hexamod:Float","floor":1,"key":"SMITH"},{"data":"hexamod:HexaLevel","floor":18,"key":"SMITH"}],"circlet_count":0,"master_deck":["hexamod:Strike","hexamod:Strike","hexamod:Strike","hexamod:Strike","hexamod:Defend","hexamod:Defend","hexamod:Defend","hexamod:Defend","hexamod:Sear","hexamod:Float+1","hexamod:ThirdSeal","hexamod:ThirdSeal","hexamod:SpectersWail","hexamod:HauntingEcho","hexamod:ShieldOfDarkness","hexamod:HexaLevel+1","hexamod:InspiringFlames","hexamod:NightmareGuise","hexamod:PhantomCloak","hexamod:WildfireWeapon","hexamod:FastForward","hexamod:FourthSeal","hexamod:HauntingEcho","Regret","hexamod:FastForward","hexamod:PowerFromBeyond","hexamod:GhostOfSpireFuture","hexamod:TimeOfNeed","hexamod:GhostflameInferno","hexamod:AdvancingGuard","hexamod:SecondSeal","hexamod:FastForward","hexamod:FourthSeal","hexamod:FastForward","hexamod:GhostOfSpireFuture","hexamod:GhostflameInferno","hexamod:FlamesFromBeyond","hexamod:Hexaguard","hexamod:SkipABeat+1"],"relics":["hexamod:SpiritBrand","Anchor","construct:FoamFinger","Pantograph","Shuriken","hubris:DeckOfHolding","hubris:Icosahedron","HollowMod:LifeEnderRelic","Centennial Puzzle","hubris:RunicObelisk"],"acts_visited":["Exordium","TheCity"],"potions_floor_usage":[16,21,21,22,22,23],"damage_taken":[{"damage":0,"enemies":"2 Louse","floor":2,"turns":3},{"damage":0,"enemies":"Jaw Worm","floor":3,"turns":4},{"damage":0,"enemies":"Small Slimes","floor":4,"turns":3},{"damage":15,"enemies":"HollowMod:MossKnight","floor":6,"turns":7},{"damage":2,"enemies":"Blue Slaver","floor":8,"turns":4},{"damage":1,"enemies":"Large Slime","floor":9,"turns":6},{"damage":31,"enemies":"3 Sentries","floor":10,"turns":14},{"damage":6,"enemies":"Exordium Wildlife","floor":12,"turns":7},{"damage":5,"enemies":"HollowMod:MossKnight","floor":14,"turns":9},{"damage":9,"enemies":"Blue Slaver","floor":15,"turns":3},{"damage":18,"enemies":"IC_STATUS_ARCHETYPE","floor":16,"turns":7},{"damage":11,"enemies":"Spheric Guardian","floor":19,"turns":6},{"damage":4,"enemies":"Shell Parasite","floor":20,"turns":6},{"damage":37,"enemies":"Cultist and Chosen","floor":21,"turns":9},{"damage":25,"enemies":"3 Cultists","floor":22,"turns":5},{"damage":5,"enemies":"Centurion and Healer","floor":23,"turns":2}],"seed_played":"6961869776312637165","potions_obtained":[{"floor":6,"key":"bronze:BurnAndBuffPotion"},{"floor":10,"key":"sneckomod:MuddlingPotion"},{"floor":12,"key":"Block Potion"},{"floor":14,"key":"ColorlessPotion"},{"floor":15,"key":"DistilledChaos"},{"floor":16,"key":"CultistPotion"},{"floor":20,"key":"EssenceOfSteel"},{"floor":20,"key":"Regen Potion"},{"floor":21,"key":"AttackPotion"},{"floor":21,"key":"Explosive Potion"},{"floor":22,"key":"Strength Potion"},{"floor":22,"key":"hexamod:EctoCoolerPotion"}],"is_trial":false,"path_per_floor":["R","M","M","M","?","E","T","M","M","E","?","M","?","E","M","B",null,"R","M","M","M","M","M"],"character_chosen":"THE_SPIRIT","items_purchased":[],"campfire_rested":0,"item_purchase_floors":[],"current_hp_per_floor":[70,70,70,70,70,55,55,53,52,21,21,15,15,10,1,8,70,70,59,55,30,5,0,0,0],"gold":559,"neow_bonus":"RANDOM_COMMON_RELIC","is_daily":false,"chose_seed":false,"campfire_upgraded":2,"win_rate":0.0,"timestamp":1611776989,"path_taken":["R","M","M","M","?","E","T","M","M","E","?","M","?","E","M","BOSS","R","M","M","M","M","M"],"items_purchased_type":[],"build_version":"2020-12-22","purchased_purges":0,"victory":false,"max_hp_per_floor":[70,70,70,70,70,70,70,70,70,70,70,70,70,70,70,70,70,70,70,70,70,70,70,70,70],"card_choices":[{"not_picked":["hexamod:AdvancingGuard","hexamod:NightmareGuise"],"picked":"hexamod:ThirdSeal","floor":2},{"not_picked":["hexamod:NightmareGuise","hexamod:AdvancingGuard"],"picked":"hexamod:ThirdSeal","floor":3},{"not_picked":["hexamod:ThermalTransfer","hexamod:HeatCrush"],"picked":"hexamod:SpectersWail","floor":3},{"not_picked":["hexamod:BurningTouch","hexamod:FlamesFromBeyond"],"picked":"hexamod:HauntingEcho","floor":4},{"not_picked":["hexamod:NecessarySacrifice","hexamod:HeatMetal"],"picked":"hexamod:ShieldOfDarkness","floor":4},{"not_picked":["hexamod:DynamicBlow","hexamod:HeatCrush"],"picked":"hexamod:HexaLevel","floor":6},{"not_picked":["hexamod:ThermalTransfer","hexamod:BacktrackSmack","hexamod:NightmareStrike"],"picked":"SKIP","floor":6},{"not_picked":["hexamod:EtherealExpedition","hexamod:Hexaguard"],"picked":"hexamod:InspiringFlames","floor":8},{"not_picked":["hexamod:EtherealExpedition","hexamod:Firestarter"],"picked":"hexamod:NightmareGuise","floor":9},{"not_picked":["hexamod:InspiringFlames","hexamod:HeatMetal"],"picked":"hexamod:PhantomCloak","floor":9},{"not_picked":["hexamod:ChargedBarrage","hexamod:Hexaguard"],"picked":"hexamod:WildfireWeapon","floor":10},{"not_picked":["hexamod:FlamesFromBeyond","hexamod:NightmareStrike"],"picked":"hexamod:FastForward","floor":10},{"not_picked":["hexamod:GhostLash","hexamod:AdvancingGuard"],"picked":"hexamod:FourthSeal","floor":12},{"not_picked":["hexamod:Hexaguard","hexamod:NightmareStrike"],"picked":"hexamod:HauntingEcho","floor":12},{"not_picked":["hexamod:TurnItUp","hexamod:SwordOfDarkness"],"picked":"hexamod:FastForward","floor":14},{"not_picked":["hexamod:DynamicBlow","hexamod:SpectersWail"],"picked":"hexamod:PowerFromBeyond","floor":14},{"not_picked":["hexamod:GhostflameBarrier","hexamod:InspiringFlames"],"picked":"hexamod:GhostOfSpireFuture","floor":15},{"not_picked":["hexamod:Again","hexamod:GhostLash","hexamod:ChargedBarrage"],"picked":"SKIP","floor":15},{"not_picked":["hexamod:ParanormalForm","hexamod:UnlimitedPower"],"picked":"hexamod:TimeOfNeed","floor":16},{"not_picked":["hexamod:ParanormalForm","hexamod:SearingWound"],"picked":"hexamod:GhostflameInferno","floor":16},{"not_picked":["hexamod:NightmareStrike+1","hexamod:InspiringFlames"],"picked":"hexamod:AdvancingGuard","floor":19},{"not_picked":["hexamod:BurningTouch+1","hexamod:EmpoweredFlame+1"],"picked":"hexamod:SecondSeal","floor":19},{"not_picked":["hexamod:BurningTouch","hexamod:InspiringFlames"],"picked":"hexamod:FastForward","floor":20},{"not_picked":["hexamod:Firestarter","hexamod:SecondSeal"],"picked":"hexamod:FourthSeal","floor":20},{"not_picked":["hexamod:SpectersWail","hexamod:Firestarter"],"picked":"hexamod:FastForward","floor":20},{"not_picked":["hexamod:DynamicBlow","hexamod:InspiringFlames"],"picked":"hexamod:GhostOfSpireFuture","floor":21},{"not_picked":["hexamod:ThermalTransfer","hexamod:Firestarter"],"picked":"hexamod:GhostflameInferno","floor":21},{"not_picked":["hexamod:PhantomFireball+1","hexamod:HeatMetal+1"],"picked":"hexamod:FlamesFromBeyond","floor":21},{"not_picked":["hexamod:HeatMetal","hexamod:RadiantFlame+1"],"picked":"hexamod:Hexaguard","floor":22},{"not_picked":["hexamod:ShieldOfDarkness","hexamod:SwordOfDarkness"],"picked":"hexamod:SkipABeat+1","floor":22}],"player_experience":520791,"relics_obtained":[{"floor":5,"key":"construct:FoamFinger"},{"floor":6,"key":"Pantograph"},{"floor":7,"key":"Shuriken"},{"floor":10,"key":"hubris:DeckOfHolding"},{"floor":14,"key":"Centennial Puzzle"}],"event_choices":[{"damage_healed":0,"gold_gain":0,"player_choice":"Box","damage_taken":0,"relics_obtained":["HollowMod:LifeEnderRelic"],"max_hp_gain":0,"max_hp_loss":0,"event_name":"Big Fish","floor":13,"gold_loss":0,"cards_obtained":["Regret"]}],"is_beta":false,"boss_relics":[{"not_picked":["Cursed Key","hubris:Backtick"],"picked":"hubris:RunicObelisk"}],"items_purged_floors":[],"is_endless":false,"potions_floor_spawned":[6,10,12,15,16,20,21,22],"killed_by":"Centurion and Healer","ascension_level":0}}