{"host":"i9wanet4r0ff4t9y","time":1611749870,"event":{"mods":["2.2 Compatiblity","Act Like it!","BaseMod","Bestiary","Better Altar","Better Match","Better Note","Better Sensory Stone","Better Skull","Better Third Choice","Better Vampires","BetterRewards","CapriCore","Colored Map","Curses Come First","Downfall","Hubris","Minty Spire (QoL Compilation)","Quick Restart","READ ME - Guardian Mod","READ ME - Snecko Mod","Relic Stats","Say the Spire","Spicy Shops","StSLib","The Disciple","The Poker Player","Waifu the Spire"],"gold_per_floor":[113,0,13,28,0,28,28,38,90,90,122,122,62,25,25,100,100,117,128,128,128,128,53,53,71,71,71,102,114,140,201,213,225,225],"floor_reached":33,"language":"POL","playtime":988,"items_purged":[],"score":455,"play_id":"6ef2659f-fb12-4662-bbc2-4d3d197909e6","local_time":"20210127131750","is_ascension_mode":true,"campfire_choices":[{"floor":7,"key":"REST"},{"data":"Noxious Fumes","floor":10,"key":"SMITH"},{"floor":12,"key":"REST"},{"floor":15,"key":"REST"},{"floor":24,"key":"REST"},{"floor":32,"key":"REST"}],"circlet_count":0,"master_deck":["AscendersBane","Strike_G","Strike_G","Strike_G","Strike_G","Strike_G","Defend_G","Defend_G","Defend_G","Defend_G","Defend_G","Survivor","Neutralize","Leg Sweep","Enlightenment","Quick Slash","hubris:Counter","Cloak And Dagger","Sucker Punch","hubris:DuctTapeCard","hubris:Sniper","Dash","Envenom","Blade Dance","Distraction","J.A.X.","Cloak And Dagger","hubris:Envy","Writhe","Poisoned Stab+1","Dash","Writhe"],"relics":["Ring of the Snake","betterThird:SlimedRelic","Nunchaku","Snake Skull","hubris:DuctTape","Mummified Hand","Cursed Key","sneckomod:BabySnecko","hubris:BundleOfHerbs","MawBank","Enchiridion","Tiny Chest"],"acts_visited":["Exordium","TheCity"],"potions_floor_usage":[6,11,25,28],"damage_taken":[{"damage":0,"enemies":"Jaw Worm","floor":1,"turns":5},{"damage":9,"enemies":"Small Slimes","floor":3,"turns":4},{"damage":0,"enemies":"Cultist","floor":4,"turns":4},{"damage":30,"enemies":"Lagavulin","floor":6,"turns":6},{"damage":2,"enemies":"Looter","floor":8,"turns":3},{"damage":10,"enemies":"3 Sentries","floor":11,"turns":7},{"damage":46,"enemies":"The Guardian","floor":16,"turns":10},{"damage":0,"enemies":"Shell Parasite","floor":18,"turns":7},{"damage":17,"enemies":"Spheric Guardian","floor":19,"turns":6},{"damage":28,"enemies":"Shelled Parasite and Fungi","floor":25,"turns":5},{"damage":38,"enemies":"Sentry and Sphere","floor":28,"turns":6},{"damage":11,"enemies":"Snake Plant","floor":30,"turns":4},{"damage":34,"enemies":"Automaton","floor":33,"turns":8}],"seed_played":"-2933024958760933042","potions_obtained":[{"floor":1,"key":"Fire Potion"},{"floor":8,"key":"ColorlessPotion"},{"floor":19,"key":"DistilledChaos"},{"floor":25,"key":"Regen Potion"}],"is_trial":false,"path_per_floor":["M","?","M","M","?","E","R","M","T","R","E","R","?","$","R","B",null,"M","M","?","?","?","?","R","M","T","?","M","?","M","T","R","B"],"character_chosen":"THE_SILENT","items_purchased":["Noxious Fumes","Leg Sweep","Dash"],"campfire_rested":5,"item_purchase_floors":[0,0,14],"current_hp_per_floor":[59,65,56,56,45,15,36,34,34,34,24,45,45,45,66,20,59,59,42,42,42,42,42,63,35,35,35,37,16,5,5,26,0,0],"gold":225,"neow_bonus":"","is_daily":false,"chose_seed":false,"campfire_upgraded":1,"win_rate":0.0,"timestamp":1611749870,"path_taken":["M","?","M","M","?","E","R","?","T","R","E","R","?","?","R","BOSS","M","M","?","?","?","?","R","?","T","?","M","?","M","?","R","BOSS"],"items_purchased_type":["Card","Card","Card"],"build_version":"2020-12-22","purchased_purges":0,"victory":false,"max_hp_per_floor":[66,72,72,72,72,72,72,72,72,72,72,72,72,72,72,72,72,72,72,72,72,72,72,72,72,72,72,72,72,72,72,72,72,72],"relic_stats":{"Nunchaku":[15],"counters":[119,569],"Mummified Hand":[16],"Tiny Chest":1,"Snake Skull":[74],"Cursed Key":2,"MawBank":72,"obtain_stats":[{"CeramicFish":9,"Vajra":21,"Spirit Poop":29,"HoveringKite":34,"Whetstone":0,"Boot":0,"Sling":11,"Blood Vial":0,"Lizard Tail":17,"HornCleat":11,"Strawberry":0,"Philosopher\u0027s Stone":17,"Prayer Wheel":9,"HandDrill":0,"Kunai":12,"Girya":0,"Pear":23,"Happy Flower":10,"hubris:DuctTape":11,"Blue Candle":54,"Oddly Smooth Stone":53,"Eternal Feather":26,"Paper Crane":40,"War Paint":0,"Question Card":9,"Akabeko":41,"Shuriken":9,"Bronze Scales":9,"Bird Faced Urn":25,"Nloth\u0027s Gift":20,"Black Star":17,"StrikeDummy":23,"bronze:MakeshiftBattery":17,"Unceasing Top":28,"Meat on the Bone":21,"Darkstone Periapt":0,"Regal Pillow":9,"Lantern":0,"Singing Bowl":0,"Torii":43,"Enchiridion":25,"Mango":30,"Snake Skull":9,"Bag of Preparation":27,"Juzu Bracelet":47,"Incense Burner":41,"Ancient Tea Set":11,"Cursed Key":34,"Dream Catcher":17,"Nunchaku":26,"Tough Bandages":38,"Matryoshka":6,"Shovel":19,"Ninja Scroll":11,"Mummified Hand":13,"Toolbox":41,"Tiny Chest":11,"Chemical X":11,"InkBottle":6,"Ring of the Snake":0,"Potion Belt":0,"The Specimen":0,"Golden Idol":2,"betterThird:NestCultRelic":28,"PreservedInsect":0,"The Courier":6,"Orichalcum":0,"Frozen Egg 2":41,"MawBank":27,"White Beast Statue":26,"Calling Bell":17,"Cauldron":21,"sneckomod:BabySnecko":22,"Strange Spoon":31,"Anchor":24,"Ornamental Fan":20,"betterThird:SlimedRelic":5,"Orrery":0,"hubris:BundleOfHerbs":26,"Bag of Marbles":0,"Bottled Lightning":7,"Membership Card":0,"hexamod:BolsterEngine":42,"Toy Ornithopter":12},{"CeramicFish":24,"Vajra":35,"Spirit Poop":39,"HoveringKite":41,"Whetstone":99,"Boot":26,"Sling":30,"Blood Vial":88,"Lizard Tail":71,"HornCleat":69,"Strawberry":50,"Philosopher\u0027s Stone":14,"Prayer Wheel":104,"HandDrill":26,"Kunai":30,"Girya":50,"Pear":75,"Happy Flower":11,"hubris:DuctTape":112,"Blue Candle":49,"Oddly Smooth Stone":48,"Eternal Feather":16,"Paper Crane":45,"War Paint":88,"Question Card":6,"Akabeko":45,"Shuriken":30,"Bronze Scales":6,"Bird Faced Urn":62,"Nloth\u0027s Gift":59,"Black Star":96,"StrikeDummy":61,"bronze:MakeshiftBattery":57,"Unceasing Top":77,"Meat on the Bone":97,"Darkstone Periapt":26,"Regal Pillow":10,"Lantern":26,"Singing Bowl":50,"Torii":85,"Enchiridion":75,"Mango":63,"Snake Skull":111,"Bag of Preparation":38,"Juzu Bracelet":47,"Incense Burner":85,"Ancient Tea Set":24,"Cursed Key":80,"Dream Catcher":71,"Nunchaku":75,"Tough Bandages":83,"Matryoshka":6,"Shovel":97,"Ninja Scroll":54,"Mummified Hand":112,"Toolbox":45,"Tiny Chest":30,"Chemical X":94,"InkBottle":92,"Ring of the Snake":0,"Potion Belt":64,"The Specimen":26,"Golden Idol":27,"betterThird:NestCultRelic":16,"PreservedInsect":19,"The Courier":53,"Orichalcum":7,"Frozen Egg 2":45,"MawBank":116,"White Beast Statue":37,"Calling Bell":71,"Cauldron":16,"sneckomod:BabySnecko":16,"Strange Spoon":79,"Anchor":36,"Ornamental Fan":97,"betterThird:SlimedRelic":109,"Orrery":64,"hubris:BundleOfHerbs":116,"Bag of Marbles":50,"Bottled Lightning":10,"Membership Card":88,"hexamod:BolsterEngine":85,"Toy Ornithopter":25},{"CeramicFish":102,"Vajra":160,"Spirit Poop":174,"HoveringKite":184,"Whetstone":458,"Boot":121,"Sling":135,"Blood Vial":411,"Lizard Tail":324,"HornCleat":317,"Strawberry":235,"Philosopher\u0027s Stone":64,"Prayer Wheel":486,"HandDrill":121,"Kunai":135,"Girya":235,"Pear":344,"Happy Flower":49,"hubris:DuctTape":523,"Blue Candle":226,"Oddly Smooth Stone":221,"Eternal Feather":72,"Paper Crane":206,"War Paint":411,"Question Card":24,"Akabeko":206,"Shuriken":135,"Bronze Scales":24,"Bird Faced Urn":284,"Nloth\u0027s Gift":266,"Black Star":446,"StrikeDummy":278,"bronze:MakeshiftBattery":259,"Unceasing Top":352,"Meat on the Bone":450,"Darkstone Periapt":121,"Regal Pillow":41,"Lantern":121,"Singing Bowl":235,"Torii":393,"Enchiridion":344,"Mango":288,"Snake Skull":516,"Bag of Preparation":171,"Juzu Bracelet":215,"Incense Burner":393,"Ancient Tea Set":102,"Cursed Key":369,"Dream Catcher":324,"Nunchaku":344,"Tough Bandages":383,"Matryoshka":24,"Shovel":450,"Ninja Scroll":245,"Mummified Hand":523,"Toolbox":206,"Tiny Chest":135,"Chemical X":433,"InkBottle":427,"Ring of the Snake":0,"Potion Belt":300,"The Specimen":121,"Golden Idol":124,"betterThird:NestCultRelic":72,"PreservedInsect":89,"The Courier":244,"Orichalcum":28,"Frozen Egg 2":206,"MawBank":551,"White Beast Statue":166,"Calling Bell":324,"Cauldron":72,"sneckomod:BabySnecko":72,"Strange Spoon":359,"Anchor":164,"Ornamental Fan":450,"betterThird:SlimedRelic":507,"Orrery":300,"hubris:BundleOfHerbs":551,"Bag of Marbles":235,"Bottled Lightning":41,"Membership Card":411,"hexamod:BolsterEngine":393,"Toy Ornithopter":105}],"Ring of the Snake":[223]},"card_choices":[{"not_picked":["Acrobatics","Backflip"],"picked":"Blade Dance","floor":1},{"not_picked":["hubris:SlightOfHand","Underhanded Strike"],"picked":"Quick Slash","floor":3},{"not_picked":["hubris:TrickCloak","Heel Hook"],"picked":"hubris:Counter","floor":4},{"not_picked":["Footwork","Heel Hook"],"picked":"Cloak And Dagger","floor":6},{"not_picked":["PiercingWail","Prepared"],"picked":"Sucker Punch","floor":8},{"not_picked":["Endless Agony","Concentrate"],"picked":"hubris:Sniper","floor":11},{"not_picked":["Unload","Doppelganger"],"picked":"Envenom","floor":16},{"not_picked":["All Out Attack","Slice"],"picked":"Blade Dance","floor":18},{"not_picked":["Caltrops","Backflip"],"picked":"Distraction","floor":19},{"not_picked":["Setup","Acrobatics"],"picked":"Cloak And Dagger","floor":25},{"not_picked":["Concentrate","Slice"],"picked":"Poisoned Stab+1","floor":28},{"not_picked":["Concentrate","Dagger Throw"],"picked":"Dash","floor":30}],"player_experience":447140,"relics_obtained":[{"floor":6,"key":"Nunchaku"},{"floor":9,"key":"Snake Skull"},{"floor":11,"key":"hubris:DuctTape"},{"floor":26,"key":"hubris:BundleOfHerbs"},{"floor":29,"key":"Enchiridion"},{"floor":31,"key":"Tiny Chest"}],"event_choices":[{"damage_healed":0,"gold_gain":0,"player_choice":"RENOUNCE","damage_taken":113,"max_hp_gain":0,"max_hp_loss":0,"event_name":"betterThird:BetterSerpent","floor":2,"gold_loss":113,"cards_obtained":["Enlightenment"]},{"damage_healed":0,"gold_gain":0,"player_choice":"Slimed","damage_taken":11,"max_hp_gain":0,"max_hp_loss":0,"event_name":"betterThird:BetterGoop","floor":5,"gold_loss":28},{"damage_healed":0,"gold_gain":0,"player_choice":"Paid Gold","damage_taken":0,"relics_obtained":["Mummified Hand"],"max_hp_gain":0,"max_hp_loss":0,"event_name":"WeMeetAgain","floor":13,"gold_loss":60},{"damage_healed":0,"gold_gain":0,"player_choice":"Ignored","damage_taken":0,"max_hp_gain":0,"max_hp_loss":0,"event_name":"Ghosts","floor":20,"gold_loss":0},{"damage_healed":0,"gold_gain":0,"player_choice":"Obtain J.A.X.","damage_taken":0,"max_hp_gain":0,"max_hp_loss":0,"event_name":"Drug Dealer","floor":21,"gold_loss":0,"cards_obtained":["J.A.X."]},{"cards_removed":["downfall:Bewildered"],"damage_healed":0,"gold_gain":0,"player_choice":"Gave Gold","damage_taken":0,"max_hp_gain":0,"max_hp_loss":0,"event_name":"Beggar","floor":23,"gold_loss":75},{"damage_healed":0,"gold_gain":0,"player_choice":"Opened","damage_taken":0,"relics_obtained":["MawBank"],"max_hp_gain":0,"max_hp_loss":0,"event_name":"The Mausoleum","floor":27,"gold_loss":0,"cards_obtained":["Writhe"]},{"damage_healed":0,"gold_gain":0,"player_choice":"Obtained Book","damage_taken":21,"max_hp_gain":0,"max_hp_loss":0,"event_name":"Cursed Tome","floor":29,"gold_loss":0}],"is_beta":false,"boss_relics":[{"not_picked":["hubris:BlackHole","hubris:ScarierMask"],"picked":"Cursed Key"}],"items_purged_floors":[],"is_endless":false,"potions_floor_spawned":[1,8,19,25],"killed_by":"Automaton","ascension_level":16}}