{"host":"m4pe905ae9bldoe7","time":1611746483,"event":{"mods":["BaseMod","Bestiary","Block Reminder","Downfall","Minty Spire (QoL Compilation)","StSLib"],"gold_per_floor":[99,111,123,123,135,161,188,3,103,103,103,119,119,119,135,236,236,236,251,269,56,56,86,86,110,20,120,220,254,269,284,297,297,297,297],"floor_reached":33,"language":"ENG","playtime":3069,"items_purged":["downfall:Bewildered"],"score":310,"play_id":"2106f0b5-8a7d-4e1d-842a-4321920ecc53","local_time":"20210127122123","is_ascension_mode":false,"campfire_choices":[{"data":"champ:Taunt","floor":1,"key":"SMITH"},{"floor":11,"key":"REST"},{"floor":13,"key":"REST"},{"data":"champ:StanceDance","floor":18,"key":"SMITH"}],"circlet_count":0,"master_deck":["champ:Strike","champ:Strike","champ:Strike","champ:Strike","champ:Defend","champ:Defend","champ:Defend","champ:Defend","champ:Execute","champ:Taunt+1","champ:RecklessLeap","champ:DeathBlow","champ:FlashCut","champ:BerserkersShout","champ:Endure","champ:StanceDance+1","champ:ShieldWall","champ:PreciseThrust","champ:Shatter","champ:IronFortress","champ:HeartStrike","champ:VampiricStrike","champ:PerfectedStrike","champ:GladiatorStyle","champ:Duel","champ:FanOfKnives","champ:ShieldSlam","champ:PerfectedStrike","champ:AdrenalArmor+1","champ:IgnorePain","champ:Devastate","champ:FanOfKnives+1","champ:Haymaker+1"],"relics":["champ:ChampionCrown","Art of War","Ancient Tea Set","CloakClasp","SlaversCollar","Sling","sneckomod:BabySnecko","Juzu Bracelet","Toy Ornithopter","champ:BlackKnightHelmet","Matryoshka","downfall:GremlinWheel","Centennial Puzzle"],"acts_visited":["Exordium","TheCity"],"potions_floor_usage":[27,30,31,33,33,33],"damage_taken":[{"damage":10,"enemies":"2 Louse","floor":2,"turns":3},{"damage":31,"enemies":"Cultist","floor":3,"turns":3},{"damage":10,"enemies":"Small Slimes","floor":5,"turns":2},{"damage":76,"enemies":"Gremlin Nob","floor":6,"turns":5},{"damage":31,"enemies":"downfall:FleeingMerchant","floor":8,"turns":4},{"damage":59,"enemies":"downfall:FleeingMerchant","floor":9,"turns":10},{"damage":26,"enemies":"Blue Slaver","floor":12,"turns":2},{"damage":34,"enemies":"Exordium Thugs","floor":15,"turns":3},{"damage":84,"enemies":"SI_SHIV_ARCHETYPE","floor":16,"turns":8},{"damage":55,"enemies":"3 Byrds","floor":19,"turns":6},{"damage":30,"enemies":"Cultist and Chosen","floor":20,"turns":4},{"damage":45,"enemies":"downfall:FleeingMerchant","floor":21,"turns":4},{"damage":15,"enemies":"Gremlin Leader","floor":23,"turns":5},{"damage":53,"enemies":"downfall:FleeingMerchant","floor":26,"turns":4},{"damage":77,"enemies":"downfall:FleeingMerchant","floor":27,"turns":6},{"damage":0,"enemies":"downfall:FleeingMerchant","floor":28,"turns":3},{"damage":21,"enemies":"Book of Stabbing","floor":29,"turns":4},{"damage":49,"enemies":"3 Cultists","floor":30,"turns":4},{"damage":23,"enemies":"Snake Plant","floor":31,"turns":4},{"damage":10,"enemies":"Snecko","floor":32,"turns":3},{"damage":84,"enemies":"DF_ARCHETYPE_CLAW","floor":33,"turns":6}],"seed_played":"-6817363671234103432","potions_obtained":[{"floor":3,"key":"sneckomod:MuddlingPotion"},{"floor":6,"key":"Explosive Potion"},{"floor":15,"key":"sneckomod:MuddlingPotion"},{"floor":20,"key":"champ:CounterPotion"},{"floor":23,"key":"Strength Potion"},{"floor":27,"key":"AttackPotion"},{"floor":30,"key":"Energy Potion"},{"floor":32,"key":"AttackPotion"}],"is_trial":false,"path_per_floor":["R","M","M","?","M","E","T","$","?","?","R","M","R","?","M","B",null,"R","M","M","$","?","E","T","T","$","?","?","E","M","M","M","B"],"character_chosen":"THE_CHAMP","items_purchased":["champ:StanceDance","champ:ShieldWall","champ:PreciseThrust","champ:FanOfKnives","Sling"],"campfire_rested":2,"item_purchase_floors":[8,8,8,21,21],"current_hp_per_floor":[99,99,93,78,78,32,32,27,12,12,41,30,59,59,50,46,99,99,84,84,79,79,79,79,79,76,54,54,43,24,20,20,0,0,0],"gold":297,"neow_bonus":"TEN_PERCENT_HP_BONUS","is_daily":false,"chose_seed":false,"campfire_upgraded":2,"win_rate":0.0,"timestamp":1611746483,"path_taken":["R","M","M","?","?","E","T","$","?","?","R","?","R","?","M","BOSS","R","M","M","$","?","E","T","?","$","?","?","E","M","M","M","BOSS"],"items_purchased_type":["Card","Card","Card","Card","Relic"],"build_version":"2020-12-22","purchased_purges":1,"victory":false,"max_hp_per_floor":[99,99,99,99,99,99,99,99,99,99,99,99,99,99,99,99,99,99,99,99,99,99,99,99,99,99,99,99,99,99,99,99,99,99,99],"card_choices":[{"not_picked":["champ:AdrenalArmor","champ:FaceSlap"],"picked":"champ:RecklessLeap","floor":2},{"not_picked":["champ:PerfectedStrike","champ:BringItOn"],"picked":"champ:DeathBlow","floor":3},{"not_picked":["champ:EnGarde","champ:RapidStrikes"],"picked":"champ:FlashCut","floor":5},{"not_picked":["champ:StrikeOfGenius","champ:TornadoPunch"],"picked":"champ:BerserkersShout","floor":6},{"not_picked":["champ:BerserkersShout","champ:FaceSlap"],"picked":"champ:Endure","floor":8},{"not_picked":["champ:DefensiveShout","champ:Endure"],"picked":"champ:Shatter","floor":9},{"not_picked":["champ:FlashCut","champ:BladeFlurry"],"picked":"champ:IronFortress","floor":12},{"not_picked":["champ:DefensiveShout","champ:BringItOn"],"picked":"champ:HeartStrike","floor":15},{"not_picked":["champ:Improvising","champ:CheapShot"],"picked":"champ:VampiricStrike","floor":16},{"not_picked":["champ:ShieldSlam+1","champ:Circumvent"],"picked":"champ:PerfectedStrike","floor":19},{"not_picked":["champ:BerserkersShout","champ:FancyFootwork+1"],"picked":"champ:GladiatorStyle","floor":20},{"not_picked":["champ:DefensiveShout","champ:GutPunch"],"picked":"champ:Duel","floor":21},{"not_picked":["champ:BladeFlurry","champ:Circumvent+1"],"picked":"champ:ShieldSlam","floor":23},{"not_picked":["champ:FlashCut","champ:FalseCounter"],"picked":"champ:PerfectedStrike","floor":26},{"not_picked":["champ:FlashCut","champ:PreemptiveStrike+1"],"picked":"champ:AdrenalArmor+1","floor":27},{"not_picked":["champ:TornadoPunch","champ:FlashCut"],"picked":"champ:IgnorePain","floor":29},{"not_picked":["champ:Backstep+1","champ:PerfectedStrike"],"picked":"champ:Devastate","floor":30},{"not_picked":["champ:CrownThrow","champ:FalseCounter+1"],"picked":"champ:FanOfKnives+1","floor":31},{"not_picked":["champ:ShieldWall+1","champ:Backstep"],"picked":"champ:Haymaker+1","floor":32}],"player_experience":491722,"relics_obtained":[{"floor":6,"key":"Art of War"},{"floor":7,"key":"Ancient Tea Set"},{"floor":9,"key":"CloakClasp"},{"floor":23,"key":"Juzu Bracelet"},{"floor":25,"key":"Toy Ornithopter"},{"floor":27,"key":"champ:BlackKnightHelmet"},{"floor":27,"key":"Matryoshka"},{"floor":28,"key":"downfall:GremlinWheel"},{"floor":29,"key":"Centennial Puzzle"}],"event_choices":[{"damage_healed":0,"gold_gain":0,"player_choice":"Ignored","damage_taken":0,"max_hp_gain":0,"max_hp_loss":0,"event_name":"NoteForYourself","floor":10,"gold_loss":0}],"is_beta":false,"boss_relics":[{"not_picked":["Cursed Key","Tiny House"],"picked":"SlaversCollar"}],"items_purged_floors":[26],"is_endless":false,"potions_floor_spawned":[3,6,15,16,20,23,27,30,32],"killed_by":"DF_ARCHETYPE_CLAW","ascension_level":0}}