{"host":"pmmuxs046gii331m","time":1611780172,"event":{"mods":["AchievementEnabler","BaseMod","Colored Powertips","Downfall","Gold Saver","Minty Spire (QoL Compilation)","Permanent Neow","Quick Restart","StSLib"],"gold_per_floor":[115,115,25,37,50,35,59,69,85,112,212,223,123,133,144,243,243,243,243,27,44,64,164,164,64,64,78,95,95,124,46,56,151,151,51,70,179,189,189,201,226,376,390,390,424,424,437,451,467,467,467,495,287,287,287,287,287,287],"floor_reached":56,"language":"ENG","playtime":9909,"items_purged":["Shame","hexamod:Defend","hexamod:Strike","hexamod:Defend"],"score":803,"play_id":"255f364d-f21f-4321-8e42-77840067f8f4","local_time":"20210127154252","is_ascension_mode":false,"campfire_choices":[{"data":"hexamod:Float","floor":1.0,"key":"SMITH"},{"data":"hexamod:EmpoweredFlame","floor":13.0,"key":"SMITH"},{"data":"hexamod:TimeWarp","floor":18.0,"key":"SMITH"},{"data":"hexamod:ThermalTransfer","floor":25.0,"key":"SMITH"},{"floor":29,"key":"RECALL"},{"data":"hexamod:SearingWound","floor":35,"key":"SMITH"},{"floor":46,"key":"REST"},{"floor":54,"key":"REST"}],"circlet_count":0,"master_deck":["hexamod:Sear","hexamod:Float+1","Blind","hexamod:SpectersWail","hexamod:Firestarter","hexamod:StepThrough","hexamod:InspiringFlames","hexamod:GhostShield","hexamod:Incineration","hexamod:GhostOfSpireFuture+1","hexamod:ApocalypseNow","hexamod:EmpoweredFlame+1","hexamod:TimeOfNeed","hexamod:TimeWarp+1","hexamod:ThermalTransfer+1","hexamod:SearingWound+1","hexamod:ExtraCrispy+1","hexamod:RadiantFlame+1","hexamod:ExtraCrispy+1"],"relics":["hexamod:SpiritBrand","Oddly Smooth Stone","Mummified Hand","downfall:HeartBlessingGreen","Philosopher\u0027s Stone","Membership Card","hexamod:SoulConsumer","Frozen Egg 2","downfall:HeartBlessingBlue","hexamod:IceCube","downfall:HeartBlessingRed","Unceasing Top","Toy Ornithopter","Bronze Scales","Lizard Tail","ClockworkSouvenir","Vajra"],"acts_visited":["Exordium","TheCity","TheBeyond","TheEnding"],"potions_floor_usage":[33,33,48,48,50,50,56],"damage_taken":[{"damage":0.0,"enemies":"downfall:FleeingMerchant","floor":3.0,"turns":4.0},{"damage":3.0,"enemies":"Jaw Worm","floor":4.0,"turns":3.0},{"damage":0.0,"enemies":"Cultist","floor":5.0,"turns":3.0},{"damage":0.0,"enemies":"downfall:FleeingMerchant","floor":6.0,"turns":4.0},{"damage":7.0,"enemies":"Small Slimes","floor":8.0,"turns":3.0},{"damage":0.0,"enemies":"Exordium Wildlife","floor":9.0,"turns":5.0},{"damage":11.0,"enemies":"3 Sentries","floor":10.0,"turns":7.0},{"damage":5.0,"enemies":"downfall:Heads","floor":11.0,"turns":5.0},{"damage":0.0,"enemies":"Exordium Thugs","floor":12.0,"turns":3.0},{"damage":25.0,"enemies":"Gremlin Gang","floor":14.0,"turns":4.0},{"damage":3.0,"enemies":"Exordium Wildlife","floor":15.0,"turns":3.0},{"damage":25.0,"enemies":"SI_SHIV_ARCHETYPE","floor":16.0,"turns":8.0},{"damage":0.0,"enemies":"downfall:FleeingMerchant","floor":20.0,"turns":4.0},{"damage":0.0,"enemies":"Spheric Guardian","floor":21.0,"turns":3.0},{"damage":7.0,"enemies":"Centurion and Healer","floor":22.0,"turns":6.0},{"damage":1.0,"enemies":"IC_STATUS_ARCHETYPE","floor":23.0,"turns":6.0},{"damage":18.0,"enemies":"Chosen and Byrds","floor":27.0,"turns":5.0},{"damage":0,"enemies":"Sentry and Sphere","floor":28,"turns":4},{"damage":29,"enemies":"Slavers","floor":30,"turns":6},{"damage":0,"enemies":"downfall:FleeingMerchant","floor":31,"turns":4},{"damage":4,"enemies":"Snake Plant","floor":32,"turns":3},{"damage":0,"enemies":"WA_ARCHETYPE_CALM","floor":33,"turns":7},{"damage":20,"enemies":"3 Shapes","floor":36,"turns":3},{"damage":1,"enemies":"downfall:FleeingMerchant","floor":37,"turns":3},{"damage":28,"enemies":"3 Darklings","floor":38,"turns":3},{"damage":4,"enemies":"Jaw Worm Horde","floor":40,"turns":3},{"damage":6,"enemies":"Spire Growth","floor":43,"turns":3},{"damage":19,"enemies":"Nemesis","floor":45,"turns":7},{"damage":20,"enemies":"4 Shapes","floor":47,"turns":4},{"damage":11,"enemies":"Jaw Worm Horde","floor":48,"turns":3},{"damage":0,"enemies":"Transient","floor":49,"turns":5},{"damage":21,"enemies":"IC_BLOCK_ARCHETYPE","floor":50,"turns":8},{"damage":58,"enemies":"downfall:CharBossMerchant","floor":52,"turns":7},{"damage":102,"enemies":"downfall:NeowBoss","floor":55,"turns":16},{"damage":72,"enemies":"downfall:NeowBossFinal","floor":56,"turns":5}],"seed_played":"-4235021062479726907","potions_obtained":[{"floor":4.0,"key":"FairyPotion"},{"floor":5.0,"key":"PowerPotion"},{"floor":8.0,"key":"GamblersBrew"},{"floor":10.0,"key":"ColorlessPotion"},{"floor":15.0,"key":"hexamod:DoubleChargePotion"},{"floor":21.0,"key":"LiquidBronze"},{"floor":22.0,"key":"FairyPotion"},{"floor":27.0,"key":"hexamod:EctoCoolerPotion"},{"floor":43,"key":"Weak Potion"},{"floor":48,"key":"BlessingOfTheForge"},{"floor":49,"key":"Block Potion"}],"is_trial":false,"path_per_floor":["R","?","$","M","M","$","T","M","M","E","?","M","R","M","M","B",null,"R","?","$","M","M","?","T","R","?","M","M","R","E","$","M","B",null,"R","M","$","M","?","M","T","?","M","?","E","R","M","M","M","B",null,"E","$","R","B","B"],"character_chosen":"THE_SPIRIT","items_purchased":["Membership Card","Unceasing Top","Energy Potion","ClockworkSouvenir","Vajra","champ:CounterPotion","hexamod:ExtraCrispy+1"],"campfire_rested":2,"item_purchase_floors":[20,37,37,53,53,53,53],"current_hp_per_floor":[70,70,70,67,67,67,67,60,60,49,44,44,44,19,16,14,70,70,57,57,57,50,49,49,59,59,45,49,49,24,28,28,32,85,85,65,64,36,36,32,32,32,26,26,11,36,16,15,19,12,85,31,31,56,13,0,0,0],"gold":287,"neow_bonus":"RANDOM_COLORLESS","is_daily":false,"chose_seed":false,"campfire_upgraded":5,"win_rate":0.0,"timestamp":1611780172,"path_taken":["R","?","$","?","M","$","T","M","M","E","?","M","R","M","M","BOSS","R","?","?","M","?","?","T","R","?","M","?","R","E","$","M","BOSS","R","M","$","M","?","M","T","?","?","?","E","R","M","M","M","BOSS","E","$","R","BOSS","BOSS"],"items_purchased_type":["Relic","Relic","Potion","Relic","Relic","Potion","Card"],"build_version":"2020-12-22","purchased_purges":4,"victory":false,"max_hp_per_floor":[70,70,70,70,70,70,70,70,70,70,70,70,70,70,70,70,70,70,75,75,75,75,75,75,85,85,85,85,85,85,85,85,85,85,85,85,85,85,85,85,85,85,85,85,85,85,85,85,85,85,85,85,85,85,85,85,85,85],"card_choices":[{"not_picked":["Dark Shackles","Dramatic Entrance"],"picked":"Blind","floor":0.0},{"not_picked":["hexamod:Rewind","hexamod:RecurringNightmare"],"picked":"hexamod:SpectersWail","floor":3.0},{"not_picked":["hexamod:BacktrackSmack","hexamod:Incineration"],"picked":"hexamod:Firestarter","floor":4.0},{"not_picked":["hexamod:NightmareStrike","hexamod:GhostOfSpireFuture"],"picked":"hexamod:StepThrough","floor":5.0},{"not_picked":["hexamod:HauntingEcho","hexamod:FastForward"],"picked":"hexamod:InspiringFlames","floor":6.0},{"not_picked":["hexamod:SuperheatedStrike","hexamod:HauntingEcho"],"picked":"hexamod:GhostShield","floor":8.0},{"not_picked":["hexamod:InspiringFlames","hexamod:RetreatToShadows"],"picked":"hexamod:Incineration","floor":9.0},{"not_picked":["hexamod:HeatMetal","hexamod:PhantomCloak"],"picked":"hexamod:GhostOfSpireFuture","floor":10.0},{"not_picked":["hexamod:SpectersWail","hexamod:HauntingEcho"],"picked":"hexamod:EmpoweredFlame","floor":11.0},{"not_picked":["hexamod:NightmareGuise","hexamod:InspiringFlames","hexamod:HeatMetal"],"picked":"SKIP","floor":12.0},{"not_picked":["hexamod:SpectersWail","hexamod:ThirdSeal"],"picked":"hexamod:TimeOfNeed","floor":14.0},{"not_picked":["hexamod:EmpoweredFlame","hexamod:EtherealExpedition","hexamod:BurningTouch"],"picked":"SKIP","floor":15.0},{"not_picked":["hexamod:Toasty","hexamod:SixthSeal"],"picked":"hexamod:TimeWarp","floor":16.0},{"not_picked":["hexamod:PhantomCloak","hexamod:PowerFromBeyond","hexamod:HeatMetal"],"picked":"SKIP","floor":20.0},{"not_picked":["hexamod:AdvancingGuard","hexamod:SpectersWail","hexamod:RadiantFlame"],"picked":"SKIP","floor":21.0},{"not_picked":["hexamod:BacktrackSmack","hexamod:NightmareStrike+1","hexamod:EmpoweredFlame"],"picked":"SKIP","floor":22.0},{"not_picked":["hexamod:ShieldOfDarkness","hexamod:HeatShield"],"picked":"hexamod:ThermalTransfer","floor":23.0},{"not_picked":["hexamod:SpectersWail","hexamod:FlamesFromBeyond","hexamod:NightmareStrike"],"picked":"SKIP","floor":27.0},{"not_picked":["hexamod:HeatMetal","hexamod:SpectersWail","hexamod:GhostOfSpireFuture+1"],"picked":"SKIP","floor":28},{"not_picked":["hexamod:NightmareStrike","hexamod:RetreatToShadows"],"picked":"hexamod:SearingWound","floor":30},{"not_picked":["hexamod:Again","hexamod:HeatMetal","hexamod:CatchUp"],"picked":"SKIP","floor":31},{"not_picked":["hexamod:SuperheatedStrike","hexamod:SwordOfDarkness","hexamod:NightmareStrike"],"picked":"SKIP","floor":32},{"not_picked":["hexamod:HeatMetal","hexamod:PhantomFireball+1"],"picked":"hexamod:ExtraCrispy+1","floor":36},{"not_picked":["hexamod:HeatMetal+1","hexamod:NightmareGuise+1","hexamod:SpectersWail+1"],"picked":"SKIP","floor":37},{"not_picked":["hexamod:ThermalTransfer+1","hexamod:FastForward","hexamod:ChargedBarrage+1"],"picked":"SKIP","floor":38},{"not_picked":["hexamod:HeatMetal","hexamod:NightmareGuise","hexamod:RainOfEmbers+1"],"picked":"SKIP","floor":40},{"not_picked":["hexamod:FirstSeal","hexamod:Incineration"],"picked":"hexamod:RadiantFlame+1","floor":43},{"not_picked":["hexamod:GhostLash","hexamod:BacktrackSmack","hexamod:Incineration+1"],"picked":"SKIP","floor":45},{"not_picked":["hexamod:Incineration","hexamod:Rewind","hexamod:RadiantFlame+1"],"picked":"SKIP","floor":47},{"not_picked":["hexamod:ThirdSeal","hexamod:ParanormalForm+1","hexamod:NightmareStrike+1"],"picked":"SKIP","floor":48},{"not_picked":["hexamod:BurningTouch+1","hexamod:SuperheatedStrike+1","hexamod:GhostLash"],"picked":"SKIP","floor":49},{"not_picked":["hexamod:NightmareGuise+1","hexamod:PhantomCloak+1","hexamod:ShieldOfDarkness"],"picked":"SKIP","floor":52}],"player_experience":402560,"relics_obtained":[{"floor":7.0,"key":"Oddly Smooth Stone"},{"floor":10.0,"key":"Mummified Hand"},{"floor":23.0,"key":"hexamod:SoulConsumer"},{"floor":23.0,"key":"Frozen Egg 2"},{"floor":30,"key":"Centennial Puzzle"},{"floor":41,"key":"Toy Ornithopter"},{"floor":45,"key":"Bronze Scales"},{"floor":52,"key":"Lizard Tail"}],"event_choices":[{"damage_healed":0.0,"max_hp_gain":0.0,"max_hp_loss":0.0,"gold_gain":0.0,"event_name":"Lab","player_choice":"Got Potions","floor":26.0,"gold_loss":0.0,"damage_taken":0.0}],"is_beta":false,"boss_relics":[{"not_picked":["Tiny House","Runic Dome"],"picked":"Philosopher\u0027s Stone"},{"not_picked":["SlaversCollar","Coffee Dripper"],"picked":"hexamod:IceCube"}],"items_purged_floors":[3,20,31,37],"is_endless":false,"potions_floor_spawned":[4,5,8,10,15,21,22,27,28,43,48,49],"killed_by":"downfall:NeowBossFinal","ascension_level":0}}