{"host":"na09lpbrez4gbfiz","time":1611751385,"event":{"mods":["Act Like it!","BaseMod","BetterRewards","Colored Map","Colored Powertips","DeckTracker","Googly Eyes","Highlight Path","Minty Spire (QoL Compilation)","Quick Restart","Spicy Shops","StSLib","SuperFastMode","Synergy Search"],"gold_per_floor":[111,130,55,74,74,74,94,94,119,119,119,119,119],"floor_reached":12,"language":"ENG","playtime":306,"items_purged":["Strike_R"],"score":99,"play_id":"c8d31d0d-2df1-4603-b3e6-b6b9f5720c3b","local_time":"20210127134305","is_ascension_mode":true,"campfire_choices":[{"data":"Uppercut","floor":6,"key":"SMITH"},{"data":"Bash","floor":8,"key":"SMITH"},{"floor":10,"key":"REST"}],"circlet_count":0,"master_deck":["Strike_R+1","Strike_R+1","Strike_R","Defend_R","Defend_R","Defend_R","Defend_R","Bash+1","Uppercut+1"],"relics":["Black Star","Nunchaku"],"acts_visited":["Exordium"],"potions_floor_usage":[7,12],"damage_taken":[{"damage":10,"enemies":"Small Slimes","floor":1,"turns":4},{"damage":5,"enemies":"2 Louse","floor":2,"turns":4},{"damage":15,"enemies":"Jaw Worm","floor":4,"turns":6},{"damage":20,"enemies":"2 Fungi Beasts","floor":7,"turns":4},{"damage":25,"enemies":"3 Sentries","floor":12,"turns":5}],"seed_played":"1246672139179359613","potions_obtained":[{"floor":1,"key":"Swift Potion"},{"floor":2,"key":"SteroidPotion"}],"is_trial":false,"path_per_floor":["M","M","$","M","?","R","M","R","T","R","?","E"],"character_chosen":"IRONCLAD","items_purchased":[],"campfire_rested":1,"item_purchase_floors":[],"current_hp_per_floor":[62,57,57,42,42,42,22,22,22,46,30,5,5],"gold":119,"neow_bonus":"BOSS_RELIC","is_daily":false,"chose_seed":false,"campfire_upgraded":2,"win_rate":0.0,"timestamp":1611751385,"path_taken":["M","M","$","M","?","R","M","R","T","R","?","E"],"items_purchased_type":[],"build_version":"2020-12-22","purchased_purges":1,"victory":false,"max_hp_per_floor":[80,80,80,80,80,80,80,80,80,80,80,80,80],"card_choices":[{"not_picked":["Blood for Blood","Sword Boomerang","Iron Wave"],"picked":"SKIP","floor":1},{"not_picked":["Flex","Pummel","Warcry"],"picked":"SKIP","floor":2},{"not_picked":["Combust","Headbutt"],"picked":"Uppercut","floor":4},{"not_picked":["Perfected Strike","Sever Soul","Twin Strike"],"picked":"SKIP","floor":7}],"player_experience":176701,"relics_obtained":[{"floor":9,"key":"Nunchaku"}],"event_choices":[{"cards_removed":["Strike_R"],"damage_healed":0,"gold_gain":0,"player_choice":"Forget","damage_taken":0,"max_hp_gain":0,"max_hp_loss":0,"event_name":"Living Wall","floor":5,"gold_loss":0},{"damage_healed":0,"gold_gain":0,"player_choice":"Entered Light","damage_taken":16,"max_hp_gain":0,"max_hp_loss":0,"event_name":"Shining Light","floor":11,"gold_loss":0,"cards_upgraded":["Strike_R","Strike_R"]}],"is_beta":false,"boss_relics":[],"items_purged_floors":[3],"is_endless":false,"potions_floor_spawned":[1,2],"killed_by":"3 Sentries","ascension_level":9}}