{"host":"og21o26alpnbwmz8","time":1611770544,"event":{"mods":["Act Like it!","Aspiration","BaseMod","Conspire","Downfall","Halation","Hallownest","Hubris","Jedi Mod","Mimic Mod","Minty Spire (QoL Compilation)","Pale of the Ancients","Replay The Spire","Shop Mod","Spikes Relics","StSLib","The Alterego","The Blue Laboratory","The Death Knight","The Wild Card","Waifu the Spire"],"gold_per_floor":[99,111,56,73,88,99,151,183,183,83,83,83,99,23,37,139,139,39,56,66,66,21,21,44,44,54,70,70,105,118,149,167,266,266,266,279,294,294,309,328,353,381,381,281,8,8,24,183,183,183,183,183,37,37,37,37,37],"floor_reached":55,"language":"ENG","playtime":3204,"items_purged":["champ:Strike"],"score":941,"play_id":"d6c36a0c-678c-41ad-9889-0be7517a02ae","local_time":"20210127130224","is_ascension_mode":false,"campfire_choices":[{"floor":1,"key":"RECALL"},{"data":"champ:TornadoPunch","floor":10,"key":"SMITH"},{"data":"champ:HoldFirm","floor":12,"key":"SMITH"},{"data":"champ:ShieldWall","floor":18,"key":"SMITH"},{"data":"champ:ShieldWall","floor":25,"key":"SMITH"},{"data":"champ:DefensiveShout","floor":35,"key":"SMITH"},{"data":"champ:HoldFirm","floor":35,"key":"SMITH"},{"data":"champ:FlashCut","floor":44,"key":"SMITH"},{"data":"champ:Execute","floor":44,"key":"SMITH"},{"data":"champ:StanceDance","floor":46,"key":"SMITH"},{"data":"champ:FocusedDefense","floor":46,"key":"SMITH"},{"floor":54,"key":"REST"}],"circlet_count":0,"master_deck":["champ:Strike","champ:Strike","champ:Strike","champ:Defend","champ:Defend","champ:Defend","champ:Defend","champ:Execute+1","champ:Taunt","champ:StanceDance+1","champ:EnGarde","champ:HoldFirm+1","champ:HoldFirm+1","champ:TornadoPunch+1","champ:DefensiveShout+1","champ:FocusedDefense+1","champ:FlashCut+1","champ:ShieldWall+1","champ:UltimateStance+1","champ:Lariat+1","champ:BringItOn+1","champ:ShieldWall+1","champ:DefensiveShout+1","champ:FalseCounter+1","champ:Circumvent+1","champ:HoldFirm+1","champ:DefensiveShout+1","champ:DefensiveShout+1","champ:DefensiveShout+1","champ:Lariat+1"],"relics":["champ:ChampionCrownUpgraded","NeowsBlessing","Garlic","Anchor","Toxic Egg 2","hubris:Towel","downfall:HeartBlessingRed","Hallownest:DreamNailRelic","hubris:TerracottaHorce","downfall:HeartBlessingGreen","halation:EternalFortune","Vajra","halation:PinkSoulGem","Blood Vial","Replay:Arrowhead","halation:TwoAmDonut","Centennial Puzzle","downfall:HeartBlessingBlue","Membership Card","jedi:archwizardhat","jedi:ominousloannote","aspiration:StickyExplosives_weak","Simple Rune","Happy Flower","jedi:matchstick"],"acts_visited":["Exordium","Hallownest:Greenpath","Hallownest:CityofTears","TheEnding"],"potions_floor_usage":[40],"damage_taken":[{"damage":0,"enemies":"Hallownest:2_MossCreeps","floor":2,"turns":2},{"damage":5,"enemies":"downfall:FleeingMerchant","floor":3,"turns":1},{"damage":5,"enemies":"2_ Uuma","floor":4,"turns":2},{"damage":11,"enemies":"Hallownest:2_Tiktiks_and_1_Crawlid","floor":5,"turns":4},{"damage":35,"enemies":"Hallownest:monsterMossCharger","floor":6,"turns":7},{"damage":32,"enemies":"Hallownest:eliteCrystalGuardian","floor":8,"turns":8},{"damage":0,"enemies":"Hallownest:2_Tiktiks_1_Baldur_1_Crawlid","floor":13,"turns":1},{"damage":6,"enemies":"Hallownest:1_Baldur_1_Crawlid_1_Warrior","floor":15,"turns":4},{"damage":33,"enemies":"DF_ARCHETYPE_STREAMLINE","floor":16,"turns":11},{"damage":20,"enemies":"Hallownest:3_Youths","floor":19,"turns":7},{"damage":70,"enemies":"Hallownest:2_Mistakes","floor":20,"turns":7},{"damage":11,"enemies":"Hallownest:2_Husk_Sentries","floor":26,"turns":4},{"damage":0,"enemies":"Hallownest:Master_and_Novice","floor":27,"turns":3},{"damage":20,"enemies":"Hallownest:Nosk","floor":29,"turns":6},{"damage":0,"enemies":"Hallownest:monsterShrumalOgre","floor":30,"turns":4},{"damage":38,"enemies":"Hallownest:eliteWatcherKnight","floor":31,"turns":15},{"damage":0,"enemies":"Hallownest:3_Mistakes","floor":32,"turns":1},{"damage":30,"enemies":"SI_MIRROR_ARCHETYPE","floor":33,"turns":10},{"damage":52,"enemies":"Hallownest:2_Littles","floor":36,"turns":5},{"damage":20,"enemies":"Hallownest:Shield_Heavy","floor":37,"turns":5},{"damage":85,"enemies":"Hallownest:2_Soldiers_and_1_Guardian","floor":39,"turns":12},{"damage":56,"enemies":"Hallownest:Slobbering_and_Violent","floor":40,"turns":7},{"damage":85,"enemies":"Hallownest:eliteCollector","floor":42,"turns":14},{"damage":20,"enemies":"Hallownest:monsterPrimalAspid","floor":47,"turns":4},{"damage":69,"enemies":"Hallownest:2_Wing_and_1_Kings","floor":49,"turns":12},{"damage":15,"enemies":"WA_ARCHETYPE_DIVINITY","floor":50,"turns":2},{"damage":129,"enemies":"downfall:CharBossMerchant","floor":52,"turns":10},{"damage":0,"enemies":"downfall:NeowBoss","floor":55,"turns":1}],"seed_played":"-8401253736937658285","potions_obtained":[{"floor":2,"key":"Weak Potion"},{"floor":8,"key":"blueLaboratory:RememoryPotion"},{"floor":13,"key":"FearPotion"},{"floor":30,"key":"champ:OpenerPotion"},{"floor":39,"key":"blueLaboratory:FruitPunch"},{"floor":42,"key":"bronze:BurnAndBuffPotion"}],"is_trial":false,"path_per_floor":["R","M","$","M","M","M","T","E","?","R","?","R","M","$","M","B",null,"R","M","M","?","$","?","T","R","M","M","?","E","M","E","M","B",null,"R","M","M","?","M","M","T","E","T","R","$","R","M","$","M","B",null,"E","$","R","B"],"character_chosen":"THE_CHAMP","items_purchased":["Garlic","champ:HoldFirm","champ:ShieldWall","champ:DefensiveShout+1","Membership Card","jedi:archwizardhat","jedi:ominousloannote","aspiration:StickyExplosives_weak","Simple Rune","jedi:matchstick"],"campfire_rested":1,"item_purchase_floors":[3,3,14,22,45,45,48,48,48,53],"current_hp_per_floor":[90,90,90,90,89,89,89,82,82,82,82,82,82,82,81,48,80,80,80,80,80,80,83,83,83,82,82,82,82,87,86,88,90,95,95,84,86,86,88,81,81,73,73,83,83,83,85,85,78,80,97,5,5,35,37,37,37],"gold":37,"neow_bonus":"THREE_ENEMY_KILL","is_daily":false,"chose_seed":false,"campfire_upgraded":10,"win_rate":0.0,"timestamp":1611770544,"path_taken":["R","M","$","M","?","?","T","E","?","R","?","R","?","$","M","BOSS","R","M","M","?","$","?","T","R","M","M","?","E","M","E","M","BOSS","R","M","M","?","M","M","T","E","?","R","$","R","M","$","M","BOSS","E","$","R","BOSS"],"items_purchased_type":["Relic","Card","Card","Card","Relic","Relic","Relic","Relic","Relic","Relic"],"build_version":"2020-12-22","purchased_purges":1,"victory":false,"max_hp_per_floor":[90,90,90,90,90,90,90,90,90,90,90,90,90,90,90,90,90,90,90,90,90,90,93,93,93,93,93,93,93,96,96,96,96,96,96,96,96,91,91,93,93,93,93,103,103,103,103,103,103,103,103,103,103,103,103,103,103],"card_choices":[{"not_picked":["champ:BringItOn","champ:TornadoPunch"],"picked":"champ:StanceDance","floor":2},{"not_picked":["champ:IronFortress","champ:DefensiveShout"],"picked":"champ:EnGarde","floor":3},{"not_picked":["champ:FanOfKnives","champ:BerserkersShout"],"picked":"champ:TornadoPunch","floor":4},{"not_picked":["champ:Backstep","champ:BringItOn"],"picked":"champ:DefensiveShout","floor":5},{"not_picked":["champ:Circumvent","champ:GutPunch"],"picked":"champ:FocusedDefense","floor":6},{"not_picked":["champ:AdrenalArmor+1","champ:FocusedDefense+1","champ:SteelEdge"],"picked":"SKIP","floor":8},{"not_picked":["champ:Backstep+1","champ:DefensiveShout+1"],"picked":"champ:FlashCut","floor":13},{"not_picked":["champ:SteelEdge","champ:FancyFootwork+1","champ:EnGarde+1"],"picked":"SKIP","floor":15},{"not_picked":["champ:DancingMaster","champ:VampiricStrike"],"picked":"champ:UltimateStance+1","floor":16},{"not_picked":["champ:HeartStrike","champ:FocusedBerserking+1"],"picked":"champ:Lariat+1","floor":19},{"not_picked":["champ:Circumvent+1","champ:GutPunch"],"picked":"champ:BringItOn+1","floor":20},{"not_picked":["champ:GutPunch","champ:PerfectedStrike"],"picked":"champ:ShieldWall","floor":21},{"not_picked":["champ:BerserkersShout+1","champ:EnGarde+1","champ:FaceSlap"],"picked":"SKIP","floor":26},{"not_picked":["champ:Backstep+1","champ:StanceDance+1"],"picked":"champ:FalseCounter+1","floor":27},{"not_picked":["champ:RecklessLeap+1","champ:EnGarde+1","champ:StanceDance+1"],"picked":"SKIP","floor":29},{"not_picked":["champ:Haymaker","champ:FaceSlap+1","champ:ShieldSlam+1"],"picked":"SKIP","floor":30},{"not_picked":["champ:AdrenalArmor+1","champ:ArenaPreparation+1"],"picked":"champ:Circumvent+1","floor":31},{"not_picked":["champ:CheapShot","champ:BladeFlurry","champ:HeartStrike"],"picked":"SKIP","floor":32},{"not_picked":["champ:ShieldThrow","champ:TripleStrike"],"picked":"champ:HoldFirm+1","floor":33},{"not_picked":["champ:PreemptiveStrike+1","champ:Haymaker+1"],"picked":"champ:DefensiveShout+1","floor":36},{"not_picked":["champ:Parry+1","champ:BringItOn+1"],"picked":"champ:DefensiveShout+1","floor":37},{"not_picked":["champ:Shatter+1","champ:GutPunch+1","champ:BladeFlurry+1"],"picked":"SKIP","floor":39},{"not_picked":["champ:BladeFlurry+1","champ:StanceDance+1","champ:EnGarde+1"],"picked":"SKIP","floor":40},{"not_picked":["champ:GutPunch+1","champ:DeathBlow+1","champ:EnragedBash"],"picked":"SKIP","floor":42},{"not_picked":["champ:BringItOn+1","champ:Parry+1"],"picked":"champ:DefensiveShout+1","floor":47},{"not_picked":["champ:FlashCut","champ:GladiatorStyle+1","champ:FanOfKnives"],"picked":"SKIP","floor":49},{"not_picked":["champ:Circumvent+1","champ:Shatter"],"picked":"champ:Lariat+1","floor":52}],"player_experience":183146,"relics_obtained":[{"floor":7,"key":"Anchor"},{"floor":8,"key":"Toxic Egg 2"},{"floor":24,"key":"Vajra"},{"floor":29,"key":"Blood Vial"},{"floor":30,"key":"halation:EternalFortune"},{"floor":31,"key":"Replay:Arrowhead"},{"floor":42,"key":"halation:TwoAmDonut"},{"floor":43,"key":"Centennial Puzzle"},{"floor":52,"key":"Happy Flower"}],"event_choices":[],"is_beta":false,"boss_relics":[{"not_picked":["aspiration:DefectSkillbook","Replay:Ancient Bell"],"picked":"hubris:TerracottaHorce"},{"not_picked":["Black Star","SlaversCollar"],"picked":"champ:ChampionCrownUpgraded"}],"items_purged_floors":[48],"is_endless":false,"potions_floor_spawned":[2,8,13,29,30,31,32,33,37,39,42,49,52],"killed_by":"downfall:NeowBoss","ascension_level":0}}