{"host":"ty7uytdfitsmf36k","time":1611712835,"event":{"mods":["AchievementEnabler","BaseMod","Colored Map","Colored Powertips","DeckTracker","Downfall","Infinite Spire","Minty Spire (QoL Compilation)","Relic Stats","Replay The Spire","Spire Arcade","StSLib","SuperFastMode","The Jungle","Wandering Minibosses"],"gold_per_floor":[115,130,140,159,174,200,214,241,241,273,273,290,302,358,358,358,358],"floor_reached":16,"language":"ENG","playtime":736,"items_purged":[],"score":183,"play_id":"b903db0e-1b9c-4de4-8ca2-a65d56cfef32","local_time":"20210126210035","is_ascension_mode":true,"campfire_choices":[{"data":"Body Slam","floor":11,"key":"SMITH"},{"floor":15,"key":"REST"}],"circlet_count":0,"master_deck":["Strike_R","Strike_R","Strike_R","Strike_R","Strike_R","Defend_R","Defend_R","Defend_R","Defend_R","Bash","Flash of Steel","Wild Strike","Carnage","ReplayTheSpireMod:LeadingStrike","Power Through","Ghostly Armor","Shrug It Off","Body Slam+1"],"relics":["Burning Blood","infinitespire:Beetle Shell","Dream Catcher","Slimebound:PreparedRelic","Darkstone Periapt","Letter Opener"],"acts_visited":["Exordium"],"potions_floor_usage":[6,8,8,16],"damage_taken":[{"damage":4,"enemies":"Jaw Worm","floor":1,"turns":4},{"damage":0,"enemies":"Small Slimes","floor":2,"turns":3},{"damage":9,"enemies":"2 Louse","floor":3,"turns":3},{"damage":0,"enemies":"2 Fungi Beasts","floor":4,"turns":3},{"damage":6,"enemies":"Looter","floor":5,"turns":2},{"damage":22,"enemies":"3 Sentries","floor":6,"turns":5},{"damage":7,"enemies":"3 Louse","floor":7,"turns":3},{"damage":28,"enemies":"Replay:BlueRogue","floor":8,"turns":8},{"damage":27,"enemies":"3 Sentries","floor":10,"turns":9},{"damage":0,"enemies":"Lots of Slimes","floor":12,"turns":4},{"damage":0,"enemies":"2 Fungi Beasts","floor":13,"turns":3},{"damage":57,"enemies":"Fading Forest","floor":16,"turns":9}],"seed_played":"5529876967702729290","potions_obtained":[{"floor":2,"key":"ColorlessPotion"},{"floor":3,"key":"Swift Potion"},{"floor":5,"key":"Reflective Coating"},{"floor":7,"key":"Weak Potion"},{"floor":12,"key":"AttackPotion"},{"floor":13,"key":"Reflective Coating"}],"is_trial":false,"path_per_floor":["M","M","M","M","M","E","M","E","T","E","R","M","M","?","R","B"],"character_chosen":"IRONCLAD","items_purchased":[],"campfire_rested":1,"item_purchase_floors":[],"current_hp_per_floor":[74,80,77,80,80,64,63,41,41,20,20,26,32,12,36,0,0],"gold":358,"neow_bonus":"RANDOM_COLORLESS","is_daily":false,"chose_seed":false,"campfire_upgraded":1,"win_rate":0.0,"timestamp":1611712835,"path_taken":["M","M","M","M","M","E","M","E","T","E","R","M","M","?","R","BOSS"],"items_purchased_type":[],"build_version":"2020-12-22","purchased_purges":0,"victory":false,"max_hp_per_floor":[80,80,80,80,80,80,80,80,80,80,80,80,80,80,80,80,80],"relic_stats":{"Darkstone Periapt":0,"Dream Catcher":1,"counters":[12,56],"Letter Opener":[0],"obtain_stats":[{"Darkstone Periapt":10,"Dream Catcher":8,"infinitespire:Beetle Shell":6,"Slimebound:PreparedRelic":9,"Letter Opener":14,"Burning Blood":0},{"Darkstone Periapt":9,"Dream Catcher":8,"infinitespire:Beetle Shell":6,"Slimebound:PreparedRelic":8,"Letter Opener":11,"Burning Blood":0},{"Darkstone Periapt":40,"Dream Catcher":31,"infinitespire:Beetle Shell":20,"Slimebound:PreparedRelic":31,"Letter Opener":47,"Burning Blood":0}],"Burning Blood":63},"card_choices":[{"not_picked":["Replay:Sssssssssstrike","Madness"],"picked":"Flash of Steel","floor":0},{"not_picked":["Flex","Spot Weakness"],"picked":"Wild Strike","floor":1},{"not_picked":["Dark Embrace","Heavy Blade","Abandon"],"picked":"SKIP","floor":2},{"not_picked":["Wild Strike","Anger"],"picked":"Carnage","floor":3},{"not_picked":["Bloodletting","Whirlwind"],"picked":"ReplayTheSpireMod:LeadingStrike","floor":4},{"not_picked":["Wild Strike","Infernal Blade"],"picked":"Power Through","floor":5},{"not_picked":["Eclipse","Havoc"],"picked":"Ghostly Armor","floor":6},{"not_picked":["Entrench","Twin Strike","Cleave"],"picked":"SKIP","floor":7},{"not_picked":["ReplayTheSpireMod:Strike From Hell","Hemogenesis"],"picked":"Shrug It Off","floor":8},{"not_picked":["Wild Strike","Battle Trance"],"picked":"Body Slam","floor":10},{"not_picked":["Armaments","Replay:Undeath\u0027s Touch","Perfected Strike"],"picked":"SKIP","floor":12},{"not_picked":["Twin Strike","Inflame","ReplayTheSpireMod:Strike From Hell"],"picked":"SKIP","floor":13}],"player_experience":190274,"relics_obtained":[{"floor":6,"key":"infinitespire:Beetle Shell"},{"floor":8,"key":"Dream Catcher"},{"floor":9,"key":"Slimebound:PreparedRelic"},{"floor":10,"key":"Darkstone Periapt"},{"floor":14,"key":"Letter Opener"}],"event_choices":[],"is_beta":false,"boss_relics":[],"items_purged_floors":[],"is_endless":false,"potions_floor_spawned":[2,3,5,7,12,13],"killed_by":"Fading Forest","ascension_level":9}}