{"host":"hw9lt6p3yhr90vz0","time":1611716011,"event":{"mods":["BaseMod","DeckTracker","Minty Spire (QoL Compilation)","Relic Stats"],"gold_per_floor":[118,133,143,143,51,83,94,94,94,169,169,90,105,105,105,200,200,216,230,230,253,253,253,272,272,272,289,289,308,308,308],"floor_reached":30,"language":"ENG","playtime":1339,"items_purged":[],"score":311,"play_id":"3588d60c-1d81-47cd-a09a-e8019ba40405","local_time":"20210126215331","is_ascension_mode":true,"campfire_choices":[{"floor":11,"key":"REST"},{"floor":15,"key":"RECALL"},{"floor":23,"key":"REST"},{"floor":25,"key":"REST"},{"floor":28,"key":"REST"}],"circlet_count":0,"master_deck":["Strike_G","Strike_G","Defend_G","Defend_G","Defend_G","Defend_G","Survivor","Neutralize","Flying Knee","Dagger Spray","Catalyst","Noxious Fumes","Blade Dance","Accuracy","Endless Agony","Unload","Corpse Explosion","Setup+1","Well Laid Plans+1","Backstab+1","PiercingWail","Cloak And Dagger","RitualDagger","Prepared","Storm of Steel","Choke+1"],"relics":["Sozu","Pear","Blood Vial","Mummified Hand","Astrolabe","PreservedInsect","Nloth\u0027s Gift","Molten Egg 2"],"acts_visited":["Exordium","TheCity"],"potions_floor_usage":[],"damage_taken":[{"damage":0,"enemies":"Jaw Worm","floor":1,"turns":4},{"damage":0,"enemies":"Small Slimes","floor":2,"turns":3},{"damage":10,"enemies":"Cultist","floor":3,"turns":4},{"damage":37,"enemies":"3 Sentries","floor":6,"turns":9},{"damage":14,"enemies":"Exordium Wildlife","floor":7,"turns":7},{"damage":9,"enemies":"3 Louse","floor":13,"turns":2},{"damage":15,"enemies":"Slime Boss","floor":16,"turns":9},{"damage":22,"enemies":"2 Thieves","floor":18,"turns":2},{"damage":7,"enemies":"Chosen","floor":19,"turns":3},{"damage":29,"enemies":"Snecko","floor":24,"turns":5},{"damage":31,"enemies":"Centurion and Healer","floor":27,"turns":6},{"damage":52,"enemies":"Snake Plant","floor":29,"turns":6},{"damage":10,"enemies":"Snecko","floor":30,"turns":3}],"seed_played":"7398233375620462378","potions_obtained":[],"is_trial":false,"path_per_floor":["M","M","M","?","?","E","M","?","T","?","R","$","M","?","R","B",null,"M","M","?","T","?","R","M","R","T","M","R","M","M"],"character_chosen":"THE_SILENT","items_purchased":["Accuracy"],"campfire_rested":4,"item_purchase_floors":[12],"current_hp_per_floor":[63,63,53,56,56,19,7,33,33,22,46,46,39,39,39,26,67,47,42,36,36,36,60,33,57,57,28,52,2,0,0],"gold":308,"neow_bonus":"BOSS_RELIC","is_daily":false,"chose_seed":false,"campfire_upgraded":0,"win_rate":0.0,"timestamp":1611716011,"path_taken":["M","M","M","?","?","E","?","?","T","?","R","?","M","?","R","BOSS","M","M","?","?","?","R","M","R","T","?","R","M","M"],"items_purchased_type":["Card"],"build_version":"2020-12-22","purchased_purges":0,"victory":false,"max_hp_per_floor":[70,70,70,80,80,80,80,80,80,80,80,80,80,80,80,80,80,80,80,80,80,80,80,80,80,80,80,80,80,80,80],"relic_stats":{"Sozu":7,"Blood Vial":18,"counters":[13,63],"Mummified Hand":[14],"Astrolabe":["Setup","Well Laid Plans","Backstab"],"PreservedInsect":0,"Nloth\u0027s Gift":1,"obtain_stats":[{"Sozu":0,"Blood Vial":6,"Pear":4,"Happy Flower":5,"Mummified Hand":9,"Astrolabe":17,"Molten Egg 2":26,"PreservedInsect":21,"Nloth\u0027s Gift":22,"Ring of the Snake":0},{"Sozu":0,"Blood Vial":4,"Pear":3,"Happy Flower":3,"Mummified Hand":5,"Astrolabe":7,"Molten Egg 2":10,"PreservedInsect":9,"Nloth\u0027s Gift":9,"Ring of the Snake":0},{"Sozu":0,"Blood Vial":20,"Pear":11,"Happy Flower":11,"Mummified Hand":27,"Astrolabe":38,"Molten Egg 2":48,"PreservedInsect":43,"Nloth\u0027s Gift":43,"Ring of the Snake":0}]},"card_choices":[{"not_picked":["Sucker Punch","Eviscerate"],"picked":"Flying Knee","floor":1},{"not_picked":["Backstab","Distraction"],"picked":"Dagger Spray","floor":2},{"not_picked":["Prepared","Slice"],"picked":"Catalyst","floor":3},{"not_picked":["Dodge and Roll","Finisher"],"picked":"Noxious Fumes","floor":6},{"not_picked":["Outmaneuver","Sucker Punch"],"picked":"Blade Dance","floor":7},{"not_picked":["Dagger Spray","Dodge and Roll"],"picked":"Endless Agony","floor":13},{"not_picked":["Storm of Steel","Wraith Form v2"],"picked":"Corpse Explosion","floor":16},{"not_picked":["Crippling Poison","Riddle With Holes"],"picked":"PiercingWail","floor":18},{"not_picked":["Acrobatics+1","Poisoned Stab+1"],"picked":"Cloak And Dagger","floor":19},{"not_picked":["Quick Slash","Outmaneuver"],"picked":"Prepared","floor":24},{"not_picked":["PiercingWail+1","Acrobatics"],"picked":"Storm of Steel","floor":27},{"not_picked":["Doppelganger","Expertise"],"picked":"Choke+1","floor":29}],"player_experience":1284060,"relics_obtained":[{"floor":6,"key":"Blood Vial"},{"floor":9,"key":"Mummified Hand"},{"floor":21,"key":"PreservedInsect"},{"floor":26,"key":"Molten Egg 2"}],"event_choices":[{"damage_healed":0,"gold_gain":0,"player_choice":"Success","damage_taken":7,"relics_obtained":["Pear"],"max_hp_gain":0,"max_hp_loss":0,"event_name":"Scrap Ooze","floor":4,"gold_loss":0},{"damage_healed":0,"gold_gain":0,"player_choice":"Paid Gold","damage_taken":0,"relics_obtained":["Happy Flower"],"max_hp_gain":0,"max_hp_loss":0,"event_name":"WeMeetAgain","floor":5,"gold_loss":92},{"damage_healed":26,"gold_gain":0,"player_choice":"Banana","damage_taken":0,"max_hp_gain":0,"max_hp_loss":0,"event_name":"Big Fish","floor":8,"gold_loss":0},{"damage_healed":0,"gold_gain":75,"player_choice":"Gather Gold","damage_taken":11,"max_hp_gain":0,"max_hp_loss":0,"event_name":"World of Goop","floor":10,"gold_loss":0},{"damage_healed":0,"gold_gain":0,"cards_transformed":["Strike_G"],"player_choice":"Change","damage_taken":0,"max_hp_gain":0,"max_hp_loss":0,"event_name":"Living Wall","floor":14,"gold_loss":0,"cards_obtained":["Unload"]},{"damage_healed":0,"gold_gain":0,"player_choice":"Joined the Cult","damage_taken":6,"max_hp_gain":0,"max_hp_loss":0,"event_name":"Nest","floor":20,"gold_loss":0,"cards_obtained":["RitualDagger"]},{"damage_healed":0,"gold_gain":0,"player_choice":"Traded Relic","damage_taken":0,"relics_obtained":["Nloth\u0027s Gift"],"max_hp_gain":0,"max_hp_loss":0,"event_name":"N\u0027loth","floor":22,"relics_lost":["Happy Flower"],"gold_loss":0}],"is_beta":false,"boss_relics":[{"not_picked":["SacredBark","Ectoplasm"],"picked":"Astrolabe"}],"items_purged_floors":[],"is_endless":false,"potions_floor_spawned":[1,6,7,13,24,27,29],"killed_by":"Snecko","ascension_level":7}}