{"host":"yvb207ks1sg3cxef","time":1611756611,"event":{"mods":["2.2 Compatiblity","BaseMod","Bestiary","Colored Powertips","Minty Spire (QoL Compilation)","Permanent Neow","Quick Restart","Relic Stats","StSLib"],"gold_per_floor":[17,29,47,47,47,74,91,91,116,131,131,162,180,199,199,302,302,316,316,335,335,335,335,250,275,275,275,275],"floor_reached":27,"language":"ENG","playtime":3055,"items_purged":[],"score":333,"play_id":"3e85784e-d12b-43e8-a88c-bbb07b1f7e0b","local_time":"20210127194011","is_ascension_mode":true,"campfire_choices":[{"data":"True Grit","floor":8.0,"key":"SMITH"},{"data":"Hemokinesis","floor":11.0,"key":"SMITH"},{"data":"Battle Trance","floor":15.0,"key":"SMITH"},{"data":"RitualDagger","floor":23.0,"key":"SMITH"}],"circlet_count":0,"master_deck":["Strike_R+1","Strike_R+1","Strike_R+1","Strike_R+1","Defend_R+1","Defend_R+1","Defend_R+1","Defend_R+1","Bash","Clothesline","Battle Trance+1","Hemokinesis+1","True Grit+1","Sword Boomerang","Offering","Sentinel","Combust","Feed","RitualDagger+1","Demon Form"],"relics":["Burning Blood","Gambling Chip","Strawberry","Toy Ornithopter","Bag of Preparation","Coffee Dripper","HornCleat","The Courier","Kunai"],"acts_visited":["Exordium","TheCity"],"potions_floor_usage":[],"damage_taken":[{"damage":0.0,"enemies":"Small Slimes","floor":1.0,"turns":3.0},{"damage":1.0,"enemies":"2 Louse","floor":2.0,"turns":4.0},{"damage":0.0,"enemies":"Cultist","floor":3.0,"turns":3.0},{"damage":28.0,"enemies":"3 Sentries","floor":6.0,"turns":8.0},{"damage":2.0,"enemies":"2 Fungi Beasts","floor":7.0,"turns":4.0},{"damage":8.0,"enemies":"Large Slime","floor":10.0,"turns":7.0},{"damage":14.0,"enemies":"Lagavulin","floor":12.0,"turns":5.0},{"damage":8.0,"enemies":"Blue Slaver","floor":13.0,"turns":3.0},{"damage":2.0,"enemies":"3 Louse","floor":14.0,"turns":3.0},{"damage":21.0,"enemies":"Slime Boss","floor":16.0,"turns":7.0},{"damage":20.0,"enemies":"2 Thieves","floor":18.0,"turns":4.0},{"damage":20.0,"enemies":"Shell Parasite","floor":20.0,"turns":8.0},{"damage":14.0,"enemies":"Gremlin Leader","floor":25.0,"turns":4.0},{"damage":0,"enemies":"Cultist and Chosen","floor":27,"turns":1}],"seed_played":"-352325259631380089","potions_obtained":[{"floor":6.0,"key":"PowerPotion"},{"floor":7.0,"key":"Ancient Potion"},{"floor":10.0,"key":"Weak Potion"},{"floor":16.0,"key":"LiquidBronze"},{"floor":20.0,"key":"DuplicationPotion"}],"is_trial":false,"path_per_floor":["M","M","M","?","?","E","M","R","T","M","R","E","M","M","R","B",null,"M","?","M","?","?","R","?","E","T","M"],"character_chosen":"IRONCLAD","items_purchased":[],"campfire_rested":0,"item_purchase_floors":[],"current_hp_per_floor":[80,80,80,80,80,65,69,69,69,67,67,64,62,66,66,51,87,73,56,45,45,39,39,39,31,31,31,31],"gold":275,"neow_bonus":"ONE_RARE_RELIC","is_daily":false,"chose_seed":false,"campfire_upgraded":4,"win_rate":0.0,"timestamp":1611756611,"path_taken":["M","M","M","?","?","E","M","R","T","M","R","E","M","?","R","BOSS","M","?","M","?","?","R","?","E","T","M"],"items_purchased_type":[],"build_version":"2020-12-22","purchased_purges":0,"victory":false,"max_hp_per_floor":[80,80,80,80,80,87,87,87,87,87,87,87,87,87,87,87,87,87,92,95,95,95,95,95,95,95,95,95],"relic_stats":{"counters":[14,64],"Gambling Chip":[47],"Bag of Preparation":[12],"Kunai":[0],"obtain_stats":[{"HornCleat":24,"Gambling Chip":0,"Strawberry":6,"The Courier":25,"Bag of Preparation":12,"Coffee Dripper":17,"Kunai":26,"Burning Blood":0,"Toy Ornithopter":9},{"HornCleat":12,"Gambling Chip":0,"Strawberry":4,"The Courier":13,"Bag of Preparation":7,"Coffee Dripper":10,"Kunai":13,"Burning Blood":0,"Toy Ornithopter":5},{"HornCleat":59,"Gambling Chip":0,"Strawberry":18,"The Courier":63,"Bag of Preparation":34,"Coffee Dripper":47,"Kunai":63,"Burning Blood":0,"Toy Ornithopter":22}],"Burning Blood":61,"Toy Ornithopter":5},"card_choices":[{"not_picked":["Sword Boomerang","Bloodletting"],"picked":"Clothesline","floor":1.0},{"not_picked":["Cleave","Sever Soul","Entrench"],"picked":"SKIP","floor":2.0},{"not_picked":["Heavy Blade","Blood for Blood"],"picked":"Battle Trance","floor":3.0},{"not_picked":["Sword Boomerang","Pommel Strike"],"picked":"True Grit","floor":6.0},{"not_picked":["Heavy Blade","Anger"],"picked":"Sword Boomerang","floor":7.0},{"not_picked":["Havoc","Cleave","Anger"],"picked":"SKIP","floor":10.0},{"not_picked":["Sword Boomerang","Dark Embrace"],"picked":"Offering","floor":12.0},{"not_picked":["Twin Strike","Pommel Strike"],"picked":"Sentinel","floor":13.0},{"not_picked":["Warcry","Clash"],"picked":"Combust","floor":14.0},{"not_picked":["Barricade","Impervious"],"picked":"Feed","floor":16.0},{"not_picked":["Anger","Flex+1","Havoc"],"picked":"SKIP","floor":18.0},{"not_picked":["Anger","Flex+1","Havoc"],"picked":"SKIP","floor":18.0},{"not_picked":["Clash+1","Whirlwind","Battle Trance"],"picked":"SKIP","floor":20.0},{"not_picked":["Infernal Blade","Headbutt+1"],"picked":"Demon Form","floor":25.0}],"player_experience":484202,"relics_obtained":[{"floor":6.0,"key":"Strawberry"},{"floor":9.0,"key":"Toy Ornithopter"},{"floor":12.0,"key":"Bag of Preparation"},{"floor":25.0,"key":"The Courier"},{"floor":26.0,"key":"Kunai"}],"event_choices":[{"damage_healed":0.0,"max_hp_gain":0.0,"max_hp_loss":0.0,"gold_gain":0.0,"event_name":"The Cleric","player_choice":"Leave","floor":4.0,"gold_loss":0.0,"damage_taken":0.0},{"damage_healed":0.0,"max_hp_gain":0.0,"max_hp_loss":0.0,"gold_gain":0.0,"cards_transformed":["Strike_R"],"event_name":"Transmorgrifier","player_choice":"Transformed","floor":5.0,"gold_loss":0.0,"damage_taken":0.0,"cards_obtained":["Hemokinesis"]},{"damage_healed":0.0,"max_hp_gain":5.0,"max_hp_loss":0.0,"gold_gain":0.0,"event_name":"Forgotten Altar","player_choice":"Shed Blood","floor":19.0,"gold_loss":0.0,"damage_taken":22.0},{"damage_healed":0.0,"max_hp_gain":0.0,"max_hp_loss":0.0,"gold_gain":0.0,"event_name":"Back to Basics","player_choice":"Simplicity","floor":21.0,"gold_loss":0.0,"damage_taken":0.0,"cards_upgraded":["Strike_R","Strike_R","Strike_R","Strike_R","Defend_R","Defend_R","Defend_R","Defend_R"]},{"damage_healed":0.0,"max_hp_gain":0.0,"max_hp_loss":0.0,"gold_gain":0.0,"event_name":"Nest","player_choice":"Joined the Cult","floor":22.0,"gold_loss":0.0,"damage_taken":6.0,"cards_obtained":["RitualDagger"]},{"damage_healed":0.0,"max_hp_gain":0.0,"max_hp_loss":0.0,"gold_gain":0.0,"event_name":"Addict","player_choice":"Obtained Relic","floor":24.0,"gold_loss":85.0,"damage_taken":0.0,"relics_obtained":["HornCleat"]}],"is_beta":false,"boss_relics":[{"not_picked":["Runic Dome","Ectoplasm"],"picked":"Coffee Dripper"}],"items_purged_floors":[],"is_endless":false,"potions_floor_spawned":[6,7,10,16,20],"killed_by":"Cultist and Chosen","ascension_level":3}}