{"host":"2eswhqk6sgfpt1j1","time":1611747415,"event":{"mods":["Act Like it!","BaseMod","Colored Powertips","Hallownest","Lobotomy","Minty Spire (QoL Compilation)","Replay The Spire","StSLib","The Bug Knight","The Cursed","The Hierophant","The Servant 0.9.4"],"gold_per_floor":[109,34,34,51,51,78,78,78,78,89,112,112,112,112,137,147,147,147,147],"floor_reached":18,"language":"ZHS","playtime":431,"items_purged":[],"score":143,"play_id":"623a4783-4686-4aa0-b71a-bd3565b4316c","local_time":"20210127193655","is_ascension_mode":false,"campfire_choices":[{"floor":12,"key":"REST"},{"floor":17,"key":"REST"}],"circlet_count":0,"master_deck":["HollowMod:NailStrikeStart","HollowMod:NailStrikeStart","HollowMod:NailStrikeStart","HollowMod:QuickDashStart","HollowMod:QuickDashStart","HollowMod:QuickDashStart","HollowMod:QuickDashStart","HollowMod:FocusHealStart","HollowMod:PogoStrike","Hallownest:skillGreenpathMap","HollowMod:InfectionAssault","HollowMod:SoulVessel","HollowMod:DungDefenderAura","HollowMod:InfectedCysts"],"relics":["HollowMod:VesselMask","NeowsBlessing","ReplayTheSpireMod:Lightbulb","Art of War","Bottled Flame","Hallownest:DreamNailRelic","ReplayTheSpireMod:TigerMarble","Regal Pillow"],"acts_visited":["Hallownest:Greenpath"],"potions_floor_usage":[15],"damage_taken":[{"damage":0,"enemies":"Hallownest:2_Tiktiks_and_1_Crawlid","floor":1,"turns":2},{"damage":0,"enemies":"Hallownest:monsterHuskGuard","floor":4,"turns":1},{"damage":0,"enemies":"Hallownest:eliteVengeflyKing","floor":6,"turns":1},{"damage":1,"enemies":"2_ Uuma","floor":10,"turns":5},{"damage":44,"enemies":"Hallownest:eliteMossKnight","floor":15,"turns":10},{"damage":1,"enemies":"Hallownest:monsterMossCharger","floor":16,"turns":7},{"damage":0,"enemies":"Hallownest:BossFalseKnight","floor":18,"turns":1}],"seed_played":"-8447751847656161342","potions_obtained":[{"floor":4,"key":"SteroidPotion"},{"floor":16,"key":"SkillPotion"}],"is_trial":false,"path_per_floor":["M","?","$","M","?","E","?","PTL","PTL","M","T","R","?","?","E","M","R","B"],"character_chosen":"THE_BUGKNIGHT","items_purchased":[],"campfire_rested":2,"item_purchase_floors":[],"current_hp_per_floor":[75,75,75,75,21,21,21,21,21,30,30,52,52,52,14,13,50,50,50],"gold":147,"neow_bonus":"THREE_ENEMY_KILL","is_daily":false,"chose_seed":false,"campfire_upgraded":0,"win_rate":0.0,"timestamp":1611747415,"path_taken":["M","?","$","M","?","E","?","PTL","PTL","?","T","R","?","?","E","M","R","BOSS"],"items_purchased_type":[],"build_version":"2020-12-22","purchased_purges":0,"victory":false,"max_hp_per_floor":[75,75,75,75,75,75,75,75,75,75,75,75,75,75,75,75,75,75,75],"card_choices":[{"not_picked":["HollowMod:NewLittleFool","HollowMod:LifebloodCocoon","HollowMod:SiblingsShadow"],"picked":"SKIP","floor":1},{"not_picked":["HollowMod:ShadowDash","HollowMod:MawleksShell"],"picked":"HollowMod:InfectionAssault","floor":4},{"not_picked":["HollowMod:VengefulSpirit","HollowMod:CrystalDash","HollowMod:HowlingWraiths"],"picked":"SKIP","floor":6},{"not_picked":["HollowMod:DoubleDash","HollowMod:VengefulVoid","HollowMod:SiblingsSouls"],"picked":"SKIP","floor":10},{"not_picked":["HollowMod:HerrahsAnger","HollowMod:GoodIntentions"],"picked":"HollowMod:DungDefenderAura","floor":15},{"not_picked":["HollowMod:DashSlash","HollowMod:DesolateDive"],"picked":"HollowMod:InfectedCysts","floor":16}],"player_experience":416659,"relics_obtained":[{"floor":6,"key":"Bottled Flame"},{"floor":11,"key":"ReplayTheSpireMod:TigerMarble"},{"floor":15,"key":"Regal Pillow"}],"event_choices":[],"is_beta":false,"boss_relics":[],"items_purged_floors":[],"is_endless":false,"potions_floor_spawned":[4,16],"killed_by":"Hallownest:BossFalseKnight","ascension_level":0}}