{"host":"qxeepl7ydvsgmfdb","time":1611723810,"event":{"mods":["AchievementEnabler","BaseMod","Colored Powertips","Minty Spire (QoL Compilation)","Quick Restart","slay the spire mod where everything is the same but ironclad has a cowboy hat"],"gold_per_floor":[113,37,57,132,132,132,163,163,163,188,207,235,252,427,427,523,523,540,575,674,674,747,747,766,681,707,85,101,129,141,173,185,197,197],"floor_reached":33,"language":"ENG","playtime":721,"items_purged":["Doubt"],"score":513,"play_id":"4665965e-125a-4e04-a947-336632d7ad49","local_time":"20210127000330","is_ascension_mode":true,"campfire_choices":[{"data":"Accuracy","floor":6.0,"key":"SMITH"},{"floor":15.0,"key":"REST"},{"floor":23.0,"key":"REST"},{"data":"Adrenaline","floor":32.0,"key":"SMITH"}],"circlet_count":0,"master_deck":["AscendersBane","Strike_G","Strike_G","Strike_G","Strike_G","Strike_G","Defend_G","Defend_G+1","Defend_G","Defend_G+1","Defend_G","Survivor","Neutralize","Blade Dance","Accuracy+1","Poisoned Stab","Poisoned Stab+1","Deadly Poison","Blade Dance","Slice","Deadly Poison","Cloak And Dagger","Accuracy","Catalyst","Blade Dance","Adrenaline+1"],"relics":["Ring of the Snake","NeowsBlessing","Bag of Marbles","Centennial Puzzle","Happy Flower","Dream Catcher","Busted Crown","Red Mask","Paper Crane","Bird Faced Urn","Oddly Smooth Stone","Lee\u0027s Waffle","Ginger","MawBank"],"acts_visited":["Exordium","TheCity"],"potions_floor_usage":[],"damage_taken":[{"damage":0.0,"enemies":"Small Slimes","floor":1.0,"turns":1.0},{"damage":0.0,"enemies":"2 Louse","floor":3.0,"turns":1.0},{"damage":0.0,"enemies":"3 Sentries","floor":7.0,"turns":1.0},{"damage":0.0,"enemies":"Gremlin Nob","floor":10.0,"turns":1.0},{"damage":0.0,"enemies":"Cultist","floor":11.0,"turns":2.0},{"damage":7.0,"enemies":"3 Sentries","floor":12.0,"turns":4.0},{"damage":6.0,"enemies":"Looter","floor":13.0,"turns":3.0},{"damage":25.0,"enemies":"Hexaghost","floor":16.0,"turns":6.0},{"damage":6.0,"enemies":"3 Byrds","floor":18.0,"turns":4.0},{"damage":24.0,"enemies":"Masked Bandits","floor":19.0,"turns":4.0},{"damage":0.0,"enemies":"Spheric Guardian","floor":24.0,"turns":2.0},{"damage":10.0,"enemies":"Snecko","floor":28.0,"turns":3.0},{"damage":6.0,"enemies":"Book of Stabbing","floor":29.0,"turns":3.0},{"damage":3.0,"enemies":"Snake Plant","floor":31.0,"turns":2.0},{"damage":68,"enemies":"Automaton","floor":33,"turns":6}],"seed_played":"7145293003413892281","potions_obtained":[{"floor":1.0,"key":"Poison Potion"},{"floor":3.0,"key":"LiquidMemories"},{"floor":10.0,"key":"Explosive Potion"},{"floor":12.0,"key":"CunningPotion"},{"floor":18.0,"key":"DuplicationPotion"},{"floor":19.0,"key":"BlessingOfTheForge"},{"floor":24.0,"key":"Poison Potion"}],"is_trial":false,"path_per_floor":["M","$","M","?","?","R","E","?","T","E","M","E","M","?","R","B",null,"M","?","?","?","T","R","M","?","T","$","M","E","$","M","R","B"],"character_chosen":"THE_SILENT","items_purchased":["Accuracy","Accuracy","Lee\u0027s Waffle","Ginger","Catalyst"],"campfire_rested":2,"item_purchase_floors":[2,27,27,27,27],"current_hp_per_floor":[63,63,63,52,38,38,38,38,38,38,38,31,25,25,46,21,58,52,28,28,28,28,49,49,49,49,77,67,63,63,64,64,0,0],"gold":197,"neow_bonus":"THREE_ENEMY_KILL","is_daily":false,"chose_seed":false,"campfire_upgraded":2,"win_rate":0.0,"timestamp":1611723810,"path_taken":["M","$","M","?","?","R","E","?","T","E","?","E","M","?","R","BOSS","M","?","?","?","?","R","?","?","T","$","M","E","$","M","R","BOSS"],"items_purchased_type":["Card","Card","Relic","Relic","Card"],"build_version":"2020-12-22","purchased_purges":1,"victory":false,"max_hp_per_floor":[70,70,70,70,70,70,70,70,70,70,70,70,70,70,70,70,70,70,70,70,70,70,70,70,70,70,77,77,77,77,77,77,77,77],"card_choices":[{"not_picked":["Poisoned Stab","Flying Knee"],"picked":"Blade Dance","floor":1.0},{"not_picked":["Acrobatics","Caltrops"],"picked":"Poisoned Stab","floor":3.0},{"not_picked":["Bane","Dodge and Roll"],"picked":"Poisoned Stab","floor":7.0},{"not_picked":["Dagger Throw","Riddle With Holes"],"picked":"Deadly Poison","floor":10.0},{"not_picked":["Caltrops","Expertise"],"picked":"Blade Dance","floor":11.0},{"not_picked":["Expertise","Tactician","Prepared"],"picked":"SKIP","floor":12.0},{"not_picked":["Heel Hook","Quick Slash"],"picked":"Slice","floor":13.0},{"not_picked":[],"picked":"Deadly Poison","floor":18.0},{"not_picked":[],"picked":"Cloak And Dagger","floor":19.0},{"not_picked":["Flying Knee"],"picked":"SKIP","floor":24.0},{"not_picked":[],"picked":"Blade Dance","floor":28.0},{"not_picked":[],"picked":"Adrenaline","floor":29.0},{"not_picked":["Dodge and Roll+1"],"picked":"SKIP","floor":31.0}],"player_experience":227543,"relics_obtained":[{"floor":7.0,"key":"Bag of Marbles"},{"floor":9.0,"key":"Centennial Puzzle"},{"floor":10.0,"key":"Happy Flower"},{"floor":12.0,"key":"Dream Catcher"},{"floor":19.0,"key":"Red Mask"},{"floor":22.0,"key":"Paper Crane"},{"floor":26.0,"key":"Oddly Smooth Stone"},{"floor":29.0,"key":"MawBank"}],"event_choices":[{"damage_healed":0.0,"max_hp_gain":0.0,"max_hp_loss":0.0,"gold_gain":75.0,"event_name":"World of Goop","player_choice":"Gather Gold","floor":4.0,"gold_loss":0.0,"damage_taken":11.0},{"damage_healed":0.0,"max_hp_gain":0.0,"max_hp_loss":0.0,"gold_gain":0.0,"event_name":"Shining Light","player_choice":"Entered Light","floor":5.0,"gold_loss":0.0,"damage_taken":14.0,"cards_upgraded":["Defend_G","Defend_G"]},{"damage_healed":0.0,"max_hp_gain":0.0,"max_hp_loss":0.0,"gold_gain":0.0,"event_name":"Upgrade Shrine","player_choice":"Upgraded","floor":8.0,"gold_loss":0.0,"damage_taken":0.0,"cards_upgraded":["Poisoned Stab"]},{"damage_healed":0.0,"max_hp_gain":0.0,"max_hp_loss":0.0,"gold_gain":175.0,"event_name":"Liars Game","player_choice":"AGREE","floor":14.0,"gold_loss":0.0,"damage_taken":0.0,"cards_obtained":["Doubt"]},{"damage_healed":0.0,"max_hp_gain":0.0,"max_hp_loss":0.0,"gold_gain":0.0,"event_name":"Masked Bandits","player_choice":"Fought Bandits","floor":19.0,"gold_loss":0.0,"damage_taken":0.0},{"damage_healed":0.0,"max_hp_gain":0.0,"max_hp_loss":0.0,"gold_gain":99.0,"event_name":"Nest","player_choice":"Stole From Cult","floor":20.0,"gold_loss":0.0,"damage_taken":0.0},{"damage_healed":0.0,"max_hp_gain":0.0,"max_hp_loss":0.0,"gold_gain":0.0,"event_name":"Vampires","player_choice":"Ignored","floor":21.0,"gold_loss":0.0,"damage_taken":0.0},{"damage_healed":0.0,"max_hp_gain":0.0,"max_hp_loss":0.0,"gold_gain":0.0,"event_name":"Addict","player_choice":"Obtained Relic","floor":25.0,"gold_loss":85.0,"damage_taken":0.0,"relics_obtained":["Bird Faced Urn"]}],"is_beta":false,"boss_relics":[{"not_picked":["Pandora\u0027s Box","Fusion Hammer"],"picked":"Busted Crown"}],"items_purged_floors":[27],"is_endless":false,"potions_floor_spawned":[1,3,10,12,18,19,24],"killed_by":"Automaton","ascension_level":11}}