{"host":"fuszjwm6fqgjjp4d","time":1611756970,"event":{"mods":["BaseMod","Bestiary","Colored Map","DeckTracker","Minty Spire (QoL Compilation)","Permanent Neow","Relic Sorter","Relic Stats","StSLib"],"gold_per_floor":[113,113,128,141,98,98,111,111,111,125,137,0,34,34,34,113,113,128,53,72,72,82,82,108,22,22,42,42,42,52,71,71,144,144,161,161,161,175,186,186,205,205,205],"floor_reached":42,"language":"ENG","playtime":1967,"items_purged":[],"score":1044,"play_id":"fef4f522-5729-476c-b64d-7da084527c5f","local_time":"20210127081610","is_ascension_mode":true,"campfire_choices":[{"data":"Eruption","floor":6.0,"key":"SMITH"},{"data":"Adaptation","floor":8.0,"key":"SMITH"},{"data":"BattleHymn","floor":15.0,"key":"SMITH"},{"data":"LessonLearned","floor":23.0,"key":"SMITH"},{"data":"TalkToTheHand","floor":28.0,"key":"SMITH"},{"data":"BattleHymn","floor":32.0,"key":"SMITH"},{"data":"Protect","floor":40,"key":"SMITH"}],"circlet_count":0,"master_deck":["AscendersBane","Strike_P","Strike_P","Defend_P+1","Defend_P+1","Defend_P+1","Defend_P+1","Eruption+1","Vigilance+1","Protect+1","Perseverance+1","Adaptation+1","BowlingBash","ForeignInfluence+1","LessonLearned+1","BattleHymn+1","EmptyBody","Consecrate","Establishment+1","FlurryOfBlows+1","TalkToTheHand+1","Tantrum+1","BattleHymn+1"],"relics":["PureWater","Toy Ornithopter","Thread and Needle","TungstenRod","Kunai","SlaversCollar","Eternal Feather","Pantograph","Cursed Key"],"acts_visited":["Exordium","TheCity","TheBeyond"],"potions_floor_usage":[39],"damage_taken":[{"damage":4.0,"enemies":"Cultist","floor":1.0,"turns":5.0},{"damage":0.0,"enemies":"2 Louse","floor":3.0,"turns":4.0},{"damage":3.0,"enemies":"Jaw Worm","floor":4.0,"turns":4.0},{"damage":9.0,"enemies":"3 Louse","floor":7.0,"turns":5.0},{"damage":8.0,"enemies":"Lots of Slimes","floor":10.0,"turns":5.0},{"damage":0.0,"enemies":"Gremlin Gang","floor":11.0,"turns":4.0},{"damage":23.0,"enemies":"Gremlin Nob","floor":13.0,"turns":4.0},{"damage":0.0,"enemies":"Slime Boss","floor":16.0,"turns":6.0},{"damage":16.0,"enemies":"Spheric Guardian","floor":18.0,"turns":6.0},{"damage":7.0,"enemies":"Chosen","floor":20.0,"turns":5.0},{"damage":0.0,"enemies":"Snecko","floor":22.0,"turns":3.0},{"damage":31.0,"enemies":"Slavers","floor":24.0,"turns":7.0},{"damage":0.0,"enemies":"3 Cultists","floor":27.0,"turns":6.0},{"damage":0.0,"enemies":"Chosen and Byrds","floor":30.0,"turns":4.0},{"damage":4.0,"enemies":"Snake Plant","floor":31.0,"turns":5.0},{"damage":0.0,"enemies":"Collector","floor":33.0,"turns":6.0},{"damage":47.0,"enemies":"3 Shapes","floor":35.0,"turns":6.0},{"damage":0.0,"enemies":"Orb Walker","floor":38.0,"turns":4.0},{"damage":26,"enemies":"Sphere and 2 Shapes","floor":39,"turns":6},{"damage":23,"enemies":"Jaw Worm Horde","floor":41,"turns":5},{"damage":14,"enemies":"Maw","floor":42,"turns":5}],"seed_played":"4739156089747458235","potions_obtained":[{"floor":10.0,"key":"AttackPotion"},{"floor":11.0,"key":"LiquidBronze"},{"floor":16.0,"key":"StancePotion"},{"floor":18.0,"key":"Regen Potion"},{"floor":22.0,"key":"LiquidBronze"},{"floor":27.0,"key":"Strength Potion"},{"floor":30.0,"key":"Block Potion"},{"floor":37.0,"key":"DistilledChaos"},{"floor":37.0,"key":"FairyPotion"},{"floor":39,"key":"BlessingOfTheForge"}],"is_trial":false,"path_per_floor":["M","T","M","M","$","R","M","R","T","M","M","$","E","?","R","B",null,"M","?","M","?","M","R","E","$","T","M","R","?","M","M","R","B",null,"M","?","?","M","M","R","M","M"],"character_chosen":"WATCHER","items_purchased":["Adaptation","BattleHymn","EmptyBody","TalkToTheHand"],"campfire_rested":0,"item_purchase_floors":[5,12,12,25],"current_hp_per_floor":[57,57,57,54,54,54,45,45,45,37,42,42,24,24,24,24,57,41,41,44,44,49,49,23,23,23,23,35,35,35,36,48,68,68,21,21,21,21,19,31,8,0,0],"gold":205,"neow_bonus":"RANDOM_COMMON_RELIC","is_daily":false,"chose_seed":false,"campfire_upgraded":7,"win_rate":0.0,"timestamp":1611756970,"path_taken":["M","?","?","M","$","R","M","R","T","M","M","$","E","?","R","BOSS","M","?","M","?","M","R","E","?","T","M","R","?","M","?","R","BOSS","M","?","?","M","?","R","M","M"],"items_purchased_type":["Card","Card","Card","Card"],"build_version":"2020-12-22","purchased_purges":0,"victory":false,"max_hp_per_floor":[68,68,68,68,68,68,68,68,68,68,68,68,68,68,68,68,68,68,68,68,68,68,68,68,68,68,68,68,68,68,68,68,68,68,68,65,65,65,65,65,65,65,65],"relic_stats":{"counters":[21,105],"Pantograph":20,"Eternal Feather":36,"Kunai":[44],"Cursed Key":0,"obtain_stats":[{"SlaversCollar":17,"Pantograph":26,"Thread and Needle":2,"Eternal Feather":24,"Kunai":13,"PureWater":0,"Cursed Key":34,"Toy Ornithopter":0,"TungstenRod":9},{"SlaversCollar":8,"Pantograph":12,"Thread and Needle":1,"Eternal Feather":12,"Kunai":7,"PureWater":0,"Cursed Key":16,"Toy Ornithopter":0,"TungstenRod":4},{"SlaversCollar":37,"Pantograph":58,"Thread and Needle":5,"Eternal Feather":58,"Kunai":31,"PureWater":0,"Cursed Key":79,"Toy Ornithopter":0,"TungstenRod":18}],"Toy Ornithopter":35,"TungstenRod":29},"card_choices":[{"not_picked":["FollowUp","EmptyFist"],"picked":"Protect","floor":1.0},{"not_picked":["JustLucky","Consecrate","Prostrate"],"picked":"SKIP","floor":3.0},{"not_picked":["ThirdEye","EmptyFist"],"picked":"Perseverance","floor":4.0},{"not_picked":["Crescendo","SignatureMove"],"picked":"BowlingBash","floor":7.0},{"not_picked":["SandsOfTime","EmptyFist"],"picked":"ForeignInfluence","floor":10.0},{"not_picked":["SashWhip","FollowUp"],"picked":"LessonLearned","floor":11.0},{"not_picked":["SignatureMove","Crescendo"],"picked":"Consecrate","floor":13.0},{"not_picked":["SpiritShield","Ragnarok"],"picked":"Establishment","floor":16.0},{"not_picked":["JustLucky","EmptyFist"],"picked":"FlurryOfBlows+1","floor":18.0},{"not_picked":["Study","FlurryOfBlows+1","MentalFortress+1"],"picked":"SKIP","floor":20.0},{"not_picked":["Halt","FlyingSleeves","Wireheading+1"],"picked":"SKIP","floor":22.0},{"not_picked":["Judgement","InnerPeace","JustLucky+1"],"picked":"SKIP","floor":24.0},{"not_picked":["Wireheading","Protect"],"picked":"Tantrum","floor":27.0},{"not_picked":["BattleHymn","Prostrate","EmptyFist"],"picked":"SKIP","floor":30.0},{"not_picked":["Prostrate","EmptyFist"],"picked":"BattleHymn","floor":30.0},{"not_picked":["LessonLearned","Halt","Indignation+1"],"picked":"SKIP","floor":31.0},{"not_picked":["JustLucky","CrushJoints","WheelKick"],"picked":"SKIP","floor":35.0},{"not_picked":["WaveOfTheHand","Worship+1","Wallop"],"picked":"SKIP","floor":38.0},{"not_picked":["Evaluate","EmptyMind","SashWhip"],"picked":"SKIP","floor":39},{"not_picked":["Worship","Sanctity","Fasting2"],"picked":"SKIP","floor":41}],"player_experience":1387715,"relics_obtained":[{"floor":2.0,"key":"Thread and Needle"},{"floor":9.0,"key":"TungstenRod"},{"floor":13.0,"key":"Kunai"},{"floor":24.0,"key":"Eternal Feather"},{"floor":26.0,"key":"Pantograph"}],"event_choices":[{"cards_removed":["Strike_P"],"damage_healed":0.0,"max_hp_gain":0.0,"max_hp_loss":0.0,"gold_gain":0.0,"event_name":"Purifier","player_choice":"Purged","floor":14.0,"gold_loss":0.0,"damage_taken":0.0},{"cards_removed":["Strike_P"],"damage_healed":0.0,"max_hp_gain":0.0,"max_hp_loss":0.0,"gold_gain":0.0,"event_name":"Beggar","player_choice":"Gave Gold","floor":19.0,"gold_loss":75.0,"damage_taken":0.0},{"damage_healed":0.0,"max_hp_gain":0.0,"max_hp_loss":0.0,"gold_gain":0.0,"event_name":"Vampires","player_choice":"Ignored","floor":21.0,"gold_loss":0.0,"damage_taken":0.0},{"damage_healed":0.0,"max_hp_gain":0.0,"max_hp_loss":0.0,"gold_gain":0.0,"event_name":"Upgrade Shrine","player_choice":"Upgraded","floor":29.0,"gold_loss":0.0,"damage_taken":0.0,"cards_upgraded":["Tantrum"]},{"damage_healed":0.0,"max_hp_gain":0.0,"max_hp_loss":3.0,"gold_gain":0.0,"event_name":"Winding Halls","player_choice":"Max HP","floor":36.0,"gold_loss":0.0,"damage_taken":0.0},{"damage_healed":0.0,"max_hp_gain":0.0,"max_hp_loss":0.0,"gold_gain":0.0,"event_name":"Lab","player_choice":"Got Potions","floor":37.0,"gold_loss":0.0,"damage_taken":0.0}],"is_beta":false,"boss_relics":[{"not_picked":["Philosopher\u0027s Stone","Ectoplasm"],"picked":"SlaversCollar"},{"not_picked":["SacredBark","Runic Dome"],"picked":"Cursed Key"}],"items_purged_floors":[],"is_endless":false,"potions_floor_spawned":[10,11,16,18,22,27,30,39],"killed_by":"Maw","ascension_level":20}}