{"host":"7tvb1em0d2fx72q7","time":1611724421,"event":{"mods":["BaseMod","Challenge The Spire","Minty Spire (QoL Compilation)","StSLib","everything is the same but u backflip on backflip"],"gold_per_floor":[214,214,232,46,46,46,59,59,59,73,91,103,103,103],"floor_reached":13,"language":"ENG","playtime":714,"items_purged":[],"score":154,"play_id":"ff1e445a-1819-4bd9-b305-a5bb9aa0b176","local_time":"20210127001341","is_ascension_mode":true,"campfire_choices":[{"data":"Footwork","floor":6,"key":"SMITH"}],"circlet_count":0,"master_deck":["AscendersBane","Strike_G","Strike_G","Strike_G","Strike_G","Defend_G","Defend_G","Defend_G","Defend_G","Defend_G","Survivor","Neutralize","Sucker Punch","Footwork+1","Quick Slash+1","Deflect","Dash","Bouncing Flask"],"relics":["Ring of the Snake","Regal Pillow","ClockworkSouvenir","Sundial"],"acts_visited":["Exordium"],"potions_floor_usage":[12],"damage_taken":[{"damage":2,"enemies":"Small Slimes","floor":1,"turns":4},{"damage":10,"enemies":"Jaw Worm","floor":3,"turns":8},{"damage":5,"enemies":"2 Louse","floor":7,"turns":2},{"damage":2,"enemies":"Large Slime","floor":10,"turns":8},{"damage":0,"enemies":"Blue Slaver","floor":11,"turns":5},{"damage":2,"enemies":"Exordium Wildlife","floor":12,"turns":3},{"damage":20,"enemies":"3 Sentries","floor":13,"turns":4}],"seed_played":"4933535640284033073","potions_obtained":[{"floor":1,"key":"Dexterity Potion"},{"floor":3,"key":"Swift Potion"}],"is_trial":false,"path_per_floor":["M","?","M","$","?","R","M","?","T","M","M","M","E"],"character_chosen":"THE_SILENT","items_purchased":["ClockworkSouvenir","Quick Slash"],"campfire_rested":0,"item_purchase_floors":[4,4],"current_hp_per_floor":[57,46,36,36,36,36,31,24,24,22,22,20,0,0],"gold":103,"neow_bonus":"HUNDRED_GOLD","is_daily":false,"chose_seed":false,"campfire_upgraded":1,"win_rate":0.0,"timestamp":1611724421,"path_taken":["M","?","M","$","?","R","M","?","T","M","M","M","E"],"items_purchased_type":["Relic","Card"],"build_version":"2020-12-22","purchased_purges":0,"victory":false,"max_hp_per_floor":[66,66,66,66,66,66,66,66,66,66,66,66,66,66],"card_choices":[{"not_picked":["Infinite Blades","Quick Slash"],"picked":"Sucker Punch","floor":1},{"not_picked":["Underhanded Strike","Backflip"],"picked":"Footwork","floor":3},{"not_picked":["Concentrate","Distraction","Underhanded Strike"],"picked":"SKIP","floor":7},{"not_picked":["Underhanded Strike","Bane"],"picked":"Deflect","floor":10},{"not_picked":["Storm of Steel","Tactician"],"picked":"Dash","floor":11},{"not_picked":["Underhanded Strike","Backflip"],"picked":"Bouncing Flask","floor":12}],"player_experience":1965930,"relics_obtained":[{"floor":9,"key":"Sundial"}],"event_choices":[{"damage_healed":0,"gold_gain":0,"player_choice":"Success","damage_taken":11,"relics_obtained":["Regal Pillow"],"max_hp_gain":0,"max_hp_loss":0,"event_name":"Scrap Ooze","floor":2,"gold_loss":0},{"damage_healed":0,"gold_gain":0,"player_choice":"Grow","damage_taken":0,"max_hp_gain":0,"max_hp_loss":0,"event_name":"Living Wall","floor":5,"gold_loss":0,"cards_upgraded":["Quick Slash"]},{"cards_removed":["Strike_G"],"damage_healed":0,"gold_gain":0,"player_choice":"Card Removal","damage_taken":7,"max_hp_gain":0,"max_hp_loss":0,"event_name":"Golden Wing","floor":8,"gold_loss":0}],"is_beta":false,"boss_relics":[],"items_purged_floors":[],"is_endless":false,"potions_floor_spawned":[1,3],"killed_by":"3 Sentries","ascension_level":20}}