{"host":"rhakyh2m1vy6smuu","time":1611758496,"event":{"mods":["BaseMod","Downfall","Minty Spire (QoL Compilation)","StSLib"],"gold_per_floor":[99,109,123,141,151,151,151,151,163,182,182,202,202,213,224,326,326,326,337,175,175,192,192,216,235,265,265,297,297,312,50,69,171,171,171,184,198,198,282,293,293,305,305,320,67,67,67,94,104,104],"floor_reached":51,"language":"ENG","playtime":4122,"items_purged":["bronze:Strike","Pride"],"score":710,"play_id":"a75cca89-4b56-4018-bdfd-2980a03b6ac3","local_time":"20210127074136","is_ascension_mode":true,"campfire_choices":[{"data":"bronze:InfiniteLoop","floor":1,"key":"SMITH"},{"data":"bronze:SpaghettiCode","floor":6,"key":"SMITH"},{"data":"bronze:Replicate","floor":8,"key":"SMITH"},{"data":"bronze:Repair","floor":11,"key":"SMITH"},{"data":"bronze:FineTuning","floor":13,"key":"SMITH"},{"data":"bronze:SpaghettiCode","floor":18,"key":"SMITH"},{"data":"bronze:Flail","floor":23,"key":"SMITH"},{"data":"bronze:Terminator","floor":27,"key":"SMITH"},{"data":"bronze:RecursiveStrike","floor":29,"key":"SMITH"},{"data":"bronze:HardenedForm","floor":35,"key":"SMITH"},{"data":"bronze:GetLatest","floor":43,"key":"SMITH"},{"data":"bronze:Goto","floor":46,"key":"SMITH"}],"circlet_count":0,"master_deck":["bronze:Strike","bronze:Defend","bronze:Defend","bronze:Defend","bronze:Defend","bronze:Replicate+1","bronze:Goto+1","bronze:RecursiveStrike+1","bronze:InfiniteLoop+1","bronze:Deprecate","bronze:FineTuning+1","bronze:SpaghettiCode+1","bronze:Overheat","bronze:Repair+1","bronze:Flail+1","bronze:BronzeOrb","bronze:SpaghettiCode+1","bronze:Shield+1","bronze:Return+1","bronze:Terminator+1","bronze:Branch+1","bronze:BuggyMess+1","bronze:BitShift+1","bronze:Overload","bronze:Optimize+1","bronze:HardenedForm+1","bronze:GetLatest+1","bronze:DelayedGuard+1","bronze:FineTuning+1","bronze:MaxOutput+1","bronze:InfiniteBeams+1"],"relics":["bronze:BronzeCore","Ornamental Fan","Coffee Dripper","HornCleat","Lantern","Red Mask","Dead Branch","Gremlin Horn","Sozu","Bottled Flame","Bag of Preparation","Blood Vial","Mercury Hourglass","Molten Egg 2","CaptainsWheel"],"acts_visited":["Exordium","TheCity","TheBeyond"],"potions_floor_usage":[5,16,16,26,31,50,50],"damage_taken":[{"damage":0,"enemies":"Cultist","floor":2,"turns":2},{"damage":1,"enemies":"Small Slimes","floor":3,"turns":3},{"damage":0,"enemies":"2 Louse","floor":4,"turns":2},{"damage":10,"enemies":"Exordium Wildlife","floor":5,"turns":2},{"damage":0,"enemies":"Blue Slaver","floor":9,"turns":1},{"damage":0,"enemies":"2 Fungi Beasts","floor":10,"turns":2},{"damage":1,"enemies":"Large Slime","floor":12,"turns":4},{"damage":0,"enemies":"Exordium Thugs","floor":14,"turns":2},{"damage":0,"enemies":"Red Slaver","floor":15,"turns":1},{"damage":49,"enemies":"SI_SHIV_ARCHETYPE","floor":16,"turns":6},{"damage":0,"enemies":"Chosen","floor":19,"turns":4},{"damage":1,"enemies":"downfall:FleeingMerchant","floor":20,"turns":4},{"damage":0,"enemies":"Spheric Guardian","floor":22,"turns":2},{"damage":0,"enemies":"Shelled Parasite and Fungi","floor":25,"turns":4},{"damage":8,"enemies":"Masked Bandits","floor":26,"turns":4},{"damage":1,"enemies":"Gremlin Leader","floor":28,"turns":5},{"damage":0,"enemies":"Centurion and Healer","floor":30,"turns":4},{"damage":0,"enemies":"downfall:FleeingMerchant","floor":31,"turns":4},{"damage":0,"enemies":"Snecko","floor":32,"turns":4},{"damage":35,"enemies":"IC_MUSHROOM_ARCHETYPE","floor":33,"turns":5},{"damage":0,"enemies":"3 Shapes","floor":36,"turns":2},{"damage":0,"enemies":"Orb Walker","floor":37,"turns":1},{"damage":0,"enemies":"downfall:FleeingMerchant","floor":39,"turns":1},{"damage":0,"enemies":"Jaw Worm Horde","floor":40,"turns":2},{"damage":0,"enemies":"4 Shapes","floor":42,"turns":1},{"damage":0,"enemies":"Maw","floor":44,"turns":5},{"damage":4,"enemies":"Nemesis","floor":48,"turns":3},{"damage":0,"enemies":"Spire Growth","floor":49,"turns":3},{"damage":17,"enemies":"WA_ARCHETYPE_DIVINITY","floor":50,"turns":7}],"seed_played":"315924534661662773","potions_obtained":[{"floor":4,"key":"AttackPotion"},{"floor":12,"key":"LiquidBronze"},{"floor":14,"key":"PowerPotion"},{"floor":16,"key":"Regen Potion"},{"floor":25,"key":"sneckomod:MuddlingPotion"},{"floor":28,"key":"Regen Potion"},{"floor":30,"key":"LiquidMemories"},{"floor":32,"key":"Strength Potion"},{"floor":33,"key":"champ:CounterPotion"}],"is_trial":false,"path_per_floor":["R","M","M","M","M","R","T","R","M","M","R","M","R","M","M","B",null,"R","M","$","?","M","R","T","M","?","R","E","R","M","$","M","B",null,"R","M","M","?","$","M","T","M","R","M","$","R","T","E","M","B",null],"character_chosen":"THE_AUTOMATON","items_purchased":["bronze:Terminator","Gremlin Horn","Bag of Preparation","Mercury Hourglass"],"campfire_rested":0,"item_purchase_floors":[20,31,39,45],"current_hp_per_floor":[49,49,48,48,38,38,38,38,38,38,38,47,47,47,47,9,70,70,70,69,69,69,69,69,70,62,62,61,61,70,70,70,41,70,70,70,70,70,70,70,70,70,70,70,70,70,70,66,70,53],"gold":104,"neow_bonus":"TRANSFORM_TWO_CARDS","is_daily":false,"chose_seed":false,"campfire_upgraded":12,"win_rate":0.0,"timestamp":1611758496,"path_taken":["R","M","M","M","M","R","T","R","M","M","R","M","R","M","M","BOSS","R","M","$","?","M","R","T","M","?","R","E","R","M","$","M","BOSS","R","M","M","?","$","M","T","M","R","M","$","R","?","E","M","BOSS"],"items_purchased_type":["Card","Relic","Relic","Relic"],"build_version":"2020-12-22","purchased_purges":2,"victory":true,"max_hp_per_floor":[70,70,70,70,70,70,70,70,70,70,70,70,70,70,70,70,70,70,70,70,70,70,70,70,70,70,70,70,70,70,70,70,70,70,70,70,70,70,70,70,70,70,70,70,70,70,70,70,70,70],"card_choices":[{"not_picked":["bronze:Turbo","bronze:Overheat"],"picked":"bronze:Deprecate","floor":2},{"not_picked":["bronze:BuggyMess","bronze:Separator","bronze:ItsAFeature"],"picked":"SKIP","floor":3},{"not_picked":["bronze:OilSpill","bronze:ItsAFeature"],"picked":"bronze:FineTuning","floor":4},{"not_picked":["bronze:WhirlingStrike","bronze:ClassDefault"],"picked":"bronze:SpaghettiCode","floor":5},{"not_picked":["bronze:Turbo","bronze:Allocate"],"picked":"bronze:Overheat","floor":9},{"not_picked":["bronze:Fortify","bronze:BitShift"],"picked":"bronze:Repair","floor":10},{"not_picked":["bronze:WhirlingStrike","bronze:CutThrough","bronze:Refactor"],"picked":"SKIP","floor":12},{"not_picked":["bronze:Philosophize","bronze:ForLoop"],"picked":"bronze:Flail","floor":14},{"not_picked":["bronze:Turbo","bronze:Flail"],"picked":"bronze:BronzeOrb","floor":15},{"not_picked":["bronze:RecursiveStrike","bronze:Format"],"picked":"bronze:SpaghettiCode","floor":16},{"not_picked":["bronze:CutThrough","bronze:WhirlingStrike"],"picked":"bronze:Shield+1","floor":19},{"not_picked":["bronze:BugBarrage","bronze:Backtrace"],"picked":"bronze:Return+1","floor":20},{"not_picked":["bronze:OilSpill","bronze:BugBarrage"],"picked":"bronze:Branch+1","floor":22},{"not_picked":["bronze:BronzeOrb","bronze:NullPointer+1"],"picked":"bronze:BuggyMess+1","floor":25},{"not_picked":["bronze:Turbo","bronze:Separator"],"picked":"bronze:BitShift+1","floor":26},{"not_picked":["bronze:BitShift","bronze:Deprecate"],"picked":"bronze:Overload","floor":28},{"not_picked":["bronze:ForceShield","bronze:WhirlingStrike+1"],"picked":"bronze:Optimize+1","floor":30},{"not_picked":["bronze:Verify","bronze:DelayedSlice","bronze:Separator"],"picked":"SKIP","floor":31},{"not_picked":["bronze:Flail","bronze:Refactor","bronze:Return+1"],"picked":"SKIP","floor":32},{"not_picked":["bronze:AlphaBuild","bronze:Break"],"picked":"bronze:HardenedForm","floor":33},{"not_picked":["bronze:Constructor+1","bronze:Separator+1"],"picked":"bronze:GetLatest","floor":36},{"not_picked":["bronze:AlphaBuild","bronze:OilSpill"],"picked":"bronze:DelayedGuard+1","floor":37},{"not_picked":["bronze:DelayedGuard+1","bronze:Safeguard","bronze:Backtrace"],"picked":"SKIP","floor":39},{"not_picked":["bronze:Overheat+1","bronze:ClassDefault","bronze:Deprecate"],"picked":"SKIP","floor":40},{"not_picked":["bronze:Iterate","bronze:DigitalCarnage"],"picked":"bronze:FineTuning+1","floor":42},{"not_picked":["bronze:DelayedGuard+1","bronze:Frontload"],"picked":"bronze:MaxOutput+1","floor":44},{"not_picked":["bronze:ChosenStrike+1","bronze:FollowUp+1"],"picked":"bronze:InfiniteBeams+1","floor":48},{"not_picked":["bronze:NullPointer+1","bronze:Turbo","bronze:BronzeArmor+1"],"picked":"SKIP","floor":49}],"player_experience":1650227,"relics_obtained":[{"floor":7,"key":"Ornamental Fan"},{"floor":24,"key":"Lantern"},{"floor":26,"key":"Red Mask"},{"floor":28,"key":"Dead Branch"},{"floor":38,"key":"Bottled Flame"},{"floor":41,"key":"Blood Vial"},{"floor":47,"key":"Molten Egg 2"},{"floor":48,"key":"CaptainsWheel"}],"event_choices":[{"damage_healed":0,"gold_gain":0,"player_choice":"Stole Relic","damage_taken":0,"relics_obtained":["HornCleat"],"max_hp_gain":0,"max_hp_loss":0,"event_name":"Addict","floor":21,"gold_loss":0,"cards_obtained":["Pride"]},{"damage_healed":0,"gold_gain":0,"player_choice":"Fought Bandits","damage_taken":0,"max_hp_gain":0,"max_hp_loss":0,"event_name":"Masked Bandits","floor":26,"gold_loss":0}],"is_beta":false,"boss_relics":[{"not_picked":["sneckomod:SneckoTalon","Runic Dome"],"picked":"Coffee Dripper"},{"not_picked":["Empty Cage","Fusion Hammer"],"picked":"Sozu"}],"items_purged_floors":[20,39],"is_endless":false,"potions_floor_spawned":[4,12,14,16,25,28,30,32,33,36,37,42,49],"ascension_level":2}}