{"host":"w69dv90hcab2as96","time":1611775827,"event":{"mods":["BaseMod","Downfall","Minty Spire (QoL Compilation)","StSLib"],"gold_per_floor":[99,117,133,147,31,31,110,110,110,120,131,165,165,178,194,297,297,97,122,153,180,202,241,278,290,321,343,355,0,32,17,36,134,134,134,152,152,171,189,200,200,28,38,72,72,19,50,50,62,62],"floor_reached":51,"language":"ENG","playtime":6478,"items_purged":["Slimebound:Defend_Slimebound"],"score":828,"play_id":"cf0a078f-7e87-41dd-8d9b-2fb5edb6054f","local_time":"20210127203027","is_ascension_mode":false,"campfire_choices":[{"data":"Slimebound:Split","floor":1,"key":"SMITH"},{"data":"Slimebound:Dissolve","floor":9,"key":"SMITH"},{"floor":13,"key":"RECALL"},{"data":"Slimebound:GrowthPunch","floor":18,"key":"SMITH"},{"floor":25,"key":"REST"},{"data":"Slimebound:OozeBath","floor":35,"key":"SMITH"},{"data":"expansioncontent:StudyTheSpire","floor":45,"key":"SMITH"}],"circlet_count":0,"master_deck":["Slimebound:Strike_Slimebound","Slimebound:Strike_Slimebound","Slimebound:Tackle","Slimebound:Defend_Slimebound","Slimebound:Defend_Slimebound","Slimebound:Defend_Slimebound","Slimebound:Split+1","Slimebound:CorrosiveSpit","Slimebound:SplitBruiser","Slimebound:GoopSpray+1","Slimebound:LivingWall","Slimebound:Dissolve+1","Slimebound:FinishingTackle","Slimebound:LivingWall","Slimebound:Schlurp","Slimebound:MassFeed","Slimebound:Prepare","Slimebound:LevelUp","Slimebound:GrowthPunch+1","Slimebound:RallyTheTroops","Slimebound:SplitLeeching","Slimebound:SpikyOuterGoop","Slimebound:ItLooksTasty+1","Slimebound:GoopSpray","Slimebound:SplitLeeching+1","Slimebound:OozeBath","Slimebound:SlimeBarrage","Slimebound:SlimeSpikes","Slimebound:Equalize","Slimebound:Prepare+1","Slimebound:OozeBath+1","Slimebound:SplitMire","Decay","Slimebound:LeechEnergy","Slimebound:Split","Slimebound:GoopSpray+1","Slimebound:RejuvenatingLick","Slimebound:ViciousTackle+1","expansioncontent:StudyTheSpire+1","Slimebound:LivingWall","Slimebound:RainOfGoop+1","Slimebound:SplitAcid","Slimebound:RejuvenatingLick","expansioncontent:DashGenerateEvil","Slimebound:Nibble","Slimebound:TongueLash","Slimebound:Nibble+1"],"relics":["Slimebound:AbsorbEndCombat","Kunai","Shuriken","Black Star","downfall:HeartBlessingRed","downfall:HeartBlessingGreen","MawBank","Bottled Tornado","Centennial Puzzle","Akabeko","PreservedInsect","The Courier","Boot","Sozu","Mango","Dream Catcher","Mercury Hourglass","Omamori","Toy Ornithopter"],"acts_visited":["Exordium","TheCity","TheBeyond"],"potions_floor_usage":[12,16,20,23,27,30,33,44],"damage_taken":[{"damage":2,"enemies":"Small Slimes","floor":2,"turns":3},{"damage":0,"enemies":"Cultist","floor":3,"turns":3},{"damage":1,"enemies":"2 Louse","floor":4,"turns":2},{"damage":0,"enemies":"downfall:FleeingMerchant","floor":5,"turns":4},{"damage":5,"enemies":"Blue Slaver","floor":10,"turns":5},{"damage":1,"enemies":"Red Slaver","floor":11,"turns":3},{"damage":23,"enemies":"3 Sentries","floor":12,"turns":7},{"damage":1,"enemies":"3 Louse","floor":14,"turns":2},{"damage":6,"enemies":"Blue Slaver","floor":15,"turns":3},{"damage":25,"enemies":"DF_ARCHETYPE_STREAMLINE","floor":16,"turns":12},{"damage":0,"enemies":"Chosen","floor":20,"turns":5},{"damage":2,"enemies":"Snecko","floor":21,"turns":5},{"damage":1,"enemies":"Centurion and Healer","floor":22,"turns":7},{"damage":63,"enemies":"Gremlin Leader","floor":23,"turns":11},{"damage":8,"enemies":"3 Cultists","floor":26,"turns":5},{"damage":12,"enemies":"Sentry and Sphere","floor":27,"turns":8},{"damage":0,"enemies":"downfall:FleeingMerchant","floor":29,"turns":4},{"damage":3,"enemies":"Book of Stabbing","floor":30,"turns":5},{"damage":0,"enemies":"downfall:FleeingMerchant","floor":31,"turns":4},{"damage":15,"enemies":"Shelled Parasite and Fungi","floor":32,"turns":6},{"damage":42,"enemies":"IC_MUSHROOM_ARCHETYPE","floor":33,"turns":15},{"damage":9,"enemies":"3 Darklings","floor":36,"turns":5},{"damage":0,"enemies":"Orb Walker","floor":38,"turns":3},{"damage":0,"enemies":"Writhing Mass","floor":39,"turns":6},{"damage":26,"enemies":"4 Shapes","floor":40,"turns":5},{"damage":14,"enemies":"downfall:FleeingMerchant","floor":42,"turns":4},{"damage":0,"enemies":"Transient","floor":43,"turns":5},{"damage":9,"enemies":"Nemesis","floor":44,"turns":5},{"damage":14,"enemies":"downfall:FleeingMerchant","floor":46,"turns":4},{"damage":33,"enemies":"Reptomancer","floor":47,"turns":5},{"damage":23,"enemies":"Writhing Mass","floor":49,"turns":5},{"damage":16,"enemies":"SI_POISON_ARCHETYPE","floor":50,"turns":13}],"seed_played":"4511967420446571811","potions_obtained":[{"floor":2,"key":"SpeedPotion"},{"floor":4,"key":"Slimebound:SlimyTonguePotion"},{"floor":14,"key":"Weak Potion"},{"floor":15,"key":"Dexterity Potion"},{"floor":16,"key":"Fruit Juice"},{"floor":21,"key":"Block Potion"},{"floor":26,"key":"SkillPotion"},{"floor":32,"key":"FearPotion"},{"floor":33,"key":"sneckomod:MuddlingPotion"}],"is_trial":false,"path_per_floor":["R","M","M","M","$","?","T","?","R","M","M","E","R","M","M","B",null,"R","T","M","M","M","E","T","R","M","M","?","$","E","$","M","B",null,"R","M","?","M","M","M","T","$","M","E","R","$","E","$","M","B",null],"character_chosen":"SLIMEBOUND","items_purchased":["Slimebound:FinishingTackle","Slimebound:LivingWall","PreservedInsect","champ:CounterPotion","Slimebound:SlimeBarrage","expansioncontent:StudyTheSpire","Slimebound:LivingWall","Mercury Hourglass","Slimebound:RejuvenatingLick","expansioncontent:DashGenerateEvil","Slimebound:Nibble"],"campfire_rested":1,"item_purchase_floors":[5,5,29,29,29,42,42,46,46,46,46],"current_hp_per_floor":[71,69,71,71,71,71,71,71,71,70,71,54,54,63,61,44,77,77,77,85,85,88,33,33,59,59,55,55,57,60,62,58,32,91,91,88,88,91,94,82,82,84,92,99,99,93,68,68,61,57],"gold":62,"neow_bonus":"TEN_PERCENT_HP_BONUS","is_daily":false,"chose_seed":false,"campfire_upgraded":5,"win_rate":0.0,"timestamp":1611775827,"path_taken":["R","M","M","M","$","?","T","?","R","M","M","E","R","?","M","BOSS","R","?","M","?","M","E","T","R","M","M","?","$","E","$","M","BOSS","R","M","?","M","?","M","T","$","M","E","R","$","E","$","M","BOSS"],"items_purchased_type":["Card","Card","Relic","Potion","Card","Card","Card","Relic","Card","Card","Card"],"build_version":"2020-12-22","purchased_purges":1,"victory":true,"max_hp_per_floor":[71,71,71,71,71,71,71,71,71,71,71,71,71,77,77,77,77,77,77,85,85,88,88,88,88,88,88,88,88,88,88,91,91,91,91,91,91,91,94,94,94,94,94,108,108,108,108,108,108,108],"card_choices":[{"not_picked":["Slimebound:ProtectTheBoss","Slimebound:Repurpose"],"picked":"Slimebound:SplitBruiser","floor":2},{"not_picked":["Slimebound:RainOfGoop","Slimebound:FinishingTackle"],"picked":"Slimebound:GoopSpray","floor":3},{"not_picked":["Slimebound:Nibble","Slimebound:SplitAcid"],"picked":"Slimebound:LivingWall","floor":4},{"not_picked":["Slimebound:ComboTackle","Slimebound:MegaLick"],"picked":"Slimebound:Dissolve","floor":5},{"not_picked":["Slimebound:RollThrough","Slimebound:Prepare"],"picked":"Slimebound:Schlurp","floor":10},{"not_picked":["Slimebound:GoopSpray","Slimebound:SlimeBarrage"],"picked":"Slimebound:MassFeed","floor":11},{"not_picked":["Slimebound:Replication","Slimebound:Gluttony"],"picked":"Slimebound:Prepare","floor":12},{"not_picked":["Slimebound:RejuvenatingLick","Slimebound:Chomp"],"picked":"Slimebound:LevelUp","floor":14},{"not_picked":["Slimebound:SplitAcid","Slimebound:SplitMire"],"picked":"Slimebound:GrowthPunch","floor":15},{"not_picked":["Slimebound:SelfFormingGoo","Slimebound:PrepareCrush"],"picked":"Slimebound:RallyTheTroops","floor":16},{"not_picked":["Slimebound:ForwardTackle","Slimebound:GoopTackle"],"picked":"Slimebound:SplitLeeching","floor":20},{"not_picked":["Slimebound:RollThrough","Slimebound:LevelUp","Slimebound:LeechEnergy"],"picked":"SKIP","floor":21},{"not_picked":["Slimebound:SlimeSpikes","Slimebound:Gluttony"],"picked":"Slimebound:SpikyOuterGoop","floor":22},{"not_picked":["Slimebound:Overexert","Slimebound:SplitBruiser"],"picked":"Slimebound:ItLooksTasty+1","floor":23},{"not_picked":["Slimebound:SamplingLick+1","Slimebound:Prepare+1"],"picked":"Slimebound:GoopSpray","floor":26},{"not_picked":["Slimebound:FlameTackle","Slimebound:Dissolve"],"picked":"Slimebound:SplitLeeching+1","floor":27},{"not_picked":["Slimebound:GoopSpray","Slimebound:AcidTongue"],"picked":"Slimebound:OozeBath","floor":29},{"not_picked":["Slimebound:SlimeBrawl","Slimebound:GoopTackle"],"picked":"Slimebound:SlimeSpikes","floor":30},{"not_picked":["Slimebound:ComboTackle+1","Slimebound:SplitLeeching"],"picked":"Slimebound:Equalize","floor":31},{"not_picked":["Slimebound:FinishingTackle","Slimebound:Dissolve+1"],"picked":"Slimebound:Prepare+1","floor":32},{"not_picked":["Slimebound:DouseInSlime","Slimebound:PrepareCrush"],"picked":"Slimebound:OozeBath","floor":33},{"not_picked":["Slimebound:SplitBruiser+1","Slimebound:ItLooksTasty+1"],"picked":"Slimebound:SplitMire","floor":36},{"not_picked":["Slimebound:SlimeSpikes+1","Slimebound:ComboTackle"],"picked":"Slimebound:GoopSpray+1","floor":38},{"not_picked":["Slimebound:SlimeSpikes","Slimebound:GoopTackle+1"],"picked":"Slimebound:RejuvenatingLick","floor":39},{"not_picked":["Slimebound:LeechingTouch+1","Slimebound:GrowthPunch+1"],"picked":"Slimebound:ViciousTackle+1","floor":40},{"not_picked":["Slimebound:Replication+1","Slimebound:LeechLife","Slimebound:MinionMaster"],"picked":"SKIP","floor":42},{"not_picked":["Slimebound:FlameTackle","Slimebound:GoopTackle","Slimebound:ViciousTackle"],"picked":"SKIP","floor":43},{"not_picked":["Slimebound:Grow","Slimebound:Schlurp"],"picked":"Slimebound:RainOfGoop+1","floor":44},{"not_picked":["Slimebound:PressTheAttack+1","Slimebound:GoopTackle"],"picked":"Slimebound:SplitAcid","floor":46},{"not_picked":["Slimebound:OneTwoCombo","Slimebound:DisruptingSlam"],"picked":"Slimebound:TongueLash","floor":47},{"not_picked":["Slimebound:FinishingTackle","Slimebound:PressTheAttack+1"],"picked":"Slimebound:Nibble+1","floor":49}],"player_experience":487282,"relics_obtained":[{"floor":7,"key":"Kunai"},{"floor":12,"key":"Shuriken"},{"floor":19,"key":"MawBank"},{"floor":23,"key":"Bottled Tornado"},{"floor":23,"key":"Centennial Puzzle"},{"floor":24,"key":"Akabeko"},{"floor":30,"key":"The Courier"},{"floor":30,"key":"Boot"},{"floor":44,"key":"Mango"},{"floor":44,"key":"Dream Catcher"},{"floor":47,"key":"Omamori"},{"floor":47,"key":"Toy Ornithopter"}],"event_choices":[{"damage_healed":0,"gold_gain":0,"player_choice":"Forge","damage_taken":0,"max_hp_gain":0,"max_hp_loss":0,"event_name":"Accursed Blacksmith","floor":8,"gold_loss":0,"cards_upgraded":["Slimebound:GoopSpray"]},{"damage_healed":0,"gold_gain":0,"player_choice":"Ignored","damage_taken":0,"max_hp_gain":0,"max_hp_loss":0,"event_name":"Vampires","floor":28,"gold_loss":0}],"is_beta":false,"boss_relics":[{"not_picked":["Pandora\u0027s Box","Philosopher\u0027s Stone"],"picked":"Black Star"},{"not_picked":["Astrolabe","Slimebound:TarBlob"],"picked":"Sozu"}],"items_purged_floors":[29],"is_endless":false,"potions_floor_spawned":[2,4,14,15,16,21,26,32,33,39,40,44],"ascension_level":0}}