{"host":"d4nr47a59rmbesnz","time":1611742077,"event":{"mods":["A Magickal Journey","BaseMod","Better Third Choice","Hermit","Minty Spire (QoL Compilation)","Quick Restart","Shade Mod","StSLib","The Bladedancer","The Cursed","The Death Knight","The Disciple","The Forsaken","The Hierophant","The Necromancer","The Spell Scribe","The Valiant"],"gold_per_floor":[117,135,135,135,155,155,155,155],"floor_reached":7,"language":"ENG","playtime":305,"items_purged":[],"score":41,"play_id":"5fd37838-6846-4c6f-8219-c170528b8750","local_time":"20210127130757","is_ascension_mode":false,"campfire_choices":[{"data":"DeathKnight:PillarOfFrost","floor":6,"key":"SMITH"}],"circlet_count":0,"master_deck":["DeathKnight:Strike_DeathKnight","DeathKnight:Strike_DeathKnight","DeathKnight:Strike_DeathKnight","DeathKnight:Strike_DeathKnight","DeathKnight:Strike_DeathKnight","DeathKnight:Defend_DeathKnight","DeathKnight:Defend_DeathKnight","DeathKnight:Defend_DeathKnight","DeathKnight:Defend_DeathKnight","DeathKnight:Defend_DeathKnight","DeathKnight:RuneTap+1","DeathKnight:RuneStrike","DeathKnight:SindragosasBreath","DeathKnight:BloodPact","DeathKnight:PillarOfFrost+1","DeathKnight:BoneSpear"],"relics":["DeathKnight:BrokenRuneblade","Question Card"],"acts_visited":["Exordium"],"potions_floor_usage":[],"damage_taken":[{"damage":10,"enemies":"Small Slimes","floor":1,"turns":3},{"damage":6,"enemies":"Jaw Worm","floor":2,"turns":3},{"damage":5,"enemies":"Cultist","floor":5,"turns":4},{"damage":50,"enemies":"Gremlin Nob","floor":7,"turns":5}],"seed_played":"8190774918136085880","potions_obtained":[{"floor":1,"key":"DeathKnight:RimePotion"}],"is_trial":false,"path_per_floor":["M","M","?","?","M","R","E"],"character_chosen":"DEATH_KNIGHT","items_purchased":[],"campfire_rested":0,"item_purchase_floors":[],"current_hp_per_floor":[58,52,52,52,47,47,0,0],"gold":155,"neow_bonus":"THREE_RARE_CARDS","is_daily":false,"chose_seed":false,"campfire_upgraded":1,"win_rate":0.0,"timestamp":1611742077,"path_taken":["M","M","?","?","?","R","E"],"items_purchased_type":[],"build_version":"2020-12-22","purchased_purges":0,"victory":false,"max_hp_per_floor":[68,68,68,68,68,68,68,68],"card_choices":[{"not_picked":["DeathKnight:Razorice","DeathKnight:UnholyExperiment"],"picked":"DeathKnight:SindragosasBreath","floor":0},{"not_picked":["DeathKnight:Ossuary","DeathKnight:MutagenicPlague"],"picked":"DeathKnight:BloodPact","floor":1},{"not_picked":["DeathKnight:FrosPresence","DeathKnight:BloodBoil"],"picked":"DeathKnight:PillarOfFrost","floor":2},{"not_picked":["DeathKnight:DeathsAdvance","DeathKnight:DeathAndDecay","DeathKnight:Rot"],"picked":"DeathKnight:BoneSpear","floor":5}],"player_experience":59844,"relics_obtained":[],"event_choices":[{"damage_healed":0,"gold_gain":0,"player_choice":"Grow","damage_taken":0,"max_hp_gain":0,"max_hp_loss":0,"event_name":"Living Wall","floor":3,"gold_loss":0,"cards_upgraded":["DeathKnight:RuneTap"]},{"damage_healed":0,"gold_gain":0,"player_choice":"Gave Potion","damage_taken":0,"relics_obtained":["Question Card"],"max_hp_gain":0,"max_hp_loss":0,"event_name":"WeMeetAgain","floor":4,"gold_loss":0}],"is_beta":false,"boss_relics":[],"items_purged_floors":[],"is_endless":false,"potions_floor_spawned":[1],"killed_by":"Gremlin Nob","ascension_level":0}}