{"host":"tm3ghj8mno6gwywm","time":1611724462,"event":{"mods":["2.2 Compatiblity","AchievementEnabler","Bard","BaseMod","Beaked The Cultist","Better Third Choice","Colored Map","Colored Powertips","Conspire","Downfall","Glutton Mod","GungeonMod","Halation","Hermit","Hubris","Infinite Spire","Jorbs\u0027s Wanderer Trilogy","Mad Scientist","Marisa????????","Marked Mod","Mimic Mod","Minty Spire (QoL Compilation)","Potionbrewer","Quick Restart","Replay The Spire","Shade Mod","Shop Mod","Somnambulant","Spicy Shops","StSLib","SuperFastMode","The Bug Knight","The Construct","The Cursed","The Disciple","The Hierophant","The IronCluck","The Judge","The Jungle","The Necromancer","The Runesmith","The Servant 0.9.4","egg"],"gold_per_floor":[415,415,433,433,476,514,534,568,568,419,419,443,443,408,408,531,531,549,574,175,198,216,216,232,270,270,270,270,49,49,89,89,217,217,232,256,272,16,34,72,72,104,104,129,35,55,95,95,95,95,95,95,11,57,126],"floor_reached":56,"language":"ENG","playtime":2078,"items_purged":[],"score":1486,"play_id":"6b102fb4-608b-4d4f-a8ac-c710075d3f09","local_time":"20210127001422","is_ascension_mode":false,"campfire_choices":[{"floor":11,"key":"REST"},{"floor":13,"key":"REST"},{"floor":15,"key":"RECALL"},{"floor":23,"key":"REST"},{"data":"Neutralize","floor":32,"key":"SMITH"},{"floor":41,"key":"REST"},{"floor":49,"key":"REST"},{"data":"Defend_G","floor":52,"key":"SMITH"}],"circlet_count":0,"master_deck":["Strike_G+1","Strike_G+1","Strike_G+1","Strike_G+1","Strike_G+1","Defend_G+1","Defend_G+1","Defend_G","Defend_G+1","Defend_G+1","Survivor+1","Neutralize+1","Underhanded Strike+1","Prepared+1","Outmaneuver+1","Dagger Throw+1","Dagger Throw+1","Hidden Blade+1","Dodge and Roll+1","Adrenaline+1","Dagger Throw+1","Acrobatics+1","Underhanded Strike+1","Caltrops+1","Concentrate+1","Sucker Punch+1","Deflect+1","hubris:TrickCloak+1","Expertise+1","Tactician+1","A Thousand Cuts+1","Acrobatics+1","Dagger Spray+1","Choke+1","ReplayTheSpireMod:Speed Training+1","Dagger Spray+1","Hidden Blade+1","Dagger Spray+1","Finisher+1","Heel Hook+1","Footwork+1","Flying Knee+1","Leg Sweep+1","Dagger Spray+1"],"relics":["Ring of the Snake","Membership Card","Quantum Egg","Frozen Egg 2","Toxic Egg 2","Molten Egg 2","Black Star","Mummified Hand","Lizard Tail","WingedGreaves","Old Coin","Golden Idol","halation:PinkSoulGem","Whetstone","ReplayTheSpireMod:TigerMarble","construct:RocketBooster","hubris:BundleOfHerbs","Juzu Bracelet","potionbrewer:AlchemistFlask","Orichalcum","potionbrewer:BhaskarasWheel","hexamod:BolsterEngine","Replay:Mystery Machine","Replay:Lucky Slots","Omamori","Slimebound:PreparedRelic","Guardian:PocketSentry","bronze:DecasWashers","Spirit Poop","MutagenicStrength","hubris:MedicalManual","ClockworkSouvenir","DemoMod:DecoyRelic","hubris:Potato","bronze:MakeshiftBattery","DemoMod:Orange","DemoMod:MeatBun","Centennial Puzzle","Ornamental Fan","potionbrewer:Torch","Blood Vial","Replay:Accelerometer","halation:IllGainedPizza","HollowMod:LifeEnderRelic","potionbrewer:BottledElixir"],"acts_visited":["Exordium","TheCity","TheBeyond","TheEnding"],"potions_floor_usage":[6,16,25,25,25,50,50,55],"damage_taken":[{"damage":1,"enemies":"Cultist","floor":1,"turns":4},{"damage":0,"enemies":"Small Slimes","floor":3,"turns":3},{"damage":14,"enemies":"Jaw Worm","floor":5,"turns":9},{"damage":36,"enemies":"Lagavulin","floor":6,"turns":8},{"damage":0,"enemies":"Jaw Worm","floor":7,"turns":3},{"damage":0,"enemies":"Gremlin Nob","floor":8,"turns":3},{"damage":12,"enemies":"Large Slime","floor":12,"turns":6},{"damage":21,"enemies":"Fading Forest","floor":16,"turns":11},{"damage":2,"enemies":"3 Byrds","floor":18,"turns":5},{"damage":17,"enemies":"2 Thieves","floor":19,"turns":3},{"damage":0,"enemies":"Centurion and Healer","floor":21,"turns":2},{"damage":0,"enemies":"Snecko","floor":22,"turns":3},{"damage":1,"enemies":"Snake Plant","floor":24,"turns":3},{"damage":0,"enemies":"conspire:Head Lice","floor":25,"turns":4},{"damage":0,"enemies":"conspire:HollyBat","floor":31,"turns":2},{"damage":13,"enemies":"Automaton","floor":33,"turns":8},{"damage":0,"enemies":"3 Darklings","floor":35,"turns":2},{"damage":0,"enemies":"3 Shapes","floor":36,"turns":1},{"damage":0,"enemies":"3 Darklings","floor":37,"turns":2},{"damage":0,"enemies":"Spire Growth","floor":39,"turns":2},{"damage":6,"enemies":"Reptomancer","floor":40,"turns":3},{"damage":0,"enemies":"Transient","floor":42,"turns":5},{"damage":1,"enemies":"Spire Growth","floor":44,"turns":2},{"damage":0,"enemies":"4 Shapes","floor":46,"turns":2},{"damage":0,"enemies":"R_Hoarder","floor":47,"turns":3},{"damage":3,"enemies":"Time Eater","floor":50,"turns":3},{"damage":0,"enemies":"Shield and Spear","floor":54,"turns":3},{"damage":38,"enemies":"The Heart","floor":55,"turns":6}],"seed_played":"-6859379756922621079","potions_obtained":[{"floor":1,"key":"potionbrewer:BarricadePotion"},{"floor":3,"key":"champ:CounterPotion"},{"floor":8,"key":"PowerPotion"},{"floor":12,"key":"Milkshake"},{"floor":21,"key":"potionbrewer:MidasPotion"},{"floor":36,"key":"potionbrewer:MidasPotion"}],"is_trial":false,"path_per_floor":["M","?","M","?","MIM","E","M","E","T","?","R","M","R","?","R","B",null,"M","M","$","M","M","R","M","E","T","?","?","$","?","MIM","R","B",null,"M","M","M","$","M","E","R","M","T","M","$","M","E","?","R","B",null,"R","$","E","B",null],"character_chosen":"THE_SILENT","items_purchased":["Underhanded Strike+1","hexamod:BolsterEngine","Replay:Mystery Machine","Caltrops+1","Concentrate+1","Replay:Lucky Slots","Omamori","ColorlessPotion","hubris:MedicalManual","ClockworkSouvenir","DemoMod:Orange","ReplayTheSpireMod:Speed Training+1","DemoMod:MeatBun","Heel Hook+1","Footwork+1","halation:IllGainedPizza","Dagger Spray+1"],"campfire_rested":5,"item_purchase_floors":[20,20,20,20,20,20,20,20,29,29,38,38,38,45,45,53,53],"current_hp_per_floor":[76,76,76,76,62,26,26,26,26,26,49,37,60,77,77,56,77,75,58,58,58,58,77,76,76,76,76,76,76,76,76,76,63,77,77,77,77,89,89,83,89,89,89,88,88,88,88,88,89,86,89,89,89,89,51],"gold":126,"neow_bonus":"TEN_PERCENT_HP_BONUS","is_daily":false,"chose_seed":false,"campfire_upgraded":2,"win_rate":0.0,"timestamp":1611724462,"path_taken":["M","?","M","?","?","E","M","E","T","?","R","M","R","?","R","BOSS","M","M","$","M","M","R","M","E","T","?","?","$","?","?","R","BOSS","M","M","M","$","M","E","R","M","T","M","$","M","E","?","R","BOSS","R","$","E","BOSS"],"items_purchased_type":["Card","Relic","Relic","Card","Card","Relic","Relic","Potion","Relic","Relic","Relic","Card","Relic","Card","Card","Relic","Card"],"build_version":"2020-12-22","purchased_purges":0,"victory":true,"max_hp_per_floor":[77,77,77,77,77,77,77,77,77,77,77,77,77,77,77,77,77,77,77,77,77,77,77,77,77,77,77,77,77,77,77,77,77,77,77,77,77,89,89,89,89,89,89,89,89,89,89,89,89,89,89,89,89,89,89],"card_choices":[{"not_picked":["Escape Plan+1","Sneak Up+1"],"picked":"Underhanded Strike+1","floor":1},{"not_picked":["ReplayTheSpireMod:Scrap Shanks+1","Flying Knee+1"],"picked":"Prepared+1","floor":3},{"not_picked":["Backflip+1","Flying Knee+1"],"picked":"Outmaneuver+1","floor":5},{"not_picked":["Replay:Poison Smokescreen+1","ReplayTheSpireMod:From All Sides+1"],"picked":"Dagger Throw+1","floor":6},{"not_picked":["Toxin Wave+1","Catalyst+1"],"picked":"Dagger Throw+1","floor":7},{"not_picked":["PiercingWail+1","Deadly Poison+1"],"picked":"Hidden Blade+1","floor":8},{"not_picked":["Hidden Blade+1","Poisoned Stab+1"],"picked":"Dodge and Roll+1","floor":12},{"not_picked":["ReplayTheSpireMod:Necrosis+1","Replay:Bag of Tricks+1"],"picked":"Adrenaline+1","floor":16},{"not_picked":["Outmaneuver+1","Backflip+1"],"picked":"Dagger Throw+1","floor":18},{"not_picked":["Blade Dance+1","Fluid Movement+1"],"picked":"Acrobatics+1","floor":19},{"not_picked":["Leg Sweep+1","Bouncing Flask+1"],"picked":"Sucker Punch+1","floor":21},{"not_picked":["Sucker Punch+1","Toxin Wave+1"],"picked":"Deflect+1","floor":22},{"not_picked":["Flying Knee+1","Backflip+1"],"picked":"hubris:TrickCloak+1","floor":24},{"not_picked":["Underhanded Strike+1","Outmaneuver+1"],"picked":"Expertise+1","floor":25},{"not_picked":["Sneak Up+1","Outmaneuver+1"],"picked":"Tactician+1","floor":31},{"not_picked":["Envenom+1","ReplayTheSpireMod:Necrosis+1"],"picked":"A Thousand Cuts+1","floor":33},{"not_picked":["Quick Slash+1","Deadly Poison+1"],"picked":"Acrobatics+1","floor":35},{"not_picked":["Dodge and Roll+1","Concentrate+1"],"picked":"Dagger Spray+1","floor":36},{"not_picked":["Backflip+1","Atom Bomb+1"],"picked":"Choke+1","floor":37},{"not_picked":["Dash+1","Concentrate+1"],"picked":"Dagger Spray+1","floor":39},{"not_picked":["Deadly Poison+1","Outmaneuver+1"],"picked":"Hidden Blade+1","floor":40},{"not_picked":["Dodge and Roll+1","Outmaneuver+1"],"picked":"Dagger Spray+1","floor":42},{"not_picked":["Backflip+1","Footwork+1"],"picked":"Finisher+1","floor":44},{"not_picked":["Toxin Wave+1","Bane+1"],"picked":"Flying Knee+1","floor":46},{"not_picked":["Toxin Wave+1","Riddle With Holes+1"],"picked":"Leg Sweep+1","floor":47},{"not_picked":["Underhanded Strike+1","Backflip+1","hubris:SlightOfHand+1"],"picked":"SKIP","floor":54}],"player_experience":845677,"relics_obtained":[{"floor":5,"key":"Whetstone"},{"floor":6,"key":"ReplayTheSpireMod:TigerMarble"},{"floor":6,"key":"construct:RocketBooster"},{"floor":8,"key":"hubris:BundleOfHerbs"},{"floor":8,"key":"Juzu Bracelet"},{"floor":9,"key":"potionbrewer:AlchemistFlask"},{"floor":25,"key":"Slimebound:PreparedRelic"},{"floor":25,"key":"Guardian:PocketSentry"},{"floor":26,"key":"bronze:DecasWashers"},{"floor":31,"key":"DemoMod:DecoyRelic"},{"floor":31,"key":"hubris:Potato"},{"floor":40,"key":"Centennial Puzzle"},{"floor":40,"key":"Ornamental Fan"},{"floor":43,"key":"potionbrewer:Torch"},{"floor":47,"key":"Blood Vial"},{"floor":47,"key":"Replay:Accelerometer"},{"floor":54,"key":"HollowMod:LifeEnderRelic"},{"floor":54,"key":"potionbrewer:BottledElixir"}],"event_choices":[{"damage_healed":0,"gold_gain":0,"player_choice":"Take Wound","damage_taken":0,"relics_obtained":["Golden Idol"],"max_hp_gain":0,"max_hp_loss":0,"event_name":"Golden Idol","floor":2,"gold_loss":0,"cards_obtained":["Injury"]},{"damage_healed":0,"gold_gain":0,"player_choice":"Paid Gold","damage_taken":0,"relics_obtained":["Orichalcum"],"max_hp_gain":0,"max_hp_loss":0,"event_name":"WeMeetAgain","floor":10,"gold_loss":149},{"damage_healed":19,"gold_gain":0,"player_choice":"Healed","damage_taken":0,"max_hp_gain":0,"max_hp_loss":0,"event_name":"The Cleric","floor":14,"gold_loss":35},{"cards_removed":["Injury"],"damage_healed":0,"gold_gain":0,"player_choice":"Offered Curse","damage_taken":0,"relics_obtained":["Spirit Poop"],"max_hp_gain":0,"max_hp_loss":0,"event_name":"Bonfire Elementals","floor":27,"gold_loss":0},{"damage_healed":0,"gold_gain":0,"player_choice":"Inject Mutagens","damage_taken":0,"relics_obtained":["MutagenicStrength"],"max_hp_gain":0,"max_hp_loss":0,"event_name":"Drug Dealer","floor":28,"gold_loss":0},{"damage_healed":0,"gold_gain":0,"player_choice":"Ignored","damage_taken":0,"max_hp_gain":0,"max_hp_loss":0,"event_name":"Ghosts","floor":30,"gold_loss":0},{"damage_healed":0,"gold_gain":0,"player_choice":"Forge","damage_taken":0,"max_hp_gain":0,"max_hp_loss":0,"event_name":"Accursed Blacksmith","floor":48,"gold_loss":0,"cards_upgraded":["Survivor"]}],"is_beta":false,"boss_relics":[{"not_picked":["hubris:CrackedHourglass","Replay:Drink Me"],"picked":"potionbrewer:BhaskarasWheel"},{"not_picked":["hubris:RunicObelisk","halation:ForbiddenBikini"],"picked":"bronze:MakeshiftBattery"}],"items_purged_floors":[],"is_endless":false,"potions_floor_spawned":[1,3,8,12,21,22,36,39,42,44],"ascension_level":0}}