{"host":"8by3m8mve9y2rhh4","time":1611721526,"event":{"mods":["BaseMod","Minty Spire (QoL Compilation)","Quick Restart"],"gold_per_floor":[119,133,208,158,168,203,203,233,257,290,29,47,115,46,46,144,144,158,173,183,183,108,108,137,137,191,221,221,250,2,18,18,113,113,133,183,194,211,221,221,255,267,267,295,295,329,329,345,345,345,345,345,8,41,41,41],"floor_reached":55,"language":"ENG","playtime":3931,"items_purged":["Strike_G","Defend_G"],"score":977,"play_id":"29a2b342-9f37-4fdf-a4e5-6af1588d6b1a","local_time":"20210127042526","is_ascension_mode":true,"campfire_choices":[{"floor":7,"key":"RECALL"},{"data":"Footwork","floor":15,"key":"SMITH"},{"data":"A Thousand Cuts","floor":23,"key":"SMITH"},{"data":"Noxious Fumes","floor":25,"key":"SMITH"},{"data":"Noxious Fumes","floor":32,"key":"SMITH"},{"data":"Malaise","floor":40,"key":"SMITH"},{"data":"Dodge and Roll","floor":49,"key":"SMITH"},{"data":"Blur","floor":52,"key":"SMITH"}],"circlet_count":0,"master_deck":["Defend_G","Defend_G","Defend_G","Defend_G","Survivor","Neutralize","Riddle With Holes","All Out Attack","Dash+1","Dodge and Roll+1","A Thousand Cuts+1","Footwork+1","Backflip+1","Good Instincts+1","Blur+1","Leg Sweep","Malaise+1","Well Laid Plans+1","Dagger Spray+1","Sucker Punch+1","Dash+1","Noxious Fumes+1","Poisoned Stab+1","Noxious Fumes+1","Neutralize","PiercingWail","Bane+1","Adrenaline+1","Escape Plan","Dodge and Roll+1","Blur","Backflip+1","Escape Plan+1","Escape Plan+1","Leg Sweep"],"relics":["Coffee Dripper","Bag of Marbles","Happy Flower","Dream Catcher","Astrolabe","Lantern","Art of War","Blue Candle","Bag of Preparation","Anchor","Black Star","Tingsha","Bird Faced Urn","Gambling Chip","Whetstone","Meat on the Bone","Omamori","War Paint","TungstenRod","Snake Skull","Oddly Smooth Stone"],"acts_visited":["Exordium","TheCity","TheBeyond","TheEnding"],"potions_floor_usage":[6,8,10,27,27,29,36,50,50,55],"damage_taken":[{"damage":0,"enemies":"Small Slimes","floor":1,"turns":4},{"damage":0,"enemies":"Jaw Worm","floor":2,"turns":5},{"damage":0,"enemies":"Cultist","floor":5,"turns":4},{"damage":0,"enemies":"Lagavulin","floor":6,"turns":6},{"damage":4,"enemies":"3 Sentries","floor":8,"turns":8},{"damage":1,"enemies":"Lagavulin","floor":10,"turns":6},{"damage":0,"enemies":"2 Fungi Beasts","floor":12,"turns":2},{"damage":23,"enemies":"The Guardian","floor":16,"turns":16},{"damage":12,"enemies":"2 Thieves","floor":18,"turns":4},{"damage":0,"enemies":"3 Byrds","floor":19,"turns":5},{"damage":0,"enemies":"Cultist and Chosen","floor":20,"turns":9},{"damage":0,"enemies":"Gremlin Leader","floor":24,"turns":8},{"damage":5,"enemies":"Slavers","floor":27,"turns":4},{"damage":0,"enemies":"Gremlin Leader","floor":29,"turns":8},{"damage":0,"enemies":"Centurion and Healer","floor":31,"turns":6},{"damage":9,"enemies":"Collector","floor":33,"turns":8},{"damage":3,"enemies":"3 Shapes","floor":35,"turns":5},{"damage":9,"enemies":"Mind Bloom Boss Battle","floor":36,"turns":5},{"damage":1,"enemies":"Orb Walker","floor":37,"turns":4},{"damage":5,"enemies":"Sphere and 2 Shapes","floor":38,"turns":4},{"damage":0,"enemies":"Maw","floor":39,"turns":8},{"damage":2,"enemies":"Reptomancer","floor":41,"turns":7},{"damage":0,"enemies":"Jaw Worm Horde","floor":42,"turns":4},{"damage":5,"enemies":"Nemesis","floor":44,"turns":10},{"damage":2,"enemies":"Giant Head","floor":46,"turns":10},{"damage":0,"enemies":"3 Darklings","floor":48,"turns":4},{"damage":22,"enemies":"Awakened One","floor":50,"turns":15},{"damage":0,"enemies":"Shield and Spear","floor":54,"turns":7},{"damage":68,"enemies":"The Heart","floor":55,"turns":11}],"seed_played":"-8423095947437260192","potions_obtained":[{"floor":5,"key":"CultistPotion"},{"floor":6,"key":"AttackPotion"},{"floor":8,"key":"FearPotion"},{"floor":10,"key":"EssenceOfSteel"},{"floor":19,"key":"GamblersBrew"},{"floor":20,"key":"CunningPotion"},{"floor":27,"key":"LiquidMemories"},{"floor":29,"key":"Strength Potion"},{"floor":35,"key":"Ancient Potion"},{"floor":41,"key":"Fire Potion"},{"floor":46,"key":"SkillPotion"}],"is_trial":false,"path_per_floor":["M","M","?","?","M","E","R","E","T","E","$","M","?","$","R","B",null,"M","M","M","?","$","R","E","R","T","E","?","E","$","M","R","B",null,"M","?","M","M","M","R","E","M","T","E","?","E","?","M","R","B",null,"R","$","E","B"],"character_chosen":"THE_SILENT","items_purchased":["Footwork","Backflip","Good Instincts","Leg Sweep","Noxious Fumes","Anchor","TungstenRod","Leg Sweep"],"campfire_rested":0,"item_purchase_floors":[11,11,11,14,22,30,53,53],"current_hp_per_floor":[70,70,59,59,59,59,59,55,55,54,54,54,54,54,54,31,70,58,58,58,58,58,58,58,58,58,53,53,53,53,53,53,44,70,67,58,57,52,52,52,50,58,58,63,63,64,64,66,66,50,66,66,66,66,0,0],"gold":41,"neow_bonus":"BOSS_RELIC","is_daily":false,"chose_seed":false,"campfire_upgraded":7,"win_rate":0.0,"timestamp":1611721526,"path_taken":["M","M","?","?","M","E","R","E","T","E","$","M","?","$","R","BOSS","M","M","M","?","$","R","E","R","T","E","?","E","$","?","R","BOSS","M","?","M","M","M","R","E","M","T","E","?","E","?","M","R","BOSS","R","$","E","BOSS"],"items_purchased_type":["Card","Card","Card","Card","Card","Relic","Relic","Card"],"build_version":"2020-12-22","purchased_purges":2,"victory":false,"max_hp_per_floor":[70,70,70,70,70,70,70,70,70,70,70,70,70,70,70,70,70,70,70,70,70,70,70,70,70,70,70,70,70,70,70,70,70,70,70,70,70,70,70,70,70,70,70,70,66,66,66,66,66,66,66,66,66,66,66,66],"card_choices":[{"not_picked":["PiercingWail","Finisher"],"picked":"Riddle With Holes","floor":1},{"not_picked":["Outmaneuver","Sucker Punch"],"picked":"All Out Attack","floor":2},{"not_picked":["Heel Hook","Prepared"],"picked":"Dash","floor":5},{"not_picked":["Sucker Punch","Heel Hook"],"picked":"Dodge and Roll","floor":6},{"not_picked":["Slice","Escape Plan"],"picked":"A Thousand Cuts","floor":8},{"not_picked":["Distraction","Acrobatics","Underhanded Strike"],"picked":"SKIP","floor":10},{"not_picked":["Bane","Dagger Throw"],"picked":"Blur","floor":12},{"not_picked":["Die Die Die","Wraith Form v2"],"picked":"Malaise","floor":16},{"not_picked":["Quick Slash+1","Infinite Blades"],"picked":"Dash","floor":18},{"not_picked":["Quick Slash","Prepared"],"picked":"Noxious Fumes","floor":19},{"not_picked":["Slice","Acrobatics"],"picked":"Poisoned Stab+1","floor":20},{"not_picked":["Finisher","Poisoned Stab","Prepared"],"picked":"SKIP","floor":24},{"not_picked":["Calculated Gamble","Backstab","Masterful Stab"],"picked":"SKIP","floor":27},{"not_picked":["Grand Finale","Sucker Punch","Phantasmal Killer"],"picked":"SKIP","floor":29},{"not_picked":["Skewer","Flying Knee+1"],"picked":"Bane+1","floor":31},{"not_picked":["Wraith Form v2","Malaise"],"picked":"Adrenaline","floor":33},{"not_picked":["Setup+1","Dodge and Roll"],"picked":"Escape Plan","floor":35},{"not_picked":["Slice+1","Outmaneuver+1"],"picked":"Dodge and Roll+1","floor":36},{"not_picked":["Acrobatics+1","Predator+1"],"picked":"Blur","floor":37},{"not_picked":["Tactician+1","Flying Knee+1"],"picked":"Backflip+1","floor":38},{"not_picked":["Slice","Blade Dance","Cloak And Dagger"],"picked":"SKIP","floor":39},{"not_picked":["Deadly Poison+1","Flying Knee+1","Finisher+1"],"picked":"SKIP","floor":41},{"not_picked":["Bouncing Flask+1","Poisoned Stab+1"],"picked":"Escape Plan+1","floor":42},{"not_picked":["Infinite Blades","Cloak And Dagger+1","Dagger Throw"],"picked":"SKIP","floor":44},{"not_picked":["Grand Finale","Predator+1"],"picked":"Escape Plan+1","floor":46},{"not_picked":["Underhanded Strike","PiercingWail","Terror+1"],"picked":"SKIP","floor":48},{"not_picked":["PiercingWail+1","Deflect+1","Riddle With Holes"],"picked":"SKIP","floor":54}],"player_experience":735350,"relics_obtained":[{"floor":6,"key":"Bag of Marbles"},{"floor":8,"key":"Happy Flower"},{"floor":10,"key":"Dream Catcher"},{"floor":24,"key":"Lantern"},{"floor":26,"key":"Art of War"},{"floor":27,"key":"Blue Candle"},{"floor":29,"key":"Bag of Preparation"},{"floor":36,"key":"Tingsha"},{"floor":41,"key":"Bird Faced Urn"},{"floor":43,"key":"Gambling Chip"},{"floor":44,"key":"Whetstone"},{"floor":44,"key":"Meat on the Bone"},{"floor":46,"key":"Omamori"},{"floor":46,"key":"War Paint"},{"floor":54,"key":"Snake Skull"},{"floor":54,"key":"Oddly Smooth Stone"}],"event_choices":[{"damage_healed":0,"gold_gain":75,"player_choice":"Gather Gold","damage_taken":11,"max_hp_gain":0,"max_hp_loss":0,"event_name":"World of Goop","floor":3,"gold_loss":0},{"cards_removed":["Strike_G"],"damage_healed":0,"gold_gain":0,"player_choice":"Card Removal","damage_taken":0,"max_hp_gain":0,"max_hp_loss":0,"event_name":"The Cleric","floor":4,"gold_loss":50},{"damage_healed":0,"gold_gain":68,"player_choice":"Gained Gold","damage_taken":0,"max_hp_gain":0,"max_hp_loss":0,"event_name":"Golden Wing","floor":13,"gold_loss":0},{"damage_healed":0,"gold_gain":0,"player_choice":"Ignored","damage_taken":0,"max_hp_gain":0,"max_hp_loss":0,"event_name":"Vampires","floor":21,"gold_loss":0},{"damage_healed":0,"gold_gain":0,"player_choice":"2 cards matched","damage_taken":0,"max_hp_gain":0,"max_hp_loss":0,"event_name":"Match and Keep!","floor":28,"gold_loss":0,"cards_obtained":["Neutralize","PiercingWail"]},{"damage_healed":0,"gold_gain":0,"player_choice":"Fight","damage_taken":0,"max_hp_gain":0,"max_hp_loss":0,"event_name":"MindBloom","floor":36,"gold_loss":0},{"damage_healed":0,"gold_gain":0,"player_choice":"Max HP","damage_taken":0,"max_hp_gain":0,"max_hp_loss":4,"event_name":"Winding Halls","floor":45,"gold_loss":0},{"damage_healed":0,"gold_gain":0,"player_choice":"Upgraded","damage_taken":0,"max_hp_gain":0,"max_hp_loss":0,"event_name":"Upgrade Shrine","floor":47,"gold_loss":0,"cards_upgraded":["Adrenaline"]}],"is_beta":false,"boss_relics":[{"not_picked":["Busted Crown","Pandora\u0027s Box"],"picked":"Astrolabe"},{"not_picked":["WristBlade","Velvet Choker"],"picked":"Black Star"}],"items_purged_floors":[11,30],"is_endless":false,"potions_floor_spawned":[5,6,8,10,19,20,27,29,35,41,46,48],"killed_by":"The Heart","ascension_level":1}}