{"host":"farxtl2u8hmkbdo2","time":1611708414,"event":{"mods":["A Magickal Journey","BaseMod","Better Altar","Better Note","Better Sensory Stone","Better Skull","Better Third Choice","Challenge The Spire","Colored Map","Colored Powertips","Current Relic Mod","Energized Spire","Fox Events","Gremlin Mod","Hermit","Hubris","Mimic Mod","Minty Spire (QoL Compilation)","Quick Restart","READ ME - Guardian Mod","READ ME - Snecko Mod","Rare Cards Sparkle","StSLib","The Bladedancer","The Bug Knight","The Cursed","The Disciple","The Elementalist","The Hierophant","The Marked","The Necromancer","The Runesmith","Transform Curses"],"gold_per_floor":[119,129,140,3,3,42,42,67,67,108,126,164,164,164,164,294,294,308,14,29,29,29,29,62,62,62,141,156,16,30,64,64,64,64],"floor_reached":33,"language":"SPA","playtime":2744,"items_purged":[],"score":373,"play_id":"8dc83020-f698-44ba-a01f-0928e905eafe","local_time":"20210126214654","is_ascension_mode":false,"campfire_choices":[{"data":"hermit:Adapt","floor":15,"key":"SMITH"},{"data":"hermit:EyeOfTheStorm","floor":23,"key":"SMITH"},{"data":"hermit:DeadOrAlive","floor":25,"key":"SMITH"},{"floor":32,"key":"REST"}],"circlet_count":0,"master_deck":["hermit:Strike_Hermit","hermit:Strike_Hermit+1","hermit:Strike_Hermit","hermit:Defend_Hermit","hermit:Defend_Hermit","hermit:Defend_Hermit+1","hermit:Snapshot","hermit:Covet+1","hermit:Manifest","hermit:Showdown","hermit:ItchyTrigger","hermit:Magnum+1","Injury","hermit:Adapt+1","hermit:Manifest+1","hermit:EyeOfTheStorm+1","hermit:SprayPray","hermit:GhostlyPresence","hermit:Roughhouse+1","hermit:Vantage","hermit:Deadeye","hermit:HighCaliber+1","TheCursedMod:SpreadPlague","hermit:DeadOrAlive+1","hermit:Magnum","hermit:LowProfile+1","hermit:NoHoldsBarred","hermit:Coalescence+1"],"relics":["hermit:Momento","Golden Idol","Potion Belt","War Paint","Juzu Bracelet","Toy Ornithopter","hubris:HollowSoul","TheAbacus","Whetstone","Lantern","Bird Faced Urn","Bag of Preparation","Thread and Needle"],"acts_visited":["Exordium","TheCity"],"potions_floor_usage":[6,6,8,10,10,12,24,24,24,24,28,33],"damage_taken":[{"damage":0,"enemies":"Cultist","floor":1,"turns":3},{"damage":3,"enemies":"Small Slimes","floor":2,"turns":3},{"damage":0,"enemies":"Jaw Worm","floor":3,"turns":3},{"damage":16,"enemies":"Gremlin Nob","floor":6,"turns":4},{"damage":9,"enemies":"Blue Slaver","floor":8,"turns":4},{"damage":9,"enemies":"Lagavulin","floor":10,"turns":8},{"damage":3,"enemies":"Exordium Thugs","floor":11,"turns":5},{"damage":12,"enemies":"Gremlin Nob","floor":12,"turns":6},{"damage":0,"enemies":"Hexaghost","floor":16,"turns":18},{"damage":0,"enemies":"Spheric Guardian","floor":18,"turns":3},{"damage":10,"enemies":"Chosen","floor":20,"turns":5},{"damage":23,"enemies":"Gremlin Leader","floor":24,"turns":9},{"damage":53,"enemies":"Slavers","floor":27,"turns":10},{"damage":19,"enemies":"Snecko","floor":28,"turns":8},{"damage":0,"enemies":"3 Cultists","floor":30,"turns":4},{"damage":41,"enemies":"Gremlin Leader","floor":31,"turns":7},{"damage":25,"enemies":"hubris:MusketHawk","floor":33,"turns":6}],"seed_played":"2156020985243386102","potions_obtained":[{"floor":2,"key":"Strength Potion"},{"floor":3,"key":"Regen Potion"},{"floor":6,"key":"AttackPotion"},{"floor":7,"key":"hermit:BlackBile"},{"floor":7,"key":"Weak Potion"},{"floor":7,"key":"Explosive Potion"},{"floor":8,"key":"Fruit Juice"},{"floor":16,"key":"Swift Potion"},{"floor":20,"key":"ColorlessPotion"},{"floor":31,"key":"Ancient Potion"}],"is_trial":false,"path_per_floor":["M","M","M","$","?","E","?","M","T","E","M","E","?","?","R","B",null,"M","$","M","?","?","R","E","R","T","E","M","?","M","E","R","B"],"character_chosen":"HERMIT","items_purchased":["hermit:Magnum","TheAbacus","hermit:Deadeye","Fire Potion","Energy Potion"],"campfire_rested":1,"item_purchase_floors":[4,19,19,19,19],"current_hp_per_floor":[54,51,51,51,51,47,47,38,38,34,31,19,3,3,3,3,80,80,80,70,70,70,70,67,67,67,14,2,2,40,1,25,0,0],"gold":64,"neow_bonus":"REMOVE_TWO","is_daily":false,"chose_seed":false,"campfire_upgraded":3,"win_rate":0.0,"timestamp":1611708414,"path_taken":["M","?","M","$","?","E","?","M","T","E","M","E","?","?","R","BOSS","M","$","M","?","?","R","E","R","T","E","M","?","M","E","R","BOSS"],"items_purchased_type":["Card","Relic","Card","Potion","Potion"],"build_version":"2020-12-22","purchased_purges":0,"victory":false,"max_hp_per_floor":[75,75,75,75,75,75,75,75,75,80,80,80,80,80,80,80,80,80,80,80,80,80,80,80,80,80,80,80,80,80,80,80,80,80],"card_choices":[{"not_picked":["hermit:Maintenance","hermit:Glare"],"picked":"hermit:Manifest","floor":1},{"not_picked":["hermit:Misfire","hermit:ShadowCloak"],"picked":"hermit:Showdown","floor":2},{"not_picked":["hermit:Midnight","hermit:BodyArmor"],"picked":"hermit:ItchyTrigger","floor":3},{"not_picked":["hermit:Roulette","hermit:WideOpen"],"picked":"hermit:Adapt","floor":6},{"not_picked":["hermit:WideOpen","hermit:ItchyTrigger"],"picked":"hermit:Manifest","floor":8},{"not_picked":["hermit:Combo","hermit:FromBeyond"],"picked":"hermit:EyeOfTheStorm","floor":10},{"not_picked":["hermit:Coalescence","hermit:Roulette"],"picked":"hermit:SprayPray","floor":11},{"not_picked":["hermit:PistolWhip","hermit:Coalescence"],"picked":"hermit:GhostlyPresence","floor":12},{"not_picked":["hermit:Gambit","hermit:BlackWind"],"picked":"hermit:Roughhouse","floor":16},{"not_picked":["hermit:Headshot","hermit:Dive"],"picked":"hermit:Vantage","floor":18},{"not_picked":["hermit:Deadeye","hermit:Shortfuse"],"picked":"hermit:HighCaliber+1","floor":20},{"not_picked":["hermit:WideOpen","hermit:Ricochet"],"picked":"hermit:DeadOrAlive","floor":24},{"not_picked":["hermit:Manifest","hermit:BigShot"],"picked":"hermit:Magnum","floor":27},{"not_picked":["hermit:Roulette+1","hermit:Vantage"],"picked":"hermit:LowProfile+1","floor":28},{"not_picked":["hermit:HighCaliber","hermit:Shortfuse"],"picked":"hermit:NoHoldsBarred","floor":30},{"not_picked":["hermit:Malice","hermit:Ricochet"],"picked":"hermit:Coalescence+1","floor":31}],"player_experience":1884232,"relics_obtained":[{"floor":6,"key":"Potion Belt"},{"floor":9,"key":"War Paint"},{"floor":10,"key":"Juzu Bracelet"},{"floor":12,"key":"Toy Ornithopter"},{"floor":24,"key":"Whetstone"},{"floor":26,"key":"Lantern"},{"floor":27,"key":"Bird Faced Urn"},{"floor":31,"key":"Thread and Needle"}],"event_choices":[{"damage_healed":0,"gold_gain":0,"player_choice":"Take Wound","damage_taken":0,"relics_obtained":["Golden Idol"],"max_hp_gain":0,"max_hp_loss":0,"event_name":"Golden Idol","floor":5,"gold_loss":0,"cards_obtained":["Injury"]},{"damage_healed":0,"gold_gain":0,"player_choice":"Got Potions","damage_taken":0,"max_hp_gain":0,"max_hp_loss":0,"event_name":"Lab","floor":7,"gold_loss":0},{"damage_healed":19,"gold_gain":0,"player_choice":"Upgrade","damage_taken":16,"max_hp_gain":0,"max_hp_loss":80,"event_name":"betterThird:BetterShining","floor":13,"gold_loss":0,"cards_upgraded":["hermit:Magnum","hermit:Covet"]},{"damage_healed":0,"gold_gain":0,"player_choice":"Take","damage_taken":0,"max_hp_gain":0,"max_hp_loss":0,"event_name":"betterNote:BetterNote","floor":21,"gold_loss":0,"cards_obtained":["TheCursedMod:SpreadPlague"]},{"damage_healed":0,"gold_gain":0,"player_choice":"Ignored","damage_taken":0,"max_hp_gain":0,"max_hp_loss":0,"event_name":"Ghosts","floor":22,"gold_loss":0},{"damage_healed":0,"gold_gain":0,"player_choice":"Paid Gold","damage_taken":0,"relics_obtained":["Bag of Preparation"],"max_hp_gain":0,"max_hp_loss":0,"event_name":"WeMeetAgain","floor":29,"gold_loss":140}],"is_beta":false,"boss_relics":[{"not_picked":["Pandora\u0027s Box","hermit:BartenderGlass"],"picked":"hubris:HollowSoul"}],"items_purged_floors":[],"is_endless":false,"potions_floor_spawned":[2,3,6,8,16,20,31],"killed_by":"hubris:MusketHawk","ascension_level":0}}