{"host":"xmr2g8b7eju0288o","time":1611774097,"event":{"mods":["AchievementEnabler","BaseMod","Colored Map","Colored Powertips","KOR Keyword Fix","Minty Spire (QoL Compilation)","Quick Restart","Spicy Shops","StSLib","SuperFastMode"],"gold_per_floor":[150,210,45,45,45,45,136,136,136,227,276,276,276],"floor_reached":12,"language":"KOR","playtime":365,"items_purged":[],"score":172,"play_id":"a0a2ea04-158b-44a3-87ef-36702a3c613b","local_time":"20210128040137","daily_mods":["Heirloom","DeadlyEvents","Elite Swarm","Midas"],"is_ascension_mode":true,"campfire_choices":[{"floor":6,"key":"REST"},{"floor":8,"key":"REST"}],"circlet_count":0,"master_deck":["AscendersBane","Strike_G","Strike_G","Strike_G","Strike_G","Strike_G","Defend_G","Defend_G","Defend_G","Defend_G","Defend_G","Survivor","Neutralize","Accuracy+1","Blade Dance","Injury","Bullet Time","Quick Slash"],"relics":["Ring of the Snake","Unceasing Top","Oddly Smooth Stone","Golden Idol","Letter Opener","Paper Crane","Pantograph"],"acts_visited":["Exordium"],"potions_floor_usage":[],"damage_taken":[{"damage":13,"enemies":"Jaw Worm","floor":1,"turns":5},{"damage":12,"enemies":"Small Slimes","floor":2,"turns":4},{"damage":18,"enemies":"Lagavulin","floor":7,"turns":6},{"damage":44,"enemies":"Gremlin Nob","floor":10,"turns":6},{"damage":3,"enemies":"2 Louse","floor":11,"turns":3},{"damage":0,"enemies":"3 Sentries","floor":12,"turns":1}],"seed_played":"-1503855060941888415","potions_obtained":[{"floor":7,"key":"Energy Potion"}],"is_trial":true,"path_per_floor":["M","M","$","?","?","R","E","R","T","E","M","E"],"character_chosen":"THE_SILENT","items_purchased":["Oddly Smooth Stone"],"campfire_rested":2,"item_purchase_floors":[3],"current_hp_per_floor":[46,34,34,34,34,53,35,54,54,10,7,7,7],"gold":276,"neow_bonus":"","is_daily":false,"chose_seed":false,"campfire_upgraded":0,"win_rate":0.0,"timestamp":1611774097,"path_taken":["M","M","$","?","?","R","E","R","T","E","M","?"],"items_purchased_type":["Relic"],"build_version":"2020-12-22","purchased_purges":0,"victory":false,"max_hp_per_floor":[66,66,66,66,66,66,66,66,66,66,66,66,66],"card_choices":[{"not_picked":["Deflect","Poisoned Stab"],"picked":"Accuracy","floor":1},{"not_picked":["Reflex","Deflect"],"picked":"Blade Dance","floor":2},{"not_picked":["Wraith Form v2","Adrenaline"],"picked":"Bullet Time","floor":7},{"not_picked":["Envenom","Corpse Explosion","Venomology"],"picked":"SKIP","floor":10},{"not_picked":["Cloak And Dagger","Underhanded Strike"],"picked":"Quick Slash","floor":11}],"player_experience":88746,"relics_obtained":[{"floor":7,"key":"Letter Opener"},{"floor":9,"key":"Paper Crane"},{"floor":10,"key":"Pantograph"}],"event_choices":[{"damage_healed":0,"gold_gain":0,"player_choice":"Take Wound","damage_taken":0,"relics_obtained":["Golden Idol"],"max_hp_gain":0,"max_hp_loss":0,"event_name":"Golden Idol","floor":4,"gold_loss":0,"cards_obtained":["Injury"]},{"damage_healed":0,"gold_gain":0,"player_choice":"Grow","damage_taken":0,"max_hp_gain":0,"max_hp_loss":0,"event_name":"Living Wall","floor":5,"gold_loss":0,"cards_upgraded":["Accuracy"]}],"is_beta":false,"boss_relics":[],"items_purged_floors":[],"is_endless":true,"potions_floor_spawned":[7],"killed_by":"3 Sentries","ascension_level":20}}