{"host":"nn0usk9aafse27ii","time":1611709636,"event":{"mods":["BaseMod","Colored Map","Highlight Path","Minty Spire (QoL Compilation)","Shop Mod","StSLib"],"gold_per_floor":[114,129,144,159,9,9,39,39,39,103,145,157,184,211,223,335,397,424,436,463,490,427,439,439],"floor_reached":23,"language":"ENG","playtime":1931,"items_purged":[],"score":203,"play_id":"a6cc4e5e-1e5f-4f2b-a133-4a3b142f8735","local_time":"20210126170716","daily_mods":["Heirloom","Blue Cards","Elite Swarm"],"is_ascension_mode":false,"campfire_choices":[{"data":"Body Slam","floor":6.0,"key":"SMITH"},{"data":"1","floor":8.0,"key":"LIFT"},{"data":"Body Slam","floor":15.0,"key":"SMITH"}],"circlet_count":0,"master_deck":["Strike_R","Strike_R","Strike_R","Strike_R","Defend_R+1","Defend_R","Defend_R","Defend_R","Bash","Metallicize","Steam","Cleave","Body Slam+1","Double Tap","Body Slam+1","Creative AI+1","Go for the Eyes","Pummel","Core Surge","Entrench","Double Energy","Headbutt+1"],"relics":["Burning Blood","Girya","ClockworkSouvenir","Unceasing Top","MawBank","Centennial Puzzle","Tiny House"],"acts_visited":["Exordium","TheCity"],"potions_floor_usage":[20,23,23],"damage_taken":[{"damage":5.0,"enemies":"2 Louse","floor":1.0,"turns":4.0},{"damage":1.0,"enemies":"Cultist","floor":2.0,"turns":4.0},{"damage":0.0,"enemies":"Small Slimes","floor":3.0,"turns":3.0},{"damage":6.0,"enemies":"Red Slaver","floor":4.0,"turns":5.0},{"damage":13.0,"enemies":"3 Sentries","floor":7.0,"turns":10.0},{"damage":25.0,"enemies":"Lagavulin Event","floor":10.0,"turns":6.0},{"damage":14.0,"enemies":"Gremlin Nob","floor":11.0,"turns":4.0},{"damage":0.0,"enemies":"Large Slime","floor":13.0,"turns":5.0},{"damage":6.0,"enemies":"Lots of Slimes","floor":14.0,"turns":3.0},{"damage":4.0,"enemies":"Hexaghost","floor":16.0,"turns":11.0},{"damage":9.0,"enemies":"Shell Parasite","floor":18.0,"turns":7.0},{"damage":9,"enemies":"3 Byrds","floor":20,"turns":5},{"damage":38,"enemies":"Sentry and Sphere","floor":21,"turns":9},{"damage":67,"enemies":"Slavers","floor":23,"turns":4}],"seed_played":"-8653540479942029245","potions_obtained":[{"floor":1.0,"key":"SkillPotion"},{"floor":3.0,"key":"SneckoOil"},{"floor":10.0,"key":"Strength Potion"},{"floor":14.0,"key":"HeartOfIron"},{"floor":16.0,"key":"Swift Potion"},{"floor":17.0,"key":"Fruit Juice"},{"floor":20,"key":"AttackPotion"},{"floor":21,"key":"Regen Potion"}],"is_trial":false,"path_per_floor":["M","M","M","M","$","R","E","R","T","?","E","?","M","M","R","B",null,"M","?","M","M","?","E"],"character_chosen":"IRONCLAD","items_purchased":["ClockworkSouvenir"],"campfire_rested":0,"item_purchase_floors":[5],"current_hp_per_floor":[80,80,80,80,80,80,73,73,73,54,46,46,52,52,52,54,90,87,87,84,52,52,0,0],"gold":439,"neow_bonus":"","is_daily":true,"chose_seed":false,"campfire_upgraded":2,"win_rate":0.0,"timestamp":1611709636,"path_taken":["M","M","M","M","$","R","E","R","T","?","E","?","M","?","R","BOSS","M","?","M","M","?","E"],"items_purchased_type":["Relic"],"build_version":"2020-12-22","purchased_purges":0,"victory":false,"max_hp_per_floor":[80,80,80,80,80,80,80,80,80,80,80,80,80,80,80,80,90,90,90,90,90,90,90,90],"card_choices":[{"not_picked":["Static Discharge","Chaos"],"picked":"Metallicize","floor":1.0},{"not_picked":["Anger","Sword Boomerang"],"picked":"Steam","floor":2.0},{"not_picked":["Loop","Genetic Algorithm"],"picked":"Cleave","floor":3.0},{"not_picked":["Heavy Blade","Undo"],"picked":"Body Slam","floor":4.0},{"not_picked":["Rainbow","Corruption"],"picked":"Double Tap","floor":7.0},{"not_picked":["BootSequence","Flame Barrier"],"picked":"Body Slam","floor":10.0},{"not_picked":["Machine Learning","Brutality"],"picked":"Creative AI","floor":11.0},{"not_picked":["Anger","Streamline"],"picked":"Go for the Eyes","floor":13.0},{"not_picked":["Blizzard","Clothesline"],"picked":"Pummel","floor":14.0},{"not_picked":["Fission","Brutality"],"picked":"Core Surge","floor":16.0},{"not_picked":["Rebound","Defragment"],"picked":"Entrench","floor":17.0},{"not_picked":["Streamline+1","Compile Driver"],"picked":"Double Energy","floor":18.0},{"not_picked":["Heavy Blade+1","Spot Weakness","Sever Soul"],"picked":"SKIP","floor":20},{"not_picked":["Clash","Gash+1"],"picked":"Headbutt+1","floor":21}],"player_experience":415441,"relics_obtained":[{"floor":7.0,"key":"Unceasing Top"},{"floor":9.0,"key":"MawBank"},{"floor":10.0,"key":"Centennial Puzzle"}],"event_choices":[{"damage_healed":0.0,"max_hp_gain":0.0,"max_hp_loss":0.0,"gold_gain":0.0,"event_name":"Dead Adventurer","player_choice":"Searched \u00271\u0027 times","floor":10.0,"gold_loss":0.0,"damage_taken":0.0},{"damage_healed":0.0,"max_hp_gain":0.0,"max_hp_loss":0.0,"gold_gain":0.0,"event_name":"Upgrade Shrine","player_choice":"Upgraded","floor":12.0,"gold_loss":0.0,"damage_taken":0.0,"cards_upgraded":["Creative AI"]},{"damage_healed":0,"gold_gain":0,"player_choice":"Ignored","damage_taken":0,"max_hp_gain":0,"max_hp_loss":0,"event_name":"The Mausoleum","floor":19,"gold_loss":0},{"cards_removed":["Strike_R"],"damage_healed":0,"gold_gain":0,"player_choice":"Gave Gold","damage_taken":0,"max_hp_gain":0,"max_hp_loss":0,"event_name":"Beggar","floor":22,"gold_loss":75}],"is_beta":false,"boss_relics":[{"not_picked":["Velvet Choker","Snecko Eye"],"picked":"Tiny House"}],"items_purged_floors":[],"is_endless":false,"potions_floor_spawned":[1,3,10,14,16,20,21],"killed_by":"Slavers","ascension_level":0}}