{"host":"h1qktzcccqnez8tx","time":1611788605,"event":{"mods":["AchievementEnabler","BaseMod","Bestiary","Better Note","Block Reminder","Colored Map","Colored Powertips","Curses Come First","Highlight Path","Minty Spire (QoL Compilation)","Permanent Neow","Quick Restart","Relic Stats","StSLib","UnlockEverythingMod"],"gold_per_floor":[111,131,131,56,75,102,102,129,129,145,145,245,255,3,3,105,105,120,120,140,160,13,13,13],"floor_reached":23,"language":"ENG","playtime":1077,"items_purged":["Entrench"],"score":376,"play_id":"90a19dae-232f-43fd-8343-6cbf98fae336","local_time":"20210128000325","daily_mods":["Draft"],"is_ascension_mode":true,"campfire_choices":[{"data":"Whirlwind","floor":7,"key":"SMITH"},{"data":"Uppercut","floor":15,"key":"SMITH"}],"circlet_count":0,"master_deck":["Shrug It Off","Uppercut+1","Clothesline","True Grit","Feel No Pain","Reckless Charge","True Grit","Battle Trance","Whirlwind+1","Iron Wave+1","Pommel Strike","Inflame","Spot Weakness","Spot Weakness","Bloodletting","Ghostly Armor","Sword Boomerang","Limit Break","Rupture+1","Combust+1","Flex+1","Warcry+1","Recycle","Shockwave","Flame Barrier","Fiend Fire","Disarm","Spot Weakness+1","Disarm"],"relics":["Burning Blood","Whetstone","Mango","Shuriken","Bag of Marbles","Paper Frog","Astrolabe","Orrery"],"acts_visited":["Exordium","TheCity"],"potions_floor_usage":[6,8],"damage_taken":[{"damage":0,"enemies":"2 Louse","floor":1,"turns":1},{"damage":1,"enemies":"Cultist","floor":2,"turns":3},{"damage":2,"enemies":"Small Slimes","floor":5,"turns":3},{"damage":20,"enemies":"Lagavulin","floor":6,"turns":6},{"damage":16,"enemies":"3 Sentries","floor":8,"turns":5},{"damage":13,"enemies":"Exordium Thugs","floor":10,"turns":5},{"damage":0,"enemies":"Blue Slaver","floor":13,"turns":2},{"damage":36,"enemies":"The Guardian","floor":16,"turns":9},{"damage":10,"enemies":"Chosen","floor":18,"turns":6},{"damage":4,"enemies":"Spheric Guardian","floor":20,"turns":3},{"damage":13,"enemies":"Centurion and Healer","floor":21,"turns":4},{"damage":72,"enemies":"Gremlin Leader","floor":23,"turns":5}],"seed_played":"-4275945076015006477","potions_obtained":[{"floor":2,"key":"DuplicationPotion"},{"floor":5,"key":"ElixirPotion"},{"floor":10,"key":"Fire Potion"},{"floor":13,"key":"ElixirPotion"},{"floor":18,"key":"EntropicBrew"},{"floor":21,"key":"SteroidPotion"}],"is_trial":true,"path_per_floor":["M","M","?","$","M","E","R","E","T","M","T","?","M","$","R","B",null,"M","?","M","M","$","E"],"character_chosen":"IRONCLAD","items_purchased":["Paper Frog","Orrery"],"campfire_rested":0,"item_purchase_floors":[14,22],"current_hp_per_floor":[80,80,80,80,80,66,66,70,70,63,63,63,69,69,69,39,80,76,76,78,71,71,0,0],"gold":13,"neow_bonus":"","is_daily":false,"chose_seed":false,"campfire_upgraded":2,"win_rate":0.0,"timestamp":1611788605,"path_taken":["M","M","?","$","M","E","R","E","T","?","?","?","?","?","R","BOSS","M","?","M","M","$","E"],"items_purchased_type":["Relic","Relic"],"build_version":"2020-12-22","purchased_purges":1,"victory":false,"max_hp_per_floor":[80,80,80,80,80,80,80,94,94,94,94,94,94,94,94,94,94,94,94,94,94,94,94,94],"relic_stats":{"counters":[12,52],"Shuriken":[1],"Astrolabe":["Rupture","Combust","Flex"],"Whetstone":["Body Slam","Iron Wave"],"obtain_stats":[{"Shuriken":9,"Astrolabe":17,"Orrery":22,"Mango":8,"Bag of Marbles":11,"Whetstone":6,"Burning Blood":0,"Paper Frog":14},{"Shuriken":5,"Astrolabe":8,"Orrery":11,"Mango":5,"Bag of Marbles":6,"Whetstone":4,"Burning Blood":0,"Paper Frog":7},{"Shuriken":18,"Astrolabe":34,"Orrery":47,"Mango":18,"Bag of Marbles":23,"Whetstone":13,"Burning Blood":0,"Paper Frog":25}],"Burning Blood":51},"card_choices":[{"not_picked":["Clash","Entrench"],"picked":"Shrug It Off","floor":0},{"not_picked":["Twin Strike","Armaments"],"picked":"Entrench","floor":0},{"not_picked":["Clash","Twin Strike"],"picked":"Uppercut","floor":0},{"not_picked":["Anger","Sentinel"],"picked":"Body Slam","floor":0},{"not_picked":["Seeing Red","Sword Boomerang"],"picked":"Warcry","floor":0},{"not_picked":["Heavy Blade","Havoc"],"picked":"Clothesline","floor":0},{"not_picked":["Sentinel","Flex"],"picked":"True Grit","floor":0},{"not_picked":["Perfected Strike","Iron Wave"],"picked":"Feel No Pain","floor":0},{"not_picked":["Clash","Heavy Blade"],"picked":"Reckless Charge","floor":0},{"not_picked":["Sever Soul","Spot Weakness"],"picked":"True Grit","floor":0},{"not_picked":["Blood for Blood","Clothesline"],"picked":"Battle Trance","floor":0},{"not_picked":["Headbutt","Intimidate"],"picked":"Whirlwind","floor":0},{"not_picked":["Anger","Armaments"],"picked":"Iron Wave","floor":0},{"not_picked":["Dropkick","Armaments"],"picked":"Pommel Strike","floor":0},{"not_picked":["Pummel","Dark Embrace"],"picked":"Havoc","floor":0},{"not_picked":["Shrug It Off","Heavy Blade"],"picked":"Inflame","floor":1},{"not_picked":["Perfected Strike","Blood for Blood"],"picked":"Spot Weakness","floor":2},{"not_picked":["Clothesline","Armaments"],"picked":"Spot Weakness","floor":5},{"not_picked":["Body Slam","Intimidate"],"picked":"Bloodletting","floor":6},{"not_picked":["Wild Strike","Pommel Strike"],"picked":"Ghostly Armor","floor":8},{"not_picked":["Hemokinesis","Dropkick","Rage"],"picked":"SKIP","floor":10},{"not_picked":["Wild Strike","Cleave"],"picked":"Sword Boomerang","floor":13},{"not_picked":["Corruption","Berserk"],"picked":"Limit Break","floor":16},{"not_picked":["Sword Boomerang","Iron Wave"],"picked":"Warcry+1","floor":18},{"not_picked":["Body Slam","Power Through+1"],"picked":"Shockwave","floor":20},{"not_picked":["Warcry","Clash","Headbutt"],"picked":"SKIP","floor":21},{"not_picked":["Anger+1","Infernal Blade+1"],"picked":"Flame Barrier","floor":22},{"not_picked":["Sword Boomerang","Headbutt"],"picked":"Fiend Fire","floor":22},{"not_picked":["Pommel Strike","Anger+1"],"picked":"Disarm","floor":22},{"not_picked":["Wild Strike","Intimidate"],"picked":"Spot Weakness+1","floor":22},{"not_picked":["Shrug It Off","Wild Strike"],"picked":"Disarm","floor":22}],"player_experience":193457,"relics_obtained":[{"floor":6,"key":"Whetstone"},{"floor":8,"key":"Mango"},{"floor":9,"key":"Shuriken"},{"floor":11,"key":"Bag of Marbles"}],"event_choices":[{"damage_healed":0,"gold_gain":0,"player_choice":"0 cards matched","damage_taken":0,"max_hp_gain":0,"max_hp_loss":0,"event_name":"Match and Keep!","floor":3,"gold_loss":0,"cards_obtained":[]},{"damage_healed":0,"gold_gain":100,"player_choice":"Pray","damage_taken":0,"max_hp_gain":0,"max_hp_loss":0,"event_name":"Golden Shrine","floor":12,"gold_loss":0},{"cards_removed":["Whirlwind"],"damage_healed":0,"gold_gain":0,"player_choice":"Take \u0026 Give","damage_taken":0,"max_hp_gain":0,"max_hp_loss":0,"event_name":"betterNote:BetterNote","floor":19,"gold_loss":0,"cards_obtained":["Recycle"]}],"is_beta":false,"boss_relics":[{"not_picked":["Empty Cage","Tiny House"],"picked":"Astrolabe"}],"items_purged_floors":[4],"is_endless":true,"potions_floor_spawned":[2,5,10,13,18,21],"killed_by":"Gremlin Leader","ascension_level":5}}