{"host":"36mulxq349byzoa2","time":1611784683,"event":{"mods":["AchievementEnabler","BaseMod","Block Reminder","Colored Map","Colored Powertips","Minty Spire (QoL Compilation)","Rare Cards Sparkle","StSLib","SuperFastMode"],"gold_per_floor":[117,117,117,117,130,155,171,171,196,214,170,188,188,236,236,236,236],"floor_reached":16,"language":"ENG","playtime":438,"items_purged":[],"score":190,"play_id":"4df33318-a7b0-4ec2-a130-40d4d9b489cf","local_time":"20210127165803","is_ascension_mode":true,"campfire_choices":[{"data":"Stack","floor":15,"key":"SMITH"}],"circlet_count":0,"master_deck":["AscendersBane","Strike_B","Strike_B","Strike_B","Defend_B","Defend_B","Defend_B","Defend_B","Zap","Dualcast","Cold Snap","Coolheaded","Gash","Static Discharge","Fusion","Stack+1","Core Surge"],"relics":["Coffee Dripper","Juzu Bracelet","Toy Ornithopter","Strawberry"],"acts_visited":["Exordium"],"potions_floor_usage":[5,10,12],"damage_taken":[{"damage":11,"enemies":"Small Slimes","floor":1,"turns":4},{"damage":1,"enemies":"Cultist","floor":5,"turns":4},{"damage":60,"enemies":"Gremlin Nob","floor":6,"turns":6},{"damage":2,"enemies":"2 Louse","floor":7,"turns":3},{"damage":2,"enemies":"Blue Slaver","floor":10,"turns":5},{"damage":6,"enemies":"2 Fungi Beasts","floor":12,"turns":4},{"damage":13,"enemies":"Hexaghost","floor":16,"turns":7}],"seed_played":"-1703386220096450112","potions_obtained":[{"floor":1,"key":"Regen Potion"},{"floor":6,"key":"Weak Potion"},{"floor":7,"key":"PowerPotion"}],"is_trial":false,"path_per_floor":["M","?","?","?","M","E","M","?","T","M","?","M","?","T","R","B"],"character_chosen":"DEFECT","items_purchased":[],"campfire_rested":0,"item_purchase_floors":[],"current_hp_per_floor":[53,53,58,58,66,6,4,4,4,7,7,6,6,13,13,0,0],"gold":236,"neow_bonus":"BOSS_RELIC","is_daily":false,"chose_seed":false,"campfire_upgraded":1,"win_rate":0.0,"timestamp":1611784683,"path_taken":["M","?","?","?","M","E","M","?","T","M","?","M","?","?","R","BOSS"],"items_purchased_type":[],"build_version":"2020-12-22","purchased_purges":0,"victory":false,"max_hp_per_floor":[71,71,76,76,76,76,76,76,76,76,76,76,76,83,83,83,83],"card_choices":[{"not_picked":["Rip and Tear","Steam Power"],"picked":"Cold Snap","floor":1},{"not_picked":["Ball Lightning","Steam"],"picked":"Coolheaded","floor":5},{"not_picked":["Streamline","Hologram"],"picked":"Gash","floor":6},{"not_picked":["Rebound","Heatsinks"],"picked":"Static Discharge","floor":7},{"not_picked":["Streamline","Rip and Tear"],"picked":"Stack","floor":10},{"not_picked":["Cold Snap","Steam"],"picked":"Core Surge","floor":12}],"player_experience":1039703,"relics_obtained":[{"floor":6,"key":"Juzu Bracelet"},{"floor":9,"key":"Toy Ornithopter"},{"floor":14,"key":"Strawberry"}],"event_choices":[{"damage_healed":0,"gold_gain":0,"player_choice":"Ignored","damage_taken":0,"max_hp_gain":0,"max_hp_loss":0,"event_name":"Liars Game","floor":2,"gold_loss":0},{"damage_healed":0,"gold_gain":0,"player_choice":"Donut","damage_taken":0,"max_hp_gain":5,"max_hp_loss":0,"event_name":"Big Fish","floor":3,"gold_loss":0},{"damage_healed":0,"gold_gain":0,"player_choice":"Fled","damage_taken":0,"max_hp_gain":0,"max_hp_loss":0,"event_name":"Scrap Ooze","floor":4,"gold_loss":0},{"damage_healed":0,"gold_gain":0,"cards_transformed":["Strike_B"],"player_choice":"Transformed","damage_taken":0,"max_hp_gain":0,"max_hp_loss":0,"event_name":"Transmorgrifier","floor":8,"gold_loss":0,"cards_obtained":["Fusion"]},{"damage_healed":0,"gold_gain":0,"player_choice":"Left Gold","damage_taken":0,"max_hp_gain":0,"max_hp_loss":0,"event_name":"World of Goop","floor":11,"gold_loss":44},{"damage_healed":0,"gold_gain":0,"player_choice":"Searched \u00270\u0027 times","damage_taken":0,"max_hp_gain":0,"max_hp_loss":0,"event_name":"Dead Adventurer","floor":13,"gold_loss":0}],"is_beta":false,"boss_relics":[],"items_purged_floors":[],"is_endless":false,"potions_floor_spawned":[1,6,7],"killed_by":"Hexaghost","ascension_level":18}}