{"host":"y087t2reloz9bi43","time":1611773726,"event":{"mods":["2.2 Compatiblity","AchievementEnabler","Aspiration","BaseMod","Beaked The Cultist","Bestiary","Better Note","Better Vampires","BetterRewards","ChefMod","Clockwork Mod","Colored Map","Colored Powertips","Conspire","Downfall","Ekko","Fireblade Mod","Friendly Minions","GifTheSpireLib","Gold Saver","Gremlin Mod","Halation","Hermit","Hubris","Infinite Spire","Jedi Mod","JesterMod","Jorbs\u0027s Wanderer Trilogy","Mad Scientist","Marisa????????","Mimic Mod","Minty Spire (QoL Compilation)","Permanent Neow","Potionbrewer","Rare Cards Sparkle","Relic Stats","Robot Space Explorer","Shade Mod","Shop Mod","StSLib","The Alterego","The Blackbeard","The Bug Knight","The Construct","The Cursed","The Disciple","The Elementalist","The Exalted","The Hierophant","The Jungle","The Marked","The Mystic","The Necromancer","The Runesmith","The Senshi","The Servant 0.9.4","TheBandit","TheFirefly","TheHero","TheVacant","Transform Curses","Uncapped","everything is the same but u backflip on backflip","thorton"],"gold_per_floor":[538,131,131,145,220,220,220,220,220],"floor_reached":7,"language":"ENG","playtime":1047,"items_purged":["wariomod:Strike"],"score":39,"play_id":"a7542c6b-aa39-4739-9250-d0ba5d9bae3c","local_time":"20210127185526","is_ascension_mode":false,"campfire_choices":[{"data":"wariomod:BigUpgrade","floor":6,"key":"SMITH"}],"circlet_count":0,"master_deck":["wariomod:Strike","wariomod:Strike","wariomod:Strike","wariomod:Defend","wariomod:Defend","wariomod:Defend","wariomod:Defend","wariomod:Step","wariomod:Leap","wariomod:BlastDash","wariomod:Boomsmack","wariomod:EnergizedBombs","wariomod:BigUpgrade+1","wariomod:BodyBlock"],"relics":["wariomod:TheHat","Anchor","hubris:Towel"],"acts_visited":["Exordium"],"potions_floor_usage":[7],"damage_taken":[{"damage":1,"enemies":"2 Louse","floor":1,"turns":3},{"damage":10,"enemies":"Small Slimes","floor":4,"turns":5},{"damage":58,"enemies":"3 Sentries","floor":7,"turns":8}],"seed_played":"-6530035141088157266","potions_obtained":[{"floor":4,"key":"Explosive Potion"}],"is_trial":false,"path_per_floor":["M","$","?","M","?","R","E"],"character_chosen":"THE_BANDIT","items_purchased":["wariomod:EnergizedBombs","wariomod:BigUpgrade","Anchor"],"campfire_rested":0,"item_purchase_floors":[2,2,2],"current_hp_per_floor":[79,79,79,69,58,58,0,0,0],"gold":220,"neow_bonus":"THREE_CARDS","is_daily":false,"chose_seed":false,"campfire_upgraded":1,"win_rate":0.0,"timestamp":1611773726,"path_taken":["M","$","?","M","?","R","E"],"items_purchased_type":["Card","Card","Relic"],"build_version":"2020-12-22","purchased_purges":1,"victory":false,"max_hp_per_floor":[80,80,80,80,80,80,80,80,80],"relic_stats":{"counters":[3,16],"obtain_stats":[{"Anchor":2,"wariomod:TheHat":0,"hubris:Towel":3},{"Anchor":1,"wariomod:TheHat":0,"hubris:Towel":1},{"Anchor":3,"wariomod:TheHat":0,"hubris:Towel":3}]},"card_choices":[{"not_picked":["wariomod:BodyBlock","wariomod:SpikeSlash"],"picked":"wariomod:BlastDash","floor":0},{"not_picked":["wariomod:DoubleDip","wariomod:CursedSpaces"],"picked":"wariomod:Boomsmack","floor":1},{"not_picked":["wariomod:NullJump","wariomod:BigUpgrade"],"picked":"wariomod:BodyBlock","floor":4}],"player_experience":447455,"relics_obtained":[],"event_choices":[{"damage_healed":0,"gold_gain":75,"player_choice":"Gather Gold","damage_taken":11,"max_hp_gain":0,"max_hp_loss":0,"event_name":"World of Goop","floor":5,"gold_loss":0}],"is_beta":false,"boss_relics":[],"items_purged_floors":[2],"is_endless":false,"potions_floor_spawned":[4],"killed_by":"3 Sentries","ascension_level":0}}