{"host":"l0i0y1oyvm6rmxxu","time":1611735319,"event":{"mods":["BaseMod","Minty Spire (QoL Compilation)","Quick Restart","Replay The Spire","StSLib"],"gold_per_floor":[118,118,132,132,146,179,179,179,232,247,146,176,209,246,246,341,341,374,404,442,455,494,543,543,543,543,543,582,596,16,64,64,168,168,202,202,235,273,310,359,392,392,392,430,458,496,587,637,637,657],"floor_reached":51,"language":"ZHS","playtime":3471,"items_purged":["Defend_P","Strike_P"],"score":1007,"play_id":"f64383cb-fb96-4914-ac70-4615966ed6c6","local_time":"20210127161519","is_ascension_mode":false,"campfire_choices":[{"data":"Eruption","floor":8.0,"key":"SMITH"},{"data":"Strike_P","floor":15.0,"key":"PURGE"},{"data":"Defend_P","floor":25.0,"key":"PURGE"},{"data":"Replay:Vibes","floor":27.0,"key":"PURGE"},{"data":"SignatureMove","floor":32.0,"key":"PURGE"},{"data":"Consecrate","floor":42.0,"key":"PURGE"},{"data":"Strike_P","floor":49.0,"key":"PURGE"}],"circlet_count":0,"master_deck":["Strike_P+1","Eruption+1","Vigilance","TalkToTheHand","Adaptation+1","InnerPeace","HandOfGreed","BowlingBash","FollowUp","Replay:AllIn","ClearTheMind+1","Adaptation+1","Vault","Fasting2","Crescendo","WheelKick+1","MentalFortress"],"relics":["Runic Dome","Peace Pipe","Replay:Kaleidoscope","ReplayFunnel","BargainBundle","Blue Doll","Ice Cream","Painkiller Herb","Replay:Ringing Soul","StoneCalendar","Kunai","Happy Flower","Replay:Mystery Machine","Philosopher\u0027s Stone","Prayer Wheel","Simple Rune","Mummified Hand","Replay:Arrowhead","CaptainsWheel"],"acts_visited":["TheCity","TheBeyond"],"potions_floor_usage":[50,50,50],"damage_taken":[{"damage":3.0,"enemies":"2 Louse","floor":1.0,"turns":2.0},{"damage":4.0,"enemies":"Small Slimes","floor":3.0,"turns":3.0},{"damage":6.0,"enemies":"Jaw Worm","floor":5.0,"turns":2.0},{"damage":0.0,"enemies":"Gremlin Nob","floor":6.0,"turns":2.0},{"damage":5.0,"enemies":"Lots of Slimes","floor":10.0,"turns":4.0},{"damage":10.0,"enemies":"Blue Slaver","floor":12.0,"turns":4.0},{"damage":0.0,"enemies":"Large Slime","floor":13.0,"turns":2.0},{"damage":4.0,"enemies":"3 Louse","floor":14.0,"turns":2.0},{"damage":0.0,"enemies":"Slime Boss","floor":16.0,"turns":3.0},{"damage":0.0,"enemies":"Spheric Guardian","floor":18.0,"turns":1.0},{"damage":2.0,"enemies":"Shell Parasite","floor":19.0,"turns":2.0},{"damage":0.0,"enemies":"Centurion and Healer","floor":20.0,"turns":2.0},{"damage":0.0,"enemies":"Snake Plant","floor":21.0,"turns":1.0},{"damage":0.0,"enemies":"Sentry and Sphere","floor":22.0,"turns":1.0},{"damage":0.0,"enemies":"Gremlin Leader","floor":23.0,"turns":3.0},{"damage":0.0,"enemies":"Centurion and Healer","floor":28.0,"turns":1.0},{"damage":0.0,"enemies":"Snecko","floor":29.0,"turns":2.0},{"damage":0.0,"enemies":"Book of Stabbing","floor":31.0,"turns":3.0},{"damage":0.0,"enemies":"Pondfish","floor":33.0,"turns":3.0},{"damage":0.0,"enemies":"Orb Walker","floor":35.0,"turns":2.0},{"damage":0.0,"enemies":"3 Shapes","floor":37.0,"turns":3.0},{"damage":0.0,"enemies":"Writhing Mass","floor":39.0,"turns":2.0},{"damage":0.0,"enemies":"Nemesis","floor":40.0,"turns":2.0},{"damage":0.0,"enemies":"4 Shapes","floor":41.0,"turns":5.0},{"damage":0.0,"enemies":"3 Darklings","floor":44.0,"turns":1.0},{"damage":2.0,"enemies":"R_Hoarder","floor":45.0,"turns":8.0},{"damage":0.0,"enemies":"Jaw Worm Horde","floor":46.0,"turns":2.0},{"damage":0.0,"enemies":"2 Orb Walkers","floor":47.0,"turns":3.0},{"damage":0.0,"enemies":"Sphere and 2 Shapes","floor":48.0,"turns":3.0},{"damage":0,"enemies":"Replay:Hell Engine","floor":50,"turns":2}],"seed_played":"-395765645384763146","potions_obtained":[{"floor":3.0,"key":"Cursed Concoction"},{"floor":5.0,"key":"Elixir"},{"floor":6.0,"key":"BottledMiracle"},{"floor":18.0,"key":"PowerPotion"},{"floor":20.0,"key":"SkillPotion"},{"floor":29.0,"key":"GamblersBrew"},{"floor":31.0,"key":"Toxic Potion"},{"floor":41.0,"key":"Dexterity Potion"},{"floor":46.0,"key":"BottledMiracle"},{"floor":47.0,"key":"Fire Potion"},{"floor":48.0,"key":"FearPotion"}],"is_trial":false,"path_per_floor":["M","?","M","?","M","E","T","R","T","M","$","M","M","M","R","B",null,"?","?","?","?","?","E","?","T","T","T","?","?","T","E","T","B",null,"?","?","?","?","?","E","?","T","T","?","E","?","?","?","T","B",null],"character_chosen":"WATCHER","items_purchased":["BargainBundle","Adaptation+1","Blue Doll","InnerPeace","Ice Cream","HandOfGreed","Kunai","Fasting2","Happy Flower"],"campfire_rested":0,"item_purchase_floors":[11,11,11,11,11,11,30,30,30],"current_hp_per_floor":[69,69,65,65,59,59,59,59,59,54,54,44,44,40,40,40,72,72,70,70,70,70,70,73,73,73,73,73,76,79,79,79,79,81,84,84,84,84,87,87,87,87,87,90,88,88,88,88,88,88],"gold":657,"neow_bonus":"BOSS_RELIC","is_daily":false,"chose_seed":false,"campfire_upgraded":1,"win_rate":0.0,"timestamp":1611735319,"path_taken":["M","?","M","?","M","E","?","R","T","M","$","M","M","M","R","BOSS","?","?","?","?","?","E","?","T","T","T","?","?","T","E","T","BOSS","BOSS","?","?","?","?","?","E","?","T","T","?","E","?","?","?","T","BOSS"],"items_purchased_type":["Relic","Card","Relic","Card","Relic","Card","Relic","Card","Relic"],"build_version":"2020-12-22","purchased_purges":2,"victory":true,"max_hp_per_floor":[72,72,72,72,72,72,72,72,72,72,72,72,72,72,72,72,72,72,72,72,72,72,72,75,75,75,75,75,78,81,81,81,81,81,84,84,84,84,87,87,87,87,87,90,90,90,90,90,90,90],"card_choices":[{"not_picked":["SashWhip","Replay:ManipulateFuture","PathToVictory"],"picked":"SKIP","floor":1.0},{"not_picked":["JustLucky","Worship"],"picked":"SignatureMove","floor":3.0},{"not_picked":["CutThroughFate","CrushJoints"],"picked":"Replay:Battleflow","floor":5.0},{"not_picked":["ReachHeaven","CarveReality","WheelKick"],"picked":"SKIP","floor":6.0},{"not_picked":["ReachHeaven","PathToVictory"],"picked":"TalkToTheHand","floor":10.0},{"not_picked":["CutThroughFate","Halt"],"picked":"BowlingBash","floor":12.0},{"not_picked":["MasterReality","Replay:BluntJabs"],"picked":"FollowUp","floor":13.0},{"not_picked":["CutThroughFate","Replay:ManipulateFuture","Weave"],"picked":"SKIP","floor":14.0},{"not_picked":["MasterReality","SpiritShield"],"picked":"Replay:AllIn","floor":16.0},{"not_picked":["BowlingBash","Consecrate+1"],"picked":"ClearTheMind+1","floor":18.0},{"not_picked":["Vengeance","Worship+1","SashWhip"],"picked":"SKIP","floor":19.0},{"not_picked":["Vengeance","SignatureMove","CrushJoints"],"picked":"SKIP","floor":20.0},{"not_picked":["MasterReality","Halt+1","SignatureMove+1"],"picked":"SKIP","floor":21.0},{"not_picked":["Indignation","EmptyBody"],"picked":"Adaptation+1","floor":22.0},{"not_picked":["Replay:Vibes+1","Worship+1","Replay:BluntJabs"],"picked":"SKIP","floor":23.0},{"not_picked":["Replay:Vibes+1","Worship+1","Replay:BluntJabs"],"picked":"SKIP","floor":23.0},{"not_picked":["ClearTheMind+1","SandsOfTime","Halt+1"],"picked":"SKIP","floor":28.0},{"not_picked":["Replay:Vibes","Nirvana"],"picked":"Vault","floor":29.0},{"not_picked":["FlyingSleeves","Evaluate+1","Prostrate"],"picked":"SKIP","floor":31.0},{"not_picked":["FollowUp+1","ClearTheMind+1"],"picked":"Crescendo","floor":35.0},{"not_picked":["FlyingSleeves","SashWhip","Prostrate"],"picked":"SKIP","floor":37.0},{"not_picked":["Protect+1","Replay:AtTheReady"],"picked":"WheelKick+1","floor":39.0},{"not_picked":["EmptyMind+1","Replay:Hum","Crescendo+1"],"picked":"SKIP","floor":39.0},{"not_picked":["EmptyMind+1","Replay:Hum","Crescendo+1"],"picked":"SKIP","floor":39.0},{"not_picked":["Study","LikeWater","Swivel"],"picked":"SKIP","floor":40.0},{"not_picked":["Indignation","JustLucky+1","WreathOfFlame+1"],"picked":"SKIP","floor":41.0},{"not_picked":["ForeignInfluence+1","Evaluate","Brilliance"],"picked":"SKIP","floor":41.0},{"not_picked":["Prostrate","CutThroughFate+1"],"picked":"MentalFortress","floor":44.0},{"not_picked":["Consecrate+1","Crescendo","WheelKick"],"picked":"SKIP","floor":44.0},{"not_picked":["InnerPeace","Replay:Battleflow+1","FearNoEvil"],"picked":"SKIP","floor":45.0},{"not_picked":["Replay:Anticipation","Adaptation+1","Replay:AtTheReady+1"],"picked":"SKIP","floor":46.0},{"not_picked":["Crescendo","FlurryOfBlows","SpiritShield"],"picked":"SKIP","floor":46.0},{"not_picked":["PathToVictory","CarveReality+1","Replay:BluntJabs+1"],"picked":"SKIP","floor":48.0},{"not_picked":["Meditate","CutThroughFate","Prostrate"],"picked":"SKIP","floor":48.0}],"player_experience":515141,"relics_obtained":[{"floor":6.0,"key":"Peace Pipe"},{"floor":7.0,"key":"Replay:Kaleidoscope"},{"floor":9.0,"key":"ReplayFunnel"},{"floor":23.0,"key":"Replay:Ringing Soul"},{"floor":26.0,"key":"StoneCalendar"},{"floor":31.0,"key":"Replay:Mystery Machine"},{"floor":38.0,"key":"Prayer Wheel"},{"floor":40.0,"key":"Simple Rune"},{"floor":43.0,"key":"Mummified Hand"},{"floor":45.0,"key":"Replay:Arrowhead"},{"floor":47.0,"key":"CaptainsWheel"}],"event_choices":[{"damage_healed":0.0,"max_hp_gain":0.0,"max_hp_loss":0.0,"gold_gain":0.0,"cards_transformed":["Defend_P","Replay:Battleflow"],"event_name":"Drug Dealer","player_choice":"Became Test Subject","floor":24.0,"gold_loss":0.0,"damage_taken":0.0,"cards_obtained":["Consecrate","Replay:Vibes"]},{"damage_healed":0.0,"max_hp_gain":0.0,"max_hp_loss":0.0,"gold_gain":0.0,"event_name":"Tomb of Lord Red Mask","player_choice":"Ignored","floor":36.0,"gold_loss":0.0,"damage_taken":0.0},{"damage_healed":0.0,"max_hp_gain":0.0,"max_hp_loss":0.0,"gold_gain":0.0,"event_name":"Mysterious Sphere","player_choice":"Fight","floor":47.0,"gold_loss":0.0,"damage_taken":0.0}],"is_beta":false,"boss_relics":[{"not_picked":["Sozu","ChewingGum"],"picked":"Painkiller Herb"},{"not_picked":["SlaversCollar","Abe\u0027s Treasure"],"picked":"Philosopher\u0027s Stone"}],"items_purged_floors":[11,30],"is_endless":false,"potions_floor_spawned":[3,5,6,13,18,20,29,31,37,39,41,46,47,48],"ascension_level":0}}