{"host":"w8jq41i5zn1fudf9","time":1611784483,"event":{"mods":["AchievementEnabler","BaseMod","Colored Map","Colored Powertips","Curses Come First","GifTheSpireLib","Googly Eyes","Minty Spire (QoL Compilation)","Quick Restart","Rare Cards Sparkle","Relic Stats","StSLib","The Awakened One except there are too many feathers","egg","everything is the same but u backflip on backflip","slay the spire mod where everything is the same but ironclad has a cowboy hat"],"gold_per_floor":[109,109,284,284,305,305,338,338,338,338,361,376,376,68,68,68,68],"floor_reached":16,"language":"ENG","playtime":358,"items_purged":["Regret"],"score":129,"play_id":"d60d8d68-54f1-4c20-a5a0-0c1a53dd8b96","local_time":"20210127145443","is_ascension_mode":true,"campfire_choices":[{"data":"Defragment","floor":6,"key":"SMITH"},{"data":"Zap","floor":8,"key":"SMITH"},{"floor":13,"key":"REST"},{"floor":15,"key":"REST"}],"circlet_count":0,"master_deck":["Strike_B","Strike_B","Strike_B","Strike_B","Defend_B","Defend_B","Defend_B","Defend_B","Zap+1","Dualcast","Doubt","Defragment+1","Leap","Core Surge","Fission"],"relics":["Cracked Core","NeowsBlessing","Golden Idol","Omamori","Unceasing Top","Pantograph","Strawberry"],"acts_visited":["Exordium"],"potions_floor_usage":[16],"damage_taken":[{"damage":0,"enemies":"2 Louse","floor":1,"turns":1},{"damage":0,"enemies":"Jaw Worm","floor":5,"turns":1},{"damage":0,"enemies":"Gremlin Nob","floor":7,"turns":1},{"damage":0,"enemies":"Small Slimes","floor":11,"turns":3},{"damage":29,"enemies":"Exordium Wildlife","floor":12,"turns":4},{"damage":86,"enemies":"The Guardian","floor":16,"turns":16}],"seed_played":"1204505675555987640","potions_obtained":[{"floor":7,"key":"Strength Potion"},{"floor":12,"key":"ColorlessPotion"}],"is_trial":false,"path_per_floor":["M","?","?","?","M","R","E","R","T","?","M","M","R","$","R","B"],"character_chosen":"DEFECT","items_purchased":["Core Surge","Fission"],"campfire_rested":2,"item_purchase_floors":[14,14],"current_hp_per_floor":[75,57,57,57,57,57,57,57,57,46,46,17,41,41,65,0,0],"gold":68,"neow_bonus":"THREE_ENEMY_KILL","is_daily":false,"chose_seed":false,"campfire_upgraded":2,"win_rate":0.0,"timestamp":1611784483,"path_taken":["M","?","?","?","M","R","E","R","T","?","M","?","R","$","R","BOSS"],"items_purchased_type":["Card","Card"],"build_version":"2020-12-22","purchased_purges":1,"victory":false,"max_hp_per_floor":[75,75,75,75,75,75,75,75,75,82,82,82,82,82,82,82,82],"relic_stats":{"counters":[6,26],"Golden Idol":19,"Pantograph":17,"obtain_stats":[{"NeowsBlessing":0,"Golden Idol":2,"Pantograph":9,"Strawberry":10,"Omamori":4,"Cracked Core":0,"Unceasing Top":7},{"NeowsBlessing":0,"Golden Idol":1,"Pantograph":3,"Strawberry":3,"Omamori":1,"Cracked Core":0,"Unceasing Top":3},{"NeowsBlessing":0,"Golden Idol":1,"Pantograph":3,"Strawberry":3,"Omamori":1,"Cracked Core":0,"Unceasing Top":3}],"Unceasing Top":[0]},"card_choices":[{"not_picked":["Stack","Double Energy","Streamline"],"picked":"SKIP","floor":1},{"not_picked":["Barrage","Redo"],"picked":"Defragment","floor":5},{"not_picked":["Lockon","Storm"],"picked":"Leap","floor":7},{"not_picked":["Barrage","Capacitor","Leap"],"picked":"SKIP","floor":11},{"not_picked":["Streamline","Genetic Algorithm","Leap"],"picked":"SKIP","floor":12}],"player_experience":66385,"relics_obtained":[{"floor":7,"key":"Unceasing Top"},{"floor":9,"key":"Pantograph"}],"event_choices":[{"damage_healed":0,"gold_gain":0,"player_choice":"Take Damage","damage_taken":18,"relics_obtained":["Golden Idol"],"max_hp_gain":0,"max_hp_loss":0,"event_name":"Golden Idol","floor":2,"gold_loss":0},{"damage_healed":0,"gold_gain":175,"player_choice":"AGREE","damage_taken":0,"max_hp_gain":0,"max_hp_loss":0,"event_name":"Liars Game","floor":3,"gold_loss":0,"cards_obtained":["Doubt"]},{"damage_healed":0,"gold_gain":0,"player_choice":"Box","damage_taken":0,"relics_obtained":["Omamori"],"max_hp_gain":0,"max_hp_loss":0,"event_name":"Big Fish","floor":4,"gold_loss":0,"cards_obtained":["Regret"]},{"damage_healed":0,"gold_gain":0,"player_choice":"Success","damage_taken":18,"relics_obtained":["Strawberry"],"max_hp_gain":0,"max_hp_loss":0,"event_name":"Scrap Ooze","floor":10,"gold_loss":0}],"is_beta":false,"boss_relics":[],"items_purged_floors":[14],"is_endless":false,"potions_floor_spawned":[7,12],"killed_by":"The Guardian","ascension_level":1}}