{"host":"px2oznrenyeljk7o","time":1611776431,"event":{"mods":["100% Spire Juice","A Magickal Journey","A Penny For Your Troubles","AchievementEnabler","Act Like it!","Arknights The Spire","BaseMod","Better Altar","Better Match","Better Note","Better Sensory Stone","Better Skull","Better Third Choice","ChefMod","Colored Map","Conspire","Curses Come First","Elementarium","Evolution","Fireblade Mod","Fox Events","Gensokyo","GifTheSpireLib","GungeonMod","Hermit","KinomotoSakuraMod(????)","Koishi","Lobotomy","LobotomyExtend","Marisa????????","Menagerie","Minty Spire (QoL Compilation)","Nova Terra(??·??)","Poor People Problems","Potionbrewer","Random Character Button","Rare Cards Sparkle","Reimu??????","Reliquary","Replay The Spire","Robot Space Explorer","Small Relic Pack","Somnambulant","Spicy Shops","StSLib","Stuff the Spire","The Administrix","The Alterego","The Animator","The Blackbeard","The Blue Laboratory","The Bug Knight","The Construct","The Cursed","The Death Knight","The Disciple","The Gatherer","The Hayseed","The Hierophant","The Jungle","The Marked","The Runesmith","The Servant 0.9.4","TheWitcher","WarShipGirlsR/????R mod","Wide Potions","Yakumo Yukari mod","Yuri Mod","everything is the same but u backflip on backflip","slay the spire mod where everything is the same but ironclad has a cowboy hat","??????REMEMod"],"gold_per_floor":[110,110,124,137,137,160,180,194,194,69,100,100,35,55,55,159,159,159,5,19,34,52,52,68,68,68,81,91,91,111,124,124,222,222,236,255,35,35,35],"floor_reached":38,"language":"ENG","playtime":4420,"items_purged":[],"score":409,"play_id":"411ea770-e2c2-4f58-a3bb-8ad08f05e650","local_time":"20210127204031","is_ascension_mode":false,"campfire_choices":[{"floor":15,"key":"REST"},{"floor":23,"key":"REST"},{"floor":25,"key":"REST"},{"floor":29,"key":"REST"},{"floor":32,"key":"REST"}],"circlet_count":0,"master_deck":["yuri:yuriStrike","yuri:yuriStrike","yuri:yuriStrike","yuri:yuriStrike","yuri:yuriStrike","yuri:yuriDefend","yuri:yuriDefend","yuri:yuriDefend","yuri:yuriDefend","yuri:yuriDefend","yuri:Oolong+1","yuri:yuriStab","yuri:NerfBat","yuri:BookGreen","yuri:CalmingAura","yuri:WickedSlash","yuri:GreenTea","yuri:ArmBrace","yuri:MPose","yuri:HoldBack","yuri:yuriQuickStrike","yuri:TPose","yuri:Spin","yuri:Stalk","yuri:DuplicateCode","yuri:DebugCard","yuri:ThornRemove","yuri:ThrowingKnives+1","yuri:yuriQuickStrike","yuri:BrokenCode+1","yuri:MultiDip","yuri:yuriHeavyStrike","yuri:GlitchedStrike+1","yuri:DistillInsanity","yuri:Parry","yuri:GrowingInsanity+1","Mayhem","yuri:HeavierStrike"],"relics":["yuri:yuriKnife","EVO:Axolotl","REME_ComplimentaryCards","LetterFromLob","Replay:Baseball","Ancient Tea Set","StuffTheSpire:EmeraldSignet","REME_ChargedStone","MealTicket","potionbrewer:MortarAndPestle","SlaversCollar"],"acts_visited":["Exordium","TheCity","TheBeyond"],"potions_floor_usage":[6,7,16,21,24,28,31],"damage_taken":[{"damage":4,"enemies":"Jaw Worm","floor":1,"turns":5},{"damage":5,"enemies":"Small Slimes","floor":3,"turns":4},{"damage":3,"enemies":"Cultist","floor":4,"turns":3},{"damage":1,"enemies":"Red Slaver","floor":6,"turns":4},{"damage":16,"enemies":"Exordium Thugs","floor":7,"turns":6},{"damage":3,"enemies":"2 Fungi Beasts","floor":8,"turns":4},{"damage":52,"enemies":"Gremlin Nob","floor":11,"turns":6},{"damage":19,"enemies":"Exordium Wildlife","floor":14,"turns":6},{"damage":37,"enemies":"Fading Forest","floor":16,"turns":11},{"damage":29,"enemies":"Spheric Guardian","floor":20,"turns":6},{"damage":36,"enemies":"Chosen","floor":21,"turns":7},{"damage":20,"enemies":"Shelled Parasite and Fungi","floor":22,"turns":9},{"damage":24,"enemies":"Sentry and Sphere","floor":24,"turns":5},{"damage":13,"enemies":"conspire:HollyBat","floor":27,"turns":11},{"damage":50,"enemies":"3 Cultists","floor":28,"turns":7},{"damage":0,"enemies":"Snake Plant","floor":30,"turns":2},{"damage":26,"enemies":"Shelled Parasite and Fungi","floor":31,"turns":7},{"damage":96,"enemies":"Collector","floor":33,"turns":14},{"damage":15,"enemies":"3 Shapes","floor":35,"turns":4},{"damage":13,"enemies":"3 Darklings","floor":36,"turns":5},{"damage":98,"enemies":"conspire:MimicChest","floor":38,"turns":8}],"seed_played":"-8800864958615354739","potions_obtained":[{"floor":1,"key":"Block Potion"},{"floor":4,"key":"potionbrewer:MidasPotion"},{"floor":14,"key":"Weak Potion"},{"floor":16,"key":"LiquidBronze"},{"floor":21,"key":"FairyPotion"},{"floor":22,"key":"blueLaboratory:PhilterOfMotion"},{"floor":27,"key":"Block Potion"},{"floor":30,"key":"SkillPotion"}],"is_trial":false,"path_per_floor":["M","?","M","M","?","M","M","M","T","$","E","T","$","M","R","B",null,"M","$","M","M","M","R","M","R","T","M","M","R","M","M","R_BF","B",null,"M","M","$","?"],"character_chosen":"YURI","items_purchased":["yuri:HoldBack","yuri:yuriQuickStrike","yuri:Spin","MealTicket","Mayhem","yuri:HeavierStrike"],"campfire_rested":5,"item_purchase_floors":[10,10,13,19,37,37],"current_hp_per_floor":[80,73,75,77,77,76,67,71,71,71,32,32,32,28,52,38,80,80,80,51,35,28,52,41,65,65,71,27,51,58,45,69,13,80,76,63,78,0,0],"gold":35,"neow_bonus":"UPGRADE_CARD","is_daily":false,"chose_seed":false,"campfire_upgraded":0,"win_rate":0.0,"timestamp":1611776431,"path_taken":["M","?","M","M","?","M","?","M","T","?","E","?","$","M","R","BOSS","M","$","M","M","M","R","M","R","T","M","M","R","M","M","R_BF","BOSS","M","M","$","?"],"items_purchased_type":["Card","Card","Card","Relic","Card","Card"],"build_version":"2020-12-22","purchased_purges":0,"victory":false,"max_hp_per_floor":[80,80,80,80,80,80,80,80,80,80,80,80,80,80,80,80,80,80,80,80,80,80,80,80,80,80,80,80,80,80,80,80,80,80,80,80,80,80,80],"card_choices":[{"not_picked":["yuri:DebugCard","yuri:RepairCode"],"picked":"yuri:NerfBat","floor":1},{"not_picked":["yuri:MPose","yuri:GlitchedStrike"],"picked":"yuri:BookGreen","floor":3},{"not_picked":["yuri:UntestedCode","yuri:GlitchedStrike"],"picked":"yuri:CalmingAura","floor":4},{"not_picked":["yuri:yuriHeavyStrike","yuri:MPose"],"picked":"yuri:GreenTea","floor":6},{"not_picked":["yuri:RecklessStrike","yuri:WickedSlash"],"picked":"yuri:ArmBrace","floor":7},{"not_picked":["yuri:GlitchedStrike","yuri:CalmingAura"],"picked":"yuri:MPose","floor":8},{"not_picked":["yuri:ThrowingKnives","yuri:ThrowBook"],"picked":"yuri:TPose","floor":11},{"not_picked":["yuri:HeavierStrike","yuri:WickedSlash"],"picked":"yuri:Stalk","floor":14},{"not_picked":["yuri:RelentlessStrikes","yuri:DisableStrike"],"picked":"yuri:DuplicateCode","floor":16},{"not_picked":["yuri:GrowingInsanity","yuri:WickedSlash"],"picked":"yuri:DebugCard","floor":20},{"not_picked":["yuri:SelfHarm+1","yuri:HeavierStrike+1"],"picked":"yuri:ThornRemove","floor":21},{"not_picked":["yuri:Skip","yuri:CalmingAura+1"],"picked":"yuri:ThrowingKnives+1","floor":22},{"not_picked":["yuri:RelentlessStrikes","yuri:WickedSlash+1"],"picked":"yuri:yuriQuickStrike","floor":24},{"not_picked":["yuri:MPose+1","yuri:Parry+1"],"picked":"yuri:BrokenCode+1","floor":27},{"not_picked":["yuri:CalmingAura","yuri:GlitchedStrike+1"],"picked":"yuri:MultiDip","floor":28},{"not_picked":["yuri:ThrowingKnives","yuri:TPose"],"picked":"yuri:yuriHeavyStrike","floor":30},{"not_picked":["yuri:ThornRemove","yuri:MPose"],"picked":"yuri:GlitchedStrike+1","floor":31},{"not_picked":["yuri:RelentlessStrikes","yuri:DuplicateCode"],"picked":"yuri:DistillInsanity","floor":33},{"not_picked":["yuri:ReloadGame","yuri:StealPen"],"picked":"yuri:Parry","floor":35},{"not_picked":["yuri:ThrowingKnives","yuri:yuriHeavyStrike"],"picked":"yuri:GrowingInsanity+1","floor":36}],"player_experience":528267,"relics_obtained":[{"floor":1,"key":"LetterFromLob"},{"floor":11,"key":"Ancient Tea Set"},{"floor":12,"key":"StuffTheSpire:EmeraldSignet"},{"floor":26,"key":"potionbrewer:MortarAndPestle"}],"event_choices":[{"damage_healed":0,"gold_gain":0,"player_choice":"Relic ","damage_taken":7,"max_hp_gain":0,"max_hp_loss":0,"event_name":"betterThird:BetterScrap","floor":2,"gold_loss":0,"cards_obtained":["Skim"]},{"damage_healed":0,"gold_gain":0,"cards_transformed":["SwordSharpenedByTears"],"player_choice":"Transformed","damage_taken":0,"max_hp_gain":0,"max_hp_loss":0,"event_name":"Transmorgrifier","floor":5,"gold_loss":0,"cards_obtained":["yuri:WickedSlash"]}],"is_beta":false,"boss_relics":[{"not_picked":["Calling Bell","reliquary:Ember"],"picked":"REME_ChargedStone"},{"not_picked":["ChewingGum","Replay:Ancient Bell"],"picked":"SlaversCollar"}],"items_purged_floors":[],"is_endless":false,"potions_floor_spawned":[1,4,14,16,20,21,22,27,30],"killed_by":"conspire:MimicChest","ascension_level":0}}