{"host":"3mxu71uy664p0kso","time":1611715834,"event":{"mods":["100% Spire Juice","AchievementEnabler","BaseMod","Colored Map","Minty Spire (QoL Compilation)","StSLib"],"gold_per_floor":[117,134,59,59,73,73,83,83,137,165,181,213,224,224,224,323,83,102,121,136,151,49,49,49,65,114,125,140,157,188,205,205,303,63,78,78,78,78],"floor_reached":37,"language":"KOR","playtime":2828,"items_purged":["Moonworks:Strike"],"score":459,"play_id":"6e307c55-a3ff-4de8-bc24-75517dd0a0c4","local_time":"20210127115034","is_ascension_mode":false,"campfire_choices":[{"data":"Moonworks:Ambush","floor":6,"key":"SMITH"},{"data":"Moonworks:AngelHand","floor":8,"key":"SMITH"},{"floor":15,"key":"REST"},{"floor":23,"key":"RECALL"},{"floor":32,"key":"REST"}],"circlet_count":0,"master_deck":["Moonworks:Strike","Moonworks:Strike","Moonworks:Defend","Moonworks:Defend","Moonworks:Defend","Moonworks:Defend","Moonworks:Ambush+1","Moonworks:LongDistanceShot","Moonworks:NicePresent","Moonworks:AngelHand+1","Moonworks:FullSpeedAlicianrone","Moonworks:JonathanRush","Moonworks:EvilSpyWorkPreparation","Moonworks:CloudOfSeagulls","Moonworks:NicePresent","Moonworks:ShieldCounter","Moonworks:AngelHand","Moonworks:AngelHand+1","Moonworks:CookingTime","Moonworks:NicePresent+1","Moonworks:StarBlastingFuse","Moonworks:JonathanRush","Moonworks:EvilSpyWorkPreparation","Moonworks:AwakeningOfTalent","Moonworks:EvilSpyWorkPreparation","Moonworks:JonathanRush","Moonworks:HolyNight","Moonworks:NicePresent+1"],"relics":["Moonworks:BrokenBomb","Moonworks:Homemark","Omamori","Bronze Scales","Eternal Feather","Fusion Hammer","Gremlin Horn","Blood Vial","SlaversCollar"],"acts_visited":["TheCity","TheBeyond"],"potions_floor_usage":[12,12,29,30,37],"damage_taken":[{"damage":1,"enemies":"2 Louse","floor":1,"turns":3},{"damage":1,"enemies":"Jaw Worm","floor":2,"turns":4},{"damage":0,"enemies":"Cultist","floor":5,"turns":2},{"damage":4,"enemies":"Blue Slaver","floor":7,"turns":3},{"damage":14,"enemies":"Gremlin Nob","floor":10,"turns":3},{"damage":1,"enemies":"3 Louse","floor":11,"turns":3},{"damage":11,"enemies":"Lagavulin","floor":12,"turns":4},{"damage":8,"enemies":"Exordium Thugs","floor":13,"turns":3},{"damage":26,"enemies":"Hexaghost","floor":16,"turns":9},{"damage":0,"enemies":"Spheric Guardian","floor":18,"turns":3},{"damage":0,"enemies":"Shell Parasite","floor":19,"turns":3},{"damage":2,"enemies":"Snecko","floor":20,"turns":5},{"damage":31,"enemies":"Snake Plant","floor":21,"turns":4},{"damage":0,"enemies":"Cultist and Chosen","floor":22,"turns":4},{"damage":0,"enemies":"Centurion and Healer","floor":25,"turns":3},{"damage":8,"enemies":"Snecko","floor":27,"turns":4},{"damage":3,"enemies":"Chosen and Byrds","floor":28,"turns":3},{"damage":0,"enemies":"Centurion and Healer","floor":29,"turns":3},{"damage":0,"enemies":"Book of Stabbing","floor":30,"turns":4},{"damage":0,"enemies":"Snecko","floor":31,"turns":4},{"damage":84,"enemies":"Automaton","floor":33,"turns":7},{"damage":6,"enemies":"Orb Walker","floor":35,"turns":3},{"damage":71,"enemies":"Time Eater","floor":37,"turns":8}],"seed_played":"5669094531569346213","potions_obtained":[{"floor":5,"key":"EssenceOfSteel"},{"floor":7,"key":"DuplicationPotion"},{"floor":11,"key":"Ancient Potion"},{"floor":19,"key":"Swift Potion"},{"floor":22,"key":"Dexterity Potion"},{"floor":27,"key":"FairyPotion"},{"floor":28,"key":"DuplicationPotion"},{"floor":29,"key":"Ancient Potion"},{"floor":33,"key":"PowerPotion"}],"is_trial":false,"path_per_floor":["M","M","$","?","M","R","M","R","T","E","M","E","M","?","R","B",null,"M","M","M","M","M","R","?","M","T","M","M","M","E","M","R","B",null,"M","?","B"],"character_chosen":"THE_STARBREAKER","items_purchased":[],"campfire_rested":2,"item_purchase_floors":[],"current_hp_per_floor":[65,64,64,69,69,69,65,65,65,51,50,39,31,24,54,28,71,71,71,69,40,46,58,58,58,58,50,53,59,65,67,71,21,71,71,71,0,0],"gold":78,"neow_bonus":"TEN_PERCENT_HP_BONUS","is_daily":false,"chose_seed":false,"campfire_upgraded":2,"win_rate":0.0,"timestamp":1611715834,"path_taken":["M","M","$","?","M","R","M","R","T","E","M","E","M","?","R","BOSS","M","M","M","M","M","R","?","M","T","M","M","M","E","M","R","BOSS","M","?","BOSS"],"items_purchased_type":[],"build_version":"2020-12-22","purchased_purges":1,"victory":false,"max_hp_per_floor":[66,66,66,71,71,71,71,71,71,71,71,71,71,71,71,71,71,71,71,71,71,71,71,71,71,71,71,71,71,71,71,71,71,71,71,71,71,71],"card_choices":[{"not_picked":["Moonworks:DeployBits","Moonworks:Assault"],"picked":"Moonworks:NicePresent","floor":1},{"not_picked":["Moonworks:BackdoorTrade","Moonworks:SakisCookie"],"picked":"Moonworks:AngelHand","floor":2},{"not_picked":["Moonworks:FinalSurgery","Moonworks:IndiscriminateFireSupport"],"picked":"Moonworks:FullSpeedAlicianrone","floor":5},{"not_picked":["Moonworks:EvilSpyWorkPreparation","Moonworks:SealedMemories"],"picked":"Moonworks:JonathanRush","floor":7},{"not_picked":["Moonworks:SakisCookie","Moonworks:DeployBits"],"picked":"Moonworks:EvilSpyWorkPreparation","floor":10},{"not_picked":["Moonworks:BackdoorTrade","Moonworks:UnpaidWork","Moonworks:CrystalBarrier"],"picked":"SKIP","floor":11},{"not_picked":["Moonworks:DeployBits","Moonworks:TacticalRetreat"],"picked":"Moonworks:CloudOfSeagulls","floor":12},{"not_picked":["Moonworks:DeployBits","Moonworks:ImOnFire"],"picked":"Moonworks:NicePresent","floor":13},{"not_picked":["Moonworks:FinalBattle","Moonworks:AnotherUltimateWeapon"],"picked":"Moonworks:ShieldCounter","floor":16},{"not_picked":["Moonworks:CloudOfSeagulls+1","Moonworks:DeployBits"],"picked":"Moonworks:AngelHand","floor":18},{"not_picked":["Moonworks:RagingMadness","Moonworks:NicePresent"],"picked":"Moonworks:AngelHand+1","floor":19},{"not_picked":["Moonworks:Assault","Moonworks:IndiscriminateFireSupport"],"picked":"Moonworks:CookingTime","floor":20},{"not_picked":["Moonworks:LulusLuckyEgg+1","Moonworks:TacticalRetreat"],"picked":"Moonworks:NicePresent+1","floor":21},{"not_picked":["Moonworks:UnpaidWork","Moonworks:MiracleWalker+1"],"picked":"Moonworks:StarBlastingFuse","floor":22},{"not_picked":["Moonworks:Assault","Moonworks:DeployBits"],"picked":"Moonworks:JonathanRush","floor":25},{"not_picked":["Moonworks:IndiscriminateFireSupport","Moonworks:DeployBits"],"picked":"Moonworks:EvilSpyWorkPreparation","floor":27},{"not_picked":["Moonworks:DeployBits","Moonworks:SakisCookie"],"picked":"Moonworks:AwakeningOfTalent","floor":28},{"not_picked":["Moonworks:Assault","Moonworks:UnluckyCharm","Moonworks:BackdoorTrade"],"picked":"SKIP","floor":29},{"not_picked":["Moonworks:TreasureThief+1","Moonworks:Encore"],"picked":"Moonworks:EvilSpyWorkPreparation","floor":30},{"not_picked":["Moonworks:CloudOfSeagulls","Moonworks:Assault"],"picked":"Moonworks:JonathanRush","floor":31},{"not_picked":["Moonworks:Encore","Moonworks:Blazing"],"picked":"Moonworks:HolyNight","floor":33},{"not_picked":["Moonworks:DeployBits","Moonworks:LulusLuckyEgg+1"],"picked":"Moonworks:NicePresent+1","floor":35}],"player_experience":97833,"relics_obtained":[{"floor":9,"key":"Omamori"},{"floor":10,"key":"Bronze Scales"},{"floor":12,"key":"Eternal Feather"},{"floor":30,"key":"Blood Vial"}],"event_choices":[{"damage_healed":0,"gold_gain":0,"player_choice":"Donut","damage_taken":0,"max_hp_gain":5,"max_hp_loss":0,"event_name":"Big Fish","floor":4,"gold_loss":0},{"cards_removed":["Moonworks:Strike"],"damage_healed":0,"gold_gain":0,"player_choice":"Card Removal","damage_taken":7,"max_hp_gain":0,"max_hp_loss":0,"event_name":"Golden Wing","floor":14,"gold_loss":0},{"damage_healed":0,"gold_gain":0,"player_choice":"Stole Relic","damage_taken":0,"relics_obtained":["Gremlin Horn"],"max_hp_gain":0,"max_hp_loss":0,"event_name":"Addict","floor":24,"gold_loss":0,"cards_obtained":["Shame"]},{"damage_healed":0,"gold_gain":0,"player_choice":"Took Portal","damage_taken":0,"max_hp_gain":0,"max_hp_loss":0,"event_name":"SecretPortal","floor":36,"gold_loss":0}],"is_beta":false,"boss_relics":[{"not_picked":["Ectoplasm","Coffee Dripper"],"picked":"Fusion Hammer"},{"not_picked":["Velvet Choker","Cursed Key"],"picked":"SlaversCollar"}],"items_purged_floors":[3],"is_endless":false,"potions_floor_spawned":[5,7,11,19,22,27,28,29,33],"killed_by":"Time Eater","ascension_level":0}}