{"host":"viepjj0bn20d0lzc","time":1611783485,"event":{"mods":["AchievementEnabler","BaseMod","Better Altar","Better Match","Better Note","Better Sensory Stone","Better Skull","Better Third Choice","Better Vampires","Block Reminder","Colored Map","Colored Powertips","Disable Question Mark Monsters","Downfall","Hermit","Highlight Path","Hubris","Mimic Mod","Minty Spire (QoL Compilation)","Permanent Neow","Practice Mode","Quick Restart","Random Character Button","Rare Cards Sparkle","Relic Sorter","Reliquary","Replay The Spire","StSLib","The Blue Laboratory","The Cursed","The Jungle","The Runesmith","Wandering Minibosses"],"gold_per_floor":[199,214,173,185,170,70,149,49,61,75,110,110,124,142,156,260,260,260,272,283,283,383,383,406,426,426,457,357,371,371,385,385,385,385],"floor_reached":32,"language":"ENG","playtime":1948,"items_purged":[],"score":264,"play_id":"6729d7a4-834a-4260-a811-38a78141c5ef","local_time":"20210127153805","is_ascension_mode":false,"campfire_choices":[{"floor":1,"key":"RECALL"},{"data":"Slimebound:SlimeSlap","floor":6,"key":"SMITH"},{"data":"Slimebound:Split","floor":8,"key":"SMITH"},{"data":"1","floor":18,"key":"LIFT"},{"floor":26,"key":"REST"},{"floor":28,"key":"REST"},{"floor":30,"key":"REST"}],"circlet_count":0,"master_deck":["Slimebound:Strike_Slimebound","Slimebound:Strike_Slimebound","Slimebound:Strike_Slimebound","Slimebound:Tackle","Slimebound:Defend_Slimebound","Slimebound:Defend_Slimebound","Slimebound:Defend_Slimebound","Slimebound:Defend_Slimebound","Slimebound:Split+1","Slimebound:CorrosiveSpit","Slimebound:LeechingTouch","Slimebound:SamplingLick","Slimebound:SplitBruiser","Slimebound:SlimeSlap+1","Slimebound:SplitLeeching","Slimebound:SplitLeeching","Slimebound:LevelUp","Slimebound:Repurpose","Slimebound:MassRepurpose","Slimebound:MegaLick","Slimebound:Prepare","Slimebound:DouseInSlime","Slimebound:GoopSpray+1","Slimebound:ViciousTackle","Slimebound:RollThrough+1","Slimebound:GrowthPunch","Slimebound:Schlurp","Slimebound:HauntingLick"],"relics":["Slimebound:AbsorbEndCombat","downfall:HeartBlessingRed","downfall:HeartBlessingBlue","Girya","reliquary:HotPoker","Ancient Tea Set","reliquary:TatteredRug","downfall:HeartBlessingGreen"],"acts_visited":["Exordium","TheCity"],"potions_floor_usage":[16,16],"damage_taken":[{"damage":3,"enemies":"2 Louse","floor":2,"turns":3},{"damage":8,"enemies":"downfall:FleeingMerchant","floor":3,"turns":4},{"damage":0,"enemies":"Cultist","floor":4,"turns":2},{"damage":11,"enemies":"downfall:FleeingMerchant","floor":5,"turns":4},{"damage":0,"enemies":"Jaw Worm","floor":9,"turns":3},{"damage":5,"enemies":"Large Slime","floor":10,"turns":3},{"damage":20,"enemies":"3 Sentries","floor":11,"turns":6},{"damage":12,"enemies":"Exordium Wildlife","floor":13,"turns":3},{"damage":19,"enemies":"Exordium Thugs","floor":14,"turns":4},{"damage":0,"enemies":"Large Slime","floor":15,"turns":5},{"damage":34,"enemies":"DF_ARCHETYPE_STREAMLINE","floor":16,"turns":9},{"damage":10,"enemies":"Spheric Guardian","floor":19,"turns":4},{"damage":24,"enemies":"Shell Parasite","floor":20,"turns":5},{"damage":20,"enemies":"Centurion and Healer","floor":25,"turns":6},{"damage":75,"enemies":"Slavers","floor":27,"turns":7},{"damage":14,"enemies":"Snecko","floor":29,"turns":5},{"damage":39,"enemies":"Shelled Parasite and Fungi","floor":31,"turns":6},{"damage":7,"enemies":"Cultist and Chosen","floor":32,"turns":1}],"seed_played":"8456622177647716231","potions_obtained":[{"floor":2,"key":"Slimebound:SlimedPotion"},{"floor":10,"key":"blueLaboratory:Moonshine"},{"floor":13,"key":"LiquidBronze"},{"floor":20,"key":"SkillPotion"},{"floor":27,"key":"blueLaboratory:SavagePotion"}],"is_trial":false,"path_per_floor":["R","M","$","M","$","R","T","R","M","M","E","?","M","M","M","B",null,"R","M","M","T","?","?","T","M","R","E","R","M","R","M","M"],"character_chosen":"SLIMEBOUND","items_purchased":["Slimebound:SplitBruiser"],"campfire_rested":3,"item_purchase_floors":[3],"current_hp_per_floor":[65,65,61,65,58,58,58,68,72,71,55,55,47,32,38,12,75,75,67,49,49,49,49,49,37,59,2,24,14,36,5,0,0,0],"gold":385,"neow_bonus":"HUNDRED_GOLD","is_daily":false,"chose_seed":false,"campfire_upgraded":2,"win_rate":0.0,"timestamp":1611783485,"path_taken":["R","M","$","M","$","R","T","R","M","M","E","?","?","M","M","BOSS","R","M","M","?","?","?","T","M","R","E","R","M","R","?","M"],"items_purchased_type":["Card"],"build_version":"2020-12-22","purchased_purges":0,"victory":false,"max_hp_per_floor":[65,65,65,65,65,65,65,75,75,75,75,75,75,75,75,75,75,75,75,75,75,75,75,75,75,75,75,75,75,75,75,75,75,75],"card_choices":[{"not_picked":["Slimebound:FlameTackle","Slimebound:DisruptingSlam"],"picked":"Slimebound:LeechingTouch","floor":2},{"not_picked":["Slimebound:MegaLick","Slimebound:LeadByExample"],"picked":"Slimebound:SamplingLick","floor":3},{"not_picked":["Slimebound:Schlurp","Slimebound:LeechingTouch"],"picked":"Slimebound:SlimeSlap","floor":4},{"not_picked":["Slimebound:GrowthPunch","Slimebound:DisruptingSlam"],"picked":"Slimebound:SplitLeeching","floor":5},{"not_picked":["Slimebound:GrowthPunch","Slimebound:ComboTackle"],"picked":"Slimebound:SplitLeeching","floor":9},{"not_picked":["Slimebound:Dissolve","Slimebound:FinishingTackle"],"picked":"Slimebound:LevelUp","floor":10},{"not_picked":["Slimebound:ItLooksTasty","Slimebound:MegaLick"],"picked":"Slimebound:Repurpose","floor":11},{"not_picked":["Slimebound:DisruptingSlam","Slimebound:SplitAcid"],"picked":"Slimebound:MassRepurpose","floor":13},{"not_picked":["Slimebound:SlimeBarrage","Slimebound:Dissolve"],"picked":"Slimebound:MegaLick","floor":14},{"not_picked":["Slimebound:SplitMire","Slimebound:SlimeBrawl"],"picked":"Slimebound:Prepare","floor":15},{"not_picked":["Slimebound:RallyTheTroops","Slimebound:FirmFortitude"],"picked":"Slimebound:DouseInSlime","floor":16},{"not_picked":["Slimebound:ViciousTackle+1","Slimebound:HauntingLick+1"],"picked":"Slimebound:GoopSpray+1","floor":19},{"not_picked":["Slimebound:AcidTongue+1","Slimebound:LeechingTouch+1"],"picked":"Slimebound:ViciousTackle","floor":20},{"not_picked":["Slimebound:SlimeBrawl","Slimebound:SlimeBarrage"],"picked":"Slimebound:RollThrough+1","floor":25},{"not_picked":["Slimebound:Replication","Slimebound:SplitAcid"],"picked":"Slimebound:GrowthPunch","floor":27},{"not_picked":["Slimebound:PressTheAttack","Slimebound:GrowthPunch"],"picked":"Slimebound:Schlurp","floor":29},{"not_picked":["Slimebound:SplitAcid","Slimebound:FinishingTackle"],"picked":"Slimebound:HauntingLick","floor":31}],"player_experience":33244,"relics_obtained":[{"floor":11,"key":"Girya"},{"floor":21,"key":"reliquary:HotPoker"},{"floor":24,"key":"Ancient Tea Set"},{"floor":27,"key":"reliquary:TatteredRug"}],"event_choices":[{"cards_removed":["Slimebound:SplitLeeching"],"damage_healed":0,"gold_gain":0,"player_choice":"Give","damage_taken":0,"max_hp_gain":0,"max_hp_loss":0,"event_name":"betterNote:BetterNote","floor":12,"gold_loss":0,"cards_obtained":["Burst"]},{"damage_healed":0,"gold_gain":0,"player_choice":"Ignored","damage_taken":0,"max_hp_gain":0,"max_hp_loss":0,"event_name":"Ghosts","floor":23,"gold_loss":0}],"is_beta":false,"boss_relics":[{"not_picked":["Replay:Fungal Core","Coffee Dripper","hubris:VirtuousBlindfold"]}],"items_purged_floors":[],"is_endless":false,"potions_floor_spawned":[2,10,13,14,20,27],"killed_by":"Cultist and Chosen","ascension_level":0}}