{"host":"lzlnscgb2n0l5w2m","time":1611765872,"event":{"mods":["AchievementEnabler","BaseMod","Block Reminder","Colored Powertips","Googly Eyes","Highlight Path","Minty Spire (QoL Compilation)","Permanent Neow","Relic Stats","StSLib"],"gold_per_floor":[363,93,106,118,137,137,168,231,268,280,306,360,383,395,407,528,540,570,596,653,270,270,299,311,311,311],"floor_reached":25,"language":"ZHT","playtime":2117,"items_purged":["Strike_G","Defend_G"],"score":379,"play_id":"24d4cad4-2351-4c83-a5be-763fda3f213a","local_time":"20210128004432","is_ascension_mode":true,"campfire_choices":[{"data":"Terror","floor":6,"key":"SMITH"},{"floor":10,"key":"REST"},{"data":"Adrenaline","floor":15,"key":"SMITH"}],"circlet_count":0,"master_deck":["Defend_G","Defend_G","Defend_G","Defend_G","Survivor","Neutralize","Blade Dance","Master of Strategy","Terror+1","Outmaneuver","All Out Attack","Slice","Predator","Dagger Throw","Adrenaline+1","Unload","Bite","Bite","Bite","Bite","Bite","Blur"],"relics":["Ring of the Snake","Membership Card","Strawberry","MawBank","Bag of Preparation","CeramicFish","Philosopher\u0027s Stone","Bottled Lightning","Pear","Lee\u0027s Waffle","Nilry\u0027s Codex","Boot"],"acts_visited":["Exordium","TheCity"],"potions_floor_usage":[7,8,13,13,16,23,24],"damage_taken":[{"damage":2,"enemies":"2 Louse","floor":1,"turns":3},{"damage":0,"enemies":"Small Slimes","floor":3,"turns":3},{"damage":1,"enemies":"Jaw Worm","floor":4,"turns":4},{"damage":13,"enemies":"3 Louse","floor":5,"turns":4},{"damage":18,"enemies":"Gremlin Nob","floor":7,"turns":4},{"damage":22,"enemies":"Lagavulin Event","floor":8,"turns":5},{"damage":0,"enemies":"2 Fungi Beasts","floor":11,"turns":2},{"damage":22,"enemies":"Lagavulin","floor":12,"turns":5},{"damage":4,"enemies":"Lots of Slimes","floor":13,"turns":2},{"damage":0,"enemies":"Slime Boss","floor":16,"turns":4},{"damage":24,"enemies":"2 Thieves","floor":18,"turns":2},{"damage":5,"enemies":"Shell Parasite","floor":19,"turns":4},{"damage":38,"enemies":"Slavers","floor":23,"turns":8},{"damage":26,"enemies":"Shelled Parasite and Fungi","floor":24,"turns":3},{"damage":20,"enemies":"Gremlin Leader","floor":25,"turns":2}],"seed_played":"528769668865452124","potions_obtained":[{"floor":5,"key":"Block Potion"},{"floor":7,"key":"BlessingOfTheForge"},{"floor":13,"key":"EntropicBrew"},{"floor":16,"key":"Weak Potion"},{"floor":19,"key":"SpeedPotion"}],"is_trial":false,"path_per_floor":["M","$","M","M","M","R","E","?","T","R","M","E","M","?","R","B",null,"M","M","?","$","?","E","M","E"],"character_chosen":"THE_SILENT","items_purchased":["Membership Card","Master of Strategy","Bottled Lightning","Pear","Lee\u0027s Waffle","Blur"],"campfire_rested":1,"item_purchase_floors":[2,2,21,21,21,21],"current_hp_per_floor":[61,61,61,60,47,47,36,14,14,35,35,13,14,39,39,39,66,42,37,37,69,53,31,13,0,0],"gold":311,"neow_bonus":"TWO_FIFTY_GOLD","is_daily":false,"chose_seed":false,"campfire_upgraded":2,"win_rate":0.0,"timestamp":1611765872,"path_taken":["M","$","M","M","M","R","E","?","T","R","M","E","M","?","R","BOSS","M","M","?","$","?","E","M","E"],"items_purchased_type":["Relic","Card","Relic","Relic","Relic","Card"],"build_version":"2020-12-22","purchased_purges":2,"victory":false,"max_hp_per_floor":[63,63,63,63,63,63,70,70,70,70,70,70,75,75,75,75,75,75,75,52,69,69,69,69,69,69],"relic_stats":{"Lee\u0027s Waffle":22,"counters":[15,55],"CeramicFish":72,"Bag of Preparation":[18],"MawBank":156,"Boot":[10],"obtain_stats":[{"Lee\u0027s Waffle":21,"Pear":21,"Nilry\u0027s Codex":22,"Strawberry":7,"CeramicFish":12,"Philosopher\u0027s Stone":17,"Bag of Preparation":9,"Membership Card":2,"Bottled Lightning":21,"MawBank":8,"Boot":23,"Ring of the Snake":0},{"Lee\u0027s Waffle":12,"Pear":12,"Nilry\u0027s Codex":12,"Strawberry":5,"CeramicFish":8,"Philosopher\u0027s Stone":10,"Bag of Preparation":6,"Membership Card":1,"Bottled Lightning":12,"MawBank":6,"Boot":13,"Ring of the Snake":0},{"Lee\u0027s Waffle":42,"Pear":42,"Nilry\u0027s Codex":42,"Strawberry":18,"CeramicFish":30,"Philosopher\u0027s Stone":36,"Bag of Preparation":23,"Membership Card":3,"Bottled Lightning":42,"MawBank":23,"Boot":50,"Ring of the Snake":0}],"Ring of the Snake":[30]},"card_choices":[{"not_picked":["Deadly Poison","PiercingWail"],"picked":"Blade Dance","floor":1},{"not_picked":["Deadly Poison","Noxious Fumes"],"picked":"Terror","floor":3},{"not_picked":["Acrobatics","Deflect"],"picked":"Outmaneuver","floor":4},{"not_picked":["Poisoned Stab","Eviscerate"],"picked":"All Out Attack","floor":5},{"not_picked":["Bane","Dodge and Roll"],"picked":"Slice","floor":7},{"not_picked":["Prepared","Flying Knee"],"picked":"Predator","floor":8},{"not_picked":["Reflex","Prepared"],"picked":"Dagger Throw","floor":11},{"not_picked":["Flying Knee","Grand Finale"],"picked":"Adrenaline","floor":12},{"not_picked":["Acrobatics","Dagger Throw","Well Laid Plans"],"picked":"SKIP","floor":13},{"not_picked":["Venomology","Glass Knife"],"picked":"Unload","floor":16},{"not_picked":["Dagger Throw","Dagger Spray","Well Laid Plans+1"],"picked":"SKIP","floor":18},{"not_picked":["Slice","Bane","Dagger Throw"],"picked":"SKIP","floor":19},{"not_picked":["Underhanded Strike","Dagger Spray+1","Acrobatics"],"picked":"SKIP","floor":23},{"not_picked":["Doppelganger","Catalyst","Dodge and Roll"],"picked":"SKIP","floor":24}],"player_experience":253101,"relics_obtained":[{"floor":7,"key":"Strawberry"},{"floor":8,"key":"MawBank"},{"floor":9,"key":"Bag of Preparation"},{"floor":12,"key":"CeramicFish"},{"floor":22,"key":"Nilry\u0027s Codex"},{"floor":23,"key":"Boot"}],"event_choices":[{"damage_healed":0,"gold_gain":0,"player_choice":"Searched \u00271\u0027 times","damage_taken":0,"max_hp_gain":0,"max_hp_loss":0,"event_name":"Dead Adventurer","floor":8,"gold_loss":0},{"damage_healed":25,"gold_gain":0,"player_choice":"Banana","damage_taken":0,"max_hp_gain":0,"max_hp_loss":0,"event_name":"Big Fish","floor":14,"gold_loss":0},{"damage_healed":0,"gold_gain":0,"player_choice":"Became a vampire","damage_taken":0,"max_hp_gain":0,"max_hp_loss":23,"event_name":"Vampires","floor":20,"gold_loss":0,"cards_obtained":["Bite","Bite","Bite","Bite","Bite"]},{"damage_healed":0,"gold_gain":0,"player_choice":"Obtained Book","damage_taken":16,"max_hp_gain":0,"max_hp_loss":0,"event_name":"Cursed Tome","floor":22,"gold_loss":0}],"is_beta":false,"boss_relics":[{"not_picked":["HoveringKite","Runic Pyramid"],"picked":"Philosopher\u0027s Stone"}],"items_purged_floors":[2,21],"is_endless":false,"potions_floor_spawned":[5,7,13,16,19],"killed_by":"Gremlin Leader","ascension_level":5}}