{"host":"9l1knhxfturzliqa","time":1611718096,"event":{"mods":["BaseMod","Colored Map","Colored Powertips","DeckTracker","Highlight Path","Keyboard Shortcuts","Minty Spire (QoL Compilation)","Random Character Button"],"gold_per_floor":[118,118,118,132,145,188,188,206,233,246,267,280,280,355,355,480,480,495,221,221,244,257,257,298,298,298,336,336,336,360,381,381,512,512,531,806,18,18,41,41,64,98,121,121,121,197,210,254,254,254],"floor_reached":51,"language":"KOR","playtime":3037,"items_purged":["Strike_B","Regret"],"score":971,"play_id":"0d1f95f0-5235-40a5-85ee-716726a97546","local_time":"20210127122816","is_ascension_mode":true,"campfire_choices":[{"data":"Sunder","floor":7.0,"key":"SMITH"},{"floor":13.0,"key":"REST"},{"floor":15.0,"key":"REST"},{"data":"Hologram","floor":23.0,"key":"SMITH"},{"floor":29.0,"key":"REST"},{"data":"Dualcast","floor":32.0,"key":"SMITH"},{"data":"Skim","floor":40.0,"key":"SMITH"},{"data":"Ghostly","floor":45.0,"key":"SMITH"},{"data":"Skim","floor":49,"key":"SMITH"}],"circlet_count":0,"master_deck":["Strike_B","Strike_B","Defend_B","Defend_B","Defend_B","Defend_B","Zap+1","Dualcast+1","Go for the Eyes","Stack","All For One","Sunder+1","Rebound","BootSequence","Steam","Skim+1","Undo","Core Surge","Hello World","Hologram+1","Genetic Algorithm","Aggregate","Skim+1","Gash","Ghostly+1","Ghostly","Ghostly","Ghostly","Ghostly","Turbo","Double Energy+1","Beam Cell+1","Meteor Strike","Hologram+1","Mayhem+1","Good Instincts+1","Steam+1","FTL","Stack+1","Steam+1","Skim+1","Leap+1","Streamline+1","Tempest+1"],"relics":["Cracked Core","NeowsBlessing","Golden Idol","Juzu Bracelet","Tiny Chest","Lantern","Sozu","Oddly Smooth Stone","Art of War","Frozen Egg 2","Toy Ornithopter","Toxic Egg 2","SlaversCollar","Shuriken","Eternal Feather","Pen Nib","Darkstone Periapt","Molten Egg 2"],"acts_visited":["Exordium","TheCity","TheBeyond"],"potions_floor_usage":[],"damage_taken":[{"damage":0.0,"enemies":"Jaw Worm","floor":1.0,"turns":1.0},{"damage":0.0,"enemies":"Cultist","floor":4.0,"turns":1.0},{"damage":0.0,"enemies":"2 Louse","floor":5.0,"turns":1.0},{"damage":27.0,"enemies":"3 Sentries","floor":6.0,"turns":8.0},{"damage":9.0,"enemies":"Red Slaver","floor":8.0,"turns":2.0},{"damage":11.0,"enemies":"Looter","floor":10.0,"turns":3.0},{"damage":0.0,"enemies":"Large Slime","floor":11.0,"turns":3.0},{"damage":0.0,"enemies":"Gremlin Gang","floor":12.0,"turns":3.0},{"damage":3.0,"enemies":"3 Sentries","floor":14.0,"turns":4.0},{"damage":40.0,"enemies":"Slime Boss","floor":16.0,"turns":10.0},{"damage":16.0,"enemies":"2 Thieves","floor":18.0,"turns":4.0},{"damage":0.0,"enemies":"Chosen","floor":21.0,"turns":4.0},{"damage":4.0,"enemies":"Snake Plant","floor":22.0,"turns":4.0},{"damage":31.0,"enemies":"Gremlin Leader","floor":24.0,"turns":8.0},{"damage":6.0,"enemies":"Slavers","floor":27.0,"turns":8.0},{"damage":0.0,"enemies":"Shelled Parasite and Fungi","floor":30.0,"turns":6.0},{"damage":0.0,"enemies":"Cultist and Chosen","floor":31.0,"turns":6.0},{"damage":1.0,"enemies":"Champ","floor":33.0,"turns":15.0},{"damage":0.0,"enemies":"3 Shapes","floor":35.0,"turns":5.0},{"damage":1.0,"enemies":"Orb Walker","floor":39.0,"turns":4.0},{"damage":4.0,"enemies":"3 Darklings","floor":41.0,"turns":5.0},{"damage":14.0,"enemies":"Nemesis","floor":42.0,"turns":9.0},{"damage":0.0,"enemies":"Transient","floor":47.0,"turns":5.0},{"damage":14,"enemies":"Reptomancer","floor":48,"turns":7},{"damage":24,"enemies":"Donu and Deca","floor":50,"turns":9}],"seed_played":"639417665053810549","potions_obtained":[{"floor":4.0,"key":"GamblersBrew"},{"floor":8.0,"key":"EssenceOfSteel"},{"floor":10.0,"key":"Regen Potion"},{"floor":14.0,"key":"Weak Potion"},{"floor":16.0,"key":"FearPotion"}],"is_trial":false,"path_per_floor":["M","?","?","M","M","E","R","M","T","M","M","M","R","?","R","B",null,"M","$","?","M","M","R","E","?","T","E","T","R","M","M","R","B",null,"M","?","$","?","M","R","M","E","T","?","R","T","M","E","R","B",null],"character_chosen":"DEFECT","items_purchased":["Hologram","Oddly Smooth Stone","Shuriken","Mayhem+1","Good Instincts+1","Steam+1","FTL","Stack+1"],"campfire_rested":3,"item_purchase_floors":[19,19,37,37,37,37,37,37],"current_hp_per_floor":[75,57,57,57,57,30,30,21,21,10,10,10,32,29,51,11,59,43,43,43,43,39,39,20,20,20,14,14,25,25,25,25,29,35,35,35,35,35,34,34,30,16,16,32,32,32,32,18,32,8],"gold":254,"neow_bonus":"THREE_ENEMY_KILL","is_daily":false,"chose_seed":false,"campfire_upgraded":6,"win_rate":0.0,"timestamp":1611718096,"path_taken":["M","?","?","M","?","E","R","M","T","M","M","M","R","?","R","BOSS","M","$","?","M","M","R","E","?","T","E","?","R","M","M","R","BOSS","M","?","$","?","M","R","M","E","T","?","R","?","M","E","R","BOSS"],"items_purchased_type":["Card","Relic","Relic","Card","Card","Card","Card","Card"],"build_version":"2020-12-22","purchased_purges":2,"victory":true,"max_hp_per_floor":[75,75,75,75,75,75,75,75,75,75,75,75,75,75,75,75,75,75,75,75,75,75,75,75,37,37,37,37,37,37,37,37,37,37,37,37,37,37,37,37,37,37,37,32,32,32,32,32,32,32],"card_choices":[{"not_picked":["Turbo","Compile Driver"],"picked":"Go for the Eyes","floor":1.0},{"not_picked":["Chaos","Sweeping Beam"],"picked":"Stack","floor":4.0},{"not_picked":["Sweeping Beam","Hologram"],"picked":"All For One","floor":5.0},{"not_picked":["Double Energy","Loop"],"picked":"Sunder","floor":6.0},{"not_picked":["Lockon","Loop"],"picked":"Rebound","floor":8.0},{"not_picked":["Sweeping Beam","Stack"],"picked":"BootSequence","floor":10.0},{"not_picked":["Barrage","Ball Lightning"],"picked":"Steam","floor":11.0},{"not_picked":["Compile Driver","BootSequence"],"picked":"Skim","floor":12.0},{"not_picked":["BootSequence","Barrage"],"picked":"Undo","floor":14.0},{"not_picked":["Thunder Strike","Fission"],"picked":"Core Surge","floor":16.0},{"not_picked":["Blizzard","Hologram"],"picked":"Hello World","floor":18.0},{"not_picked":["Coolheaded","Stack"],"picked":"Aggregate","floor":21.0},{"not_picked":["Barrage","Ball Lightning"],"picked":"Skim","floor":22.0},{"not_picked":["Stack","Steam"],"picked":"Gash","floor":24.0},{"not_picked":["Recycle+1","Doom and Gloom"],"picked":"Turbo","floor":27.0},{"not_picked":["Conserve Battery+1","Skim+1"],"picked":"Double Energy+1","floor":30.0},{"not_picked":["Rebound","Cold Snap"],"picked":"Beam Cell+1","floor":31.0},{"not_picked":["Fission+1","Rainbow+1"],"picked":"Meteor Strike","floor":33.0},{"not_picked":["Ball Lightning","Reprogram+1"],"picked":"Hologram+1","floor":35.0},{"not_picked":["Doom and Gloom","Compile Driver+1"],"picked":"Steam+1","floor":39.0},{"not_picked":["Auto Shields+1","Chaos+1"],"picked":"Skim+1","floor":41.0},{"not_picked":["Redo+1","Force Field+1"],"picked":"Leap+1","floor":42.0},{"not_picked":["Ball Lightning+1","Leap+1"],"picked":"Streamline+1","floor":47.0},{"not_picked":["Streamline+1","Turbo+1"],"picked":"Tempest+1","floor":48}],"player_experience":523514,"relics_obtained":[{"floor":6.0,"key":"Juzu Bracelet"},{"floor":9.0,"key":"Tiny Chest"},{"floor":24.0,"key":"Art of War"},{"floor":26.0,"key":"Frozen Egg 2"},{"floor":27.0,"key":"Toy Ornithopter"},{"floor":28.0,"key":"Toxic Egg 2"},{"floor":42.0,"key":"Eternal Feather"},{"floor":43.0,"key":"Pen Nib"},{"floor":46.0,"key":"Darkstone Periapt"},{"floor":48,"key":"Molten Egg 2"}],"event_choices":[{"damage_healed":0.0,"max_hp_gain":0.0,"max_hp_loss":0.0,"gold_gain":0.0,"event_name":"Golden Idol","player_choice":"Take Damage","floor":2.0,"gold_loss":0.0,"damage_taken":18.0,"relics_obtained":["Golden Idol"]},{"damage_healed":0.0,"max_hp_gain":0.0,"max_hp_loss":0.0,"gold_gain":0.0,"event_name":"Upgrade Shrine","player_choice":"Upgraded","floor":3.0,"gold_loss":0.0,"damage_taken":0.0,"cards_upgraded":["Zap"]},{"damage_healed":0.0,"max_hp_gain":0.0,"max_hp_loss":0.0,"gold_gain":0.0,"event_name":"Dead Adventurer","player_choice":"Searched \u00272\u0027 times","floor":14.0,"gold_loss":0.0,"damage_taken":0.0,"relics_obtained":["Lantern"]},{"damage_healed":0.0,"max_hp_gain":0.0,"max_hp_loss":0.0,"gold_gain":0.0,"event_name":"The Library","player_choice":"Read","floor":20.0,"gold_loss":0.0,"damage_taken":0.0,"cards_obtained":["Genetic Algorithm"]},{"damage_healed":0.0,"max_hp_gain":0.0,"max_hp_loss":38.0,"gold_gain":0.0,"event_name":"Ghosts","player_choice":"Became a Ghost","floor":25.0,"gold_loss":0.0,"damage_taken":0.0,"cards_obtained":["Ghostly","Ghostly","Ghostly","Ghostly","Ghostly"]},{"damage_healed":0.0,"max_hp_gain":0.0,"max_hp_loss":0.0,"gold_gain":275.0,"event_name":"Golden Shrine","player_choice":"Desecrate","floor":36.0,"gold_loss":0.0,"damage_taken":0.0,"cards_obtained":["Regret"]},{"cards_removed":["Strike_B"],"damage_healed":0.0,"max_hp_gain":0.0,"max_hp_loss":0.0,"gold_gain":0.0,"event_name":"Falling","player_choice":"Removed Attack","floor":38.0,"gold_loss":0.0,"damage_taken":0.0},{"damage_healed":32.0,"max_hp_gain":0.0,"max_hp_loss":5.0,"gold_gain":0.0,"event_name":"The Moai Head","player_choice":"Heal","floor":44.0,"gold_loss":0.0,"damage_taken":0.0}],"is_beta":false,"boss_relics":[{"not_picked":["Inserter","Cursed Key"],"picked":"Sozu"},{"not_picked":["Runic Dome","Coffee Dripper"],"picked":"SlaversCollar"}],"items_purged_floors":[19,37],"is_endless":false,"potions_floor_spawned":[4,8,10,14,16,18,21,24,30,35,42,48],"ascension_level":5}}