{"host":"9rmokdxh5r7c9fvy","time":1611741157,"event":{"mods":["AchievementEnabler","BaseMod","BetterRewards","Grow up Mod","Minty Spire (QoL Compilation)","Remove Card Discount Mod","StSLib","The Bug Knight"],"gold_per_floor":[111,111,9999303,9999323,9999368,9999401,9999416,9999439,9999439,9999452,9999516,9999530,9999568,9999581,9999581,9999677,9999677,9999698,9999722,9999126,9999126,9999141,9999141,9998440,9998508,9998508,9998522,9997923,9997941,9997941,9997982,9997982,9998077,9998077,9998096,9997582,9997638,9997638,9997663,9997663,9997702,9997702,9997702,9990709,9990749,9990790,9990790,9990790,9990790,9990790,9990790,9990790,9990790,9990721,9990765,9990765],"floor_reached":57,"language":"ENG","playtime":3079,"items_purged":["Defend_R","Defend_R","Defend_R","Defend_R","Strike_R","Strike_R","Strike_R","Strike_R","Strike_R","Anger","Hemokinesis","Bash","Whirlwind","Rampage+1","Dual Wield+1","Dark Embrace+1","Metallicize+1","Dark Embrace+1","Berserk+1","Berserk+1","Metallicize+1","Feel No Pain+1","Evolve+1","Fire Breathing+1","Rupture+1","Combust+1","Combust+1","Rupture+1","Fire Breathing+1","Dark Embrace+1","Evolve+1","Fire Breathing+1","Flex+1"],"score":3551,"play_id":"8838a7df-47bd-4fe0-a4f7-2bf47e4d5158","local_time":"20210127095237","is_ascension_mode":true,"campfire_choices":[{"floor":15.0,"key":"RECALL"},{"data":"Burning Pact","floor":23.0,"key":"SMITH"},{"data":"Flex","floor":32.0,"key":"SMITH"},{"data":"Thunderclap","floor":40.0,"key":"SMITH"},{"data":"Shrug It Off","floor":42.0,"key":"SMITH"},{"data":"1","floor":47.0,"key":"LIFT"},{"data":"2","floor":49.0,"key":"LIFT"},{"data":"3","floor":53,"key":"LIFT"}],"circlet_count":4,"master_deck":["AscendersBane","Shrug It Off+1","Thunderclap+1","Burning Pact+1","Limit Break+1","Heavy Blade+1","Limit Break+1","Inflame+1","Inflame+1","Dark Embrace+1","Inflame+1","Inflame+1"],"relics":["Unceasing Top","Golden Idol","Ornamental Fan","HollowMod:StagPassRelic","Frozen Eye","Happy Flower","Bottled Flame","Shuriken","Lantern","Sozu","OrangePellets","Darkstone Periapt","Pen Nib","Nunchaku","ClockworkSouvenir","Bottled Lightning","Gremlin Horn","Regal Pillow","Kunai","Centennial Puzzle","DollysMirror","HornCleat","Runic Pyramid","Singing Bowl","PreservedInsect","Prayer Wheel","The Courier","Self Forming Clay","Membership Card","Mummified Hand","Bag of Marbles","MealTicket","Potion Belt","Blue Candle","Frozen Egg 2","Blood Vial","Unceasing Top","Boot","Paper Frog","Girya","Molten Egg 2","Toxic Egg 2","Meat on the Bone","Charon\u0027s Ashes","Juzu Bracelet","HollowMod:LifeEnderRelic","Akabeko","Mercury Hourglass","Art of War","HollowMod:PaleOreRelic","Letter Opener","Peace Pipe","Orichalcum","CaptainsWheel","HollowMod:QueensCombRelic","Red Skull","StrikeDummy","White Beast Statue","Pear","Ancient Tea Set","Sundial","Vajra","Magic Flower","Eternal Feather","Toy Ornithopter","Ginger","InkBottle","Omamori","Bronze Scales","Question Card","Strawberry","Oddly Smooth Stone","Pantograph","CeramicFish","Du-Vu Doll","Dead Branch","Calipers","Dream Catcher","Mango","FossilizedHelix","Bag of Preparation","TungstenRod","Champion Belt","Incense Burner","Bird Faced Urn","Thread and Needle","Lizard Tail","StoneCalendar","Gambling Chip","Torii","Pocketwatch","Turnip","Ice Cream","Circlet","War Paint","Whetstone","Sling"],"acts_visited":["Exordium","TheCity","TheBeyond","TheEnding"],"potions_floor_usage":[],"damage_taken":[{"damage":0.0,"enemies":"2 Louse","floor":1.0,"turns":3.0},{"damage":0.0,"enemies":"Jaw Worm","floor":4.0,"turns":3.0},{"damage":0.0,"enemies":"Gremlin Nob","floor":6.0,"turns":5.0},{"damage":0.0,"enemies":"Small Slimes","floor":7.0,"turns":3.0},{"damage":0.0,"enemies":"Lots of Slimes","floor":8.0,"turns":3.0},{"damage":0.0,"enemies":"Large Slime","floor":10.0,"turns":4.0},{"damage":2.0,"enemies":"Lagavulin Event","floor":11.0,"turns":3.0},{"damage":2.0,"enemies":"2 Fungi Beasts","floor":12.0,"turns":3.0},{"damage":4.0,"enemies":"Lagavulin","floor":13.0,"turns":4.0},{"damage":0.0,"enemies":"3 Louse","floor":14.0,"turns":3.0},{"damage":2.0,"enemies":"Hexaghost","floor":16.0,"turns":3.0},{"damage":2.0,"enemies":"2 Thieves","floor":18.0,"turns":3.0},{"damage":10.0,"enemies":"Chosen and Byrds","floor":19.0,"turns":5.0},{"damage":2.0,"enemies":"Snake Plant","floor":22.0,"turns":4.0},{"damage":0.0,"enemies":"Cultist and Chosen","floor":27.0,"turns":4.0},{"damage":2.0,"enemies":"Centurion and Healer","floor":29.0,"turns":4.0},{"damage":0.0,"enemies":"Gremlin Leader","floor":31.0,"turns":3.0},{"damage":0.0,"enemies":"Automaton","floor":33.0,"turns":3.0},{"damage":0.0,"enemies":"Orb Walker","floor":35.0,"turns":3.0},{"damage":0.0,"enemies":"2 Orb Walkers","floor":37.0,"turns":3.0},{"damage":1.0,"enemies":"3 Darklings","floor":39.0,"turns":4.0},{"damage":0.0,"enemies":"Reptomancer","floor":41.0,"turns":3.0},{"damage":0.0,"enemies":"Mind Bloom Boss Battle","floor":45.0,"turns":3.0},{"damage":0.0,"enemies":"Giant Head","floor":46.0,"turns":3.0},{"damage":6,"enemies":"Time Eater","floor":50,"turns":2},{"damage":0,"enemies":"Donu and Deca","floor":51,"turns":3},{"damage":0,"enemies":"Shield and Spear","floor":55,"turns":3},{"damage":7,"enemies":"The Heart","floor":56,"turns":6}],"seed_played":"-3043493604210119229","potions_obtained":[{"floor":8.0,"key":"LiquidMemories"},{"floor":11.0,"key":"ElixirPotion"},{"floor":16.0,"key":"Regen Potion"}],"is_trial":false,"path_per_floor":["M","?","$","M","T","E","M","M","T","M","?","M","E","M","R","B",null,"M","M","$","?","M","R","$","T","T","M","$","M","?","E","R","B",null,"M","$","?","?","M","R","E","R","T","$","?","E","R","?","R","B","B",null,"R","$","E","B",null],"character_chosen":"IRONCLAD","items_purchased":["Ornamental Fan","HollowMod:StagPassRelic","Frozen Eye","Shrug It Off","Thunderclap","OrangePellets","Darkstone Periapt","Pen Nib","Rampage","Nunchaku","ClockworkSouvenir","Bottled Lightning","Kunai","Centennial Puzzle","DollysMirror","Singing Bowl","PreservedInsect","Combust","Membership Card","Mummified Hand","Bag of Marbles","MealTicket","Potion Belt","Blue Candle","Frozen Egg 2","Blood Vial","Unceasing Top","Boot","Paper Frog","Girya","Molten Egg 2","Toxic Egg 2","Meat on the Bone","Charon\u0027s Ashes","Juzu Bracelet","HollowMod:LifeEnderRelic","Akabeko","Mercury Hourglass","Art of War","HollowMod:PaleOreRelic","Letter Opener","Peace Pipe","Orichalcum","CaptainsWheel","HollowMod:QueensCombRelic","Red Skull","StrikeDummy","White Beast Statue","Pear","Ancient Tea Set","Sundial","Vajra","Magic Flower","Eternal Feather","Toy Ornithopter","Ginger","InkBottle","Omamori","Bronze Scales","Question Card","Strawberry","Oddly Smooth Stone","Pantograph","CeramicFish","Du-Vu Doll","Dead Branch","Calipers","Dream Catcher","Mango","FossilizedHelix","Bag of Preparation","TungstenRod","Champion Belt","Incense Burner","Bird Faced Urn","Thread and Needle","Lizard Tail","StoneCalendar","Gambling Chip","Torii","Pocketwatch","Turnip","Ice Cream","Circlet","War Paint","Whetstone","Dark Embrace+1","Dark Embrace+1","Fire Breathing+1","Metallicize+1","Dark Embrace+1","Berserk+1","Inflame+1","Rupture+1","Berserk+1","Inflame+1","Combust+1","Rupture+1","Fire Breathing+1","Evolve+1","Metallicize+1","Feel No Pain+1","Fire Breathing+1","Evolve+1","Dark Embrace+1","Sling"],"campfire_rested":0,"item_purchase_floors":[3,3,3,3,3,20,20,20,24,24,24,24,28,28,28,36,36,36,44,44,44,44,44,44,44,44,44,44,44,44,44,44,44,44,44,44,44,44,44,44,44,44,44,44,44,44,44,44,44,44,44,44,44,44,44,44,44,44,44,44,44,44,44,44,44,44,44,44,44,44,44,44,44,44,44,44,44,44,44,44,44,44,44,44,44,44,44,44,44,44,44,44,44,44,44,44,44,44,44,44,44,44,44,44,44,54],"current_hp_per_floor":[95,105,115,125,135,145,155,165,175,185,195,205,215,225,235,245,255,265,275,285,295,305,315,325,335,345,355,365,375,385,395,405,415,425,435,445,455,465,479,489,501,511,521,387,397,409,419,429,439,443,459,469,479,489,499,509],"gold":9990765,"neow_bonus":"BOSS_RELIC","is_daily":false,"chose_seed":false,"campfire_upgraded":4,"win_rate":0.0,"timestamp":1611741157,"path_taken":["M","?","$","M","?","E","M","M","T","M","?","M","E","M","R","BOSS","M","M","$","?","?","R","$","?","T","M","$","M","?","E","R","BOSS","M","$","?","?","M","R","E","R","T","$","?","E","R","?","R","BOSS","BOSS","R","$","E","BOSS"],"items_purchased_type":["Relic","Relic","Relic","Card","Card","Relic","Relic","Relic","Card","Relic","Relic","Relic","Relic","Relic","Relic","Relic","Relic","Card","Relic","Relic","Relic","Relic","Relic","Relic","Relic","Relic","Relic","Relic","Relic","Relic","Relic","Relic","Relic","Relic","Relic","Relic","Relic","Relic","Relic","Relic","Relic","Relic","Relic","Relic","Relic","Relic","Relic","Relic","Relic","Relic","Relic","Relic","Relic","Relic","Relic","Relic","Relic","Relic","Relic","Relic","Relic","Relic","Relic","Relic","Relic","Relic","Relic","Relic","Relic","Relic","Relic","Relic","Relic","Relic","Relic","Relic","Relic","Relic","Relic","Relic","Relic","Relic","Relic","Undefined","Relic","Relic","Card","Card","Card","Card","Card","Card","Card","Card","Card","Card","Card","Card","Card","Card","Card","Card","Card","Card","Card","Relic"],"build_version":"2020-12-22","purchased_purges":33,"victory":true,"max_hp_per_floor":[95,105,115,125,135,145,155,165,175,185,195,205,215,225,235,245,255,265,275,285,295,305,315,325,335,345,355,365,375,385,395,405,415,425,435,445,455,465,479,489,501,511,521,387,397,409,419,429,439,449,459,469,479,489,499,509],"card_choices":[{"not_picked":["Perfected Strike","Headbutt"],"picked":"Flex","floor":1.0},{"not_picked":["Iron Wave","Clothesline","Body Slam"],"picked":"SKIP","floor":4.0},{"not_picked":["Thunderclap","Feel No Pain","Wild Strike"],"picked":"SKIP","floor":6.0},{"not_picked":["Cleave","Wild Strike"],"picked":"Anger","floor":7.0},{"not_picked":["Warcry","True Grit","Second Wind"],"picked":"SKIP","floor":8.0},{"not_picked":["Armaments","Infernal Blade"],"picked":"Hemokinesis","floor":10.0},{"not_picked":["Blood for Blood","Clash"],"picked":"Burning Pact","floor":11.0},{"not_picked":["Armaments","Heavy Blade","Reaper"],"picked":"SKIP","floor":12.0},{"not_picked":["Wild Strike","Flame Barrier"],"picked":"Whirlwind","floor":13.0},{"not_picked":["Spot Weakness","Feel No Pain","True Grit"],"picked":"SKIP","floor":14.0},{"not_picked":["Corruption","Bludgeon"],"picked":"Limit Break","floor":16.0},{"not_picked":["Fire Breathing","Carnage","Heavy Blade"],"picked":"SKIP","floor":18.0},{"not_picked":["Fire Breathing","Wild Strike","Rage"],"picked":"SKIP","floor":19.0},{"not_picked":["Sentinel","Rage","Flame Barrier"],"picked":"SKIP","floor":22.0},{"not_picked":["Armaments","Pummel"],"picked":"Heavy Blade","floor":27.0},{"not_picked":["Whirlwind","Perfected Strike","Wild Strike"],"picked":"SKIP","floor":29.0},{"not_picked":["Clothesline","Iron Wave","Flex"],"picked":"SKIP","floor":31.0},{"not_picked":["Rage","Fire Breathing+1","Infernal Blade"],"picked":"SKIP","floor":35.0},{"not_picked":["Thunderclap","Rampage+1"],"picked":"Dual Wield+1","floor":37.0},{"not_picked":["Cleave","Warcry","Power Through+1"],"picked":"Singing Bowl","floor":39.0},{"not_picked":["Sword Boomerang","Shrug It Off+1","Cleave"],"picked":"Singing Bowl","floor":39.0},{"not_picked":["Headbutt","Bludgeon","Sever Soul"],"picked":"Singing Bowl","floor":41.0},{"not_picked":["Feel No Pain+1","Sentinel+1","Ghostly Armor+1"],"picked":"Inflame+1","floor":45.0},{"not_picked":["Rage+1","Feel No Pain+1","Blood for Blood+1","True Grit+1"],"picked":"Singing Bowl","floor":46.0},{"not_picked":["Ghostly Armor+1","Carnage+1","Fire Breathing+1"],"picked":"Inflame+1","floor":55}],"player_experience":99811,"relics_obtained":[{"floor":6.0,"key":"Happy Flower"},{"floor":9.0,"key":"Bottled Flame"},{"floor":13.0,"key":"Lantern"},{"floor":25.0,"key":"Gremlin Horn"},{"floor":26.0,"key":"Regal Pillow"},{"floor":31.0,"key":"HornCleat"},{"floor":37.0,"key":"Prayer Wheel"},{"floor":41.0,"key":"The Courier"},{"floor":43.0,"key":"Self Forming Clay"},{"floor":45.0,"key":"Circlet"},{"floor":46.0,"key":"Circlet"},{"floor":55,"key":"Circlet"}],"event_choices":[{"damage_healed":0.0,"max_hp_gain":0.0,"max_hp_loss":0.0,"gold_gain":0.0,"event_name":"Golden Idol","player_choice":"Take Damage","floor":2.0,"gold_loss":0.0,"damage_taken":33.0,"relics_obtained":["Golden Idol"]},{"damage_healed":0.0,"max_hp_gain":0.0,"max_hp_loss":0.0,"gold_gain":30.0,"event_name":"Dead Adventurer","player_choice":"Searched \u00273\u0027 times","floor":11.0,"gold_loss":0.0,"damage_taken":0.0,"relics_obtained":["Shuriken"]},{"damage_healed":0.0,"max_hp_gain":0.0,"max_hp_loss":0.0,"gold_gain":0.0,"event_name":"Accursed Blacksmith","player_choice":"Forge","floor":21.0,"gold_loss":0.0,"damage_taken":0.0,"cards_upgraded":["Limit Break"]},{"damage_healed":0.0,"max_hp_gain":0.0,"max_hp_loss":0.0,"gold_gain":0.0,"event_name":"The Mausoleum","player_choice":"Ignored","floor":30.0,"gold_loss":0.0,"damage_taken":0.0},{"damage_healed":0.0,"max_hp_gain":0.0,"max_hp_loss":0.0,"gold_gain":0.0,"event_name":"Mysterious Sphere","player_choice":"Fight","floor":37.0,"gold_loss":0.0,"damage_taken":0.0},{"damage_healed":0.0,"max_hp_gain":0.0,"max_hp_loss":0.0,"gold_gain":0.0,"event_name":"Upgrade Shrine","player_choice":"Upgraded","floor":38.0,"gold_loss":0.0,"damage_taken":0.0,"cards_upgraded":["Heavy Blade"]},{"damage_healed":0.0,"max_hp_gain":0.0,"max_hp_loss":0.0,"gold_gain":0.0,"event_name":"MindBloom","player_choice":"Fight","floor":45.0,"gold_loss":0.0,"damage_taken":0.0},{"damage_healed":0.0,"max_hp_gain":0.0,"max_hp_loss":0.0,"gold_gain":0.0,"event_name":"Lab","player_choice":"Got Potions","floor":48.0,"gold_loss":0.0,"damage_taken":0.0}],"is_beta":false,"boss_relics":[{"not_picked":["Runic Dome","Snecko Eye"],"picked":"Sozu"},{"not_picked":["Velvet Choker","Calling Bell"],"picked":"Runic Pyramid"}],"items_purged_floors":[3,3,3,3,20,20,20,20,20,24,24,24,28,36,44,44,44,44,44,44,44,44,44,44,44,44,44,44,44,44,44,44,44],"is_endless":false,"potions_floor_spawned":[8,11,12,14,16,22,31,33,35,37,41,45,46,55],"ascension_level":20}}