{"host":"uonldg9uriwfhjjx","time":1611784800,"event":{"mods":["AchievementEnabler","BaseMod","Colored Map","Colored Powertips","Curses Come First","Highlight Path","Minty Spire (QoL Compilation)","Rare Cards Sparkle","Relic Stats","StSLib","The Cursed","The Marked"],"gold_per_floor":[119,119,138,138,184,222,222,237,289,17,50,50,68,106,106,205,205,229,32,51,51,51],"floor_reached":21,"language":"ENG","playtime":494,"items_purged":[],"score":364,"play_id":"d87f36c1-6399-432a-8413-e588a6951880","local_time":"20210127170000","is_ascension_mode":true,"campfire_choices":[{"data":"Inflame","floor":7,"key":"SMITH"},{"data":"Enlightenment","floor":12,"key":"SMITH"},{"data":"Feed","floor":15,"key":"SMITH"}],"circlet_count":0,"master_deck":["AscendersBane","Strike_R","Strike_R+1","Strike_R","Strike_R","Defend_R","Defend_R","Defend_R","Defend_R","Bash","Inflame+1","Twin Strike+1","Spot Weakness","Feed+1","Enlightenment+1","Inflame","Clothesline","Cleave","Feed","CurseOfTheBell","Shrug It Off+1","Twin Strike","Armaments"],"relics":["Burning Blood","Golden Idol","Art of War","PreservedInsect","Whetstone","StoneCalendar","Frozen Egg 2","Calling Bell","Tiny Chest","White Beast Statue","Shovel","Red Skull"],"acts_visited":["Exordium","TheCity"],"potions_floor_usage":[6,16,18,20,21],"damage_taken":[{"damage":13,"enemies":"2 Louse","floor":1,"turns":3},{"damage":1,"enemies":"Cultist","floor":3,"turns":3},{"damage":8,"enemies":"Gremlin Nob","floor":6,"turns":3},{"damage":2,"enemies":"Jaw Worm","floor":8,"turns":2},{"damage":20,"enemies":"Lagavulin","floor":11,"turns":4},{"damage":24,"enemies":"Exordium Wildlife","floor":13,"turns":5},{"damage":16,"enemies":"Gremlin Nob","floor":14,"turns":3},{"damage":28,"enemies":"Slime Boss","floor":16,"turns":5},{"damage":23,"enemies":"Spheric Guardian","floor":18,"turns":5},{"damage":35,"enemies":"Shell Parasite","floor":20,"turns":4},{"damage":24,"enemies":"3 Cultists","floor":21,"turns":3}],"seed_played":"-2911138962635332846","potions_obtained":[{"floor":1,"key":"CultistPotion"},{"floor":8,"key":"AttackPotion"},{"floor":11,"key":"SkillPotion"},{"floor":18,"key":"LiquidMemories"},{"floor":20,"key":"AttackPotion"}],"is_trial":false,"path_per_floor":["M","?","M","?","T","E","R","M","T","$","E","R","M","E","R","B",null,"M","$","M","M"],"character_chosen":"IRONCLAD","items_purchased":["Feed","Enlightenment","Red Skull","Twin Strike"],"campfire_rested":0,"item_purchase_floors":[10,10,19,19],"current_hp_per_floor":[68,68,73,73,73,71,71,74,74,74,63,63,45,35,35,13,61,44,44,18,0,0],"gold":51,"neow_bonus":"TEN_PERCENT_HP_BONUS","is_daily":false,"chose_seed":false,"campfire_upgraded":3,"win_rate":0.0,"timestamp":1611784800,"path_taken":["M","?","?","?","?","E","R","M","T","$","E","R","M","E","R","BOSS","M","$","?","M"],"items_purchased_type":["Card","Card","Relic","Card"],"build_version":"2020-12-22","purchased_purges":0,"victory":false,"max_hp_per_floor":[82,82,82,74,74,74,74,74,74,74,77,77,77,77,77,77,77,77,77,80,80,80],"relic_stats":{"Shovel":0,"counters":[11,40],"Golden Idol":59,"StoneCalendar":[0],"Tiny Chest":0,"PreservedInsect":52,"Art of War":[3],"Whetstone":["Strike_R","Twin Strike"],"obtain_stats":[{"Calling Bell":17,"Shovel":17,"Golden Idol":4,"StoneCalendar":11,"Tiny Chest":17,"PreservedInsect":6,"Art of War":5,"Whetstone":9,"Frozen Egg 2":14,"Burning Blood":0,"White Beast Statue":17,"Red Skull":19},{"Calling Bell":8,"Shovel":8,"Golden Idol":2,"StoneCalendar":5,"Tiny Chest":8,"PreservedInsect":3,"Art of War":2,"Whetstone":4,"Frozen Egg 2":7,"Burning Blood":0,"White Beast Statue":8,"Red Skull":9},{"Calling Bell":28,"Shovel":28,"Golden Idol":6,"StoneCalendar":15,"Tiny Chest":28,"PreservedInsect":9,"Art of War":6,"Whetstone":11,"Frozen Egg 2":23,"Burning Blood":0,"White Beast Statue":28,"Red Skull":33}],"Burning Blood":59},"card_choices":[{"not_picked":["Sentinel","Warcry"],"picked":"Inflame","floor":1},{"not_picked":["Iron Wave","Heavy Blade"],"picked":"Twin Strike","floor":3},{"not_picked":["Feel No Pain","Thunderclap"],"picked":"Spot Weakness","floor":6},{"not_picked":["Carnage","True Grit","Shockwave"],"picked":"SKIP","floor":8},{"not_picked":["Sentinel","Dropkick"],"picked":"Inflame","floor":11},{"not_picked":["Pummel","Reckless Charge"],"picked":"Clothesline","floor":13},{"not_picked":["Clothesline","Power Through"],"picked":"Cleave","floor":14},{"not_picked":["Exhume","Fiend Fire"],"picked":"Feed","floor":16},{"not_picked":["Wild Strike","Pommel Strike"],"picked":"Shrug It Off+1","floor":18},{"not_picked":["Burning Pact","Searing Blow+1"],"picked":"Armaments","floor":20}],"player_experience":818807,"relics_obtained":[{"floor":5,"key":"Art of War"},{"floor":6,"key":"PreservedInsect"},{"floor":9,"key":"Whetstone"},{"floor":11,"key":"StoneCalendar"},{"floor":14,"key":"Frozen Egg 2"},{"floor":17,"key":"Tiny Chest"},{"floor":17,"key":"White Beast Statue"},{"floor":17,"key":"Shovel"}],"event_choices":[{"cards_removed":["Strike_R"],"damage_healed":0,"gold_gain":0,"player_choice":"Offered Basic","damage_taken":0,"max_hp_gain":0,"max_hp_loss":0,"event_name":"Bonfire Elementals","floor":2,"gold_loss":0},{"damage_healed":0,"gold_gain":0,"player_choice":"Lose Max HP","damage_taken":0,"relics_obtained":["Golden Idol"],"max_hp_gain":0,"max_hp_loss":8,"event_name":"Golden Idol","floor":4,"gold_loss":0}],"is_beta":false,"boss_relics":[{"not_picked":["Mark of Pain","Tiny House"],"picked":"Calling Bell"}],"items_purged_floors":[],"is_endless":false,"potions_floor_spawned":[1,8,11,13,18,20],"killed_by":"3 Cultists","ascension_level":17}}