{"host":"1ekl8hlbnopmdapi","time":1611773058,"event":{"mods":["AchievementEnabler","BaseMod","Colored Map","Colored Powertips","DeckTracker","Googly Eyes","Highlight Path","Minty Spire (QoL Compilation)","Relic Sorter","StSLib","Synergy Search"],"gold_per_floor":[115,129,129,140,140,140,140,205,230,230,244,259,294,308,308,308,308],"floor_reached":16,"language":"ENG","playtime":470,"items_purged":[],"score":130,"play_id":"1779f988-9440-4f89-a44f-4f20cd576731","local_time":"20210127134418","is_ascension_mode":true,"campfire_choices":[{"floor":6,"key":"RECALL"},{"floor":10,"key":"REST"},{"floor":15,"key":"REST"}],"circlet_count":0,"master_deck":["Strike_G","Strike_G","Strike_G","Strike_G","Strike_G","Defend_G","Defend_G","Defend_G","Defend_G","Defend_G","Survivor","Neutralize+1","Terror","Poisoned Stab","Caltrops","Skewer","Poisoned Stab","Dagger Spray","Poisoned Stab","Unload"],"relics":["Ring of the Snake","SsserpentHead","Regal Pillow"],"acts_visited":["Exordium"],"potions_floor_usage":[8,8,14],"damage_taken":[{"damage":12,"enemies":"Jaw Worm","floor":1,"turns":6},{"damage":8,"enemies":"Small Slimes","floor":2,"turns":5},{"damage":4,"enemies":"2 Louse","floor":4,"turns":3},{"damage":5,"enemies":"Gremlin Gang","floor":8,"turns":2},{"damage":14,"enemies":"Exordium Thugs","floor":11,"turns":4},{"damage":17,"enemies":"2 Fungi Beasts","floor":12,"turns":3},{"damage":36,"enemies":"Lagavulin","floor":13,"turns":8},{"damage":6,"enemies":"Blue Slaver","floor":14,"turns":3},{"damage":42,"enemies":"Slime Boss","floor":16,"turns":6}],"seed_played":"5782727225502090479","potions_obtained":[{"floor":2,"key":"SteroidPotion"},{"floor":4,"key":"Explosive Potion"},{"floor":11,"key":"Fruit Juice"}],"is_trial":false,"path_per_floor":["M","M","?","M","?","R","?","M","T","R","M","M","E","M","R","B"],"character_chosen":"THE_SILENT","items_purchased":[],"campfire_rested":2,"item_purchase_floors":[],"current_hp_per_floor":[65,57,57,53,53,53,53,48,48,71,57,40,4,3,42,0,0],"gold":308,"neow_bonus":"TEN_PERCENT_HP_BONUS","is_daily":false,"chose_seed":false,"campfire_upgraded":0,"win_rate":0.0,"timestamp":1611773058,"path_taken":["M","M","?","M","?","R","?","?","T","R","M","M","E","M","R","BOSS"],"items_purchased_type":[],"build_version":"2020-12-22","purchased_purges":0,"victory":false,"max_hp_per_floor":[77,77,77,77,77,77,77,77,77,77,77,77,77,82,82,82,82],"card_choices":[{"not_picked":["Deflect","Catalyst"],"picked":"Terror","floor":1},{"not_picked":["Slice","Quick Slash"],"picked":"Poisoned Stab","floor":2},{"not_picked":["Masterful Stab","PiercingWail"],"picked":"Caltrops","floor":4},{"not_picked":["Catalyst","Reflex"],"picked":"Skewer","floor":8},{"not_picked":["All Out Attack","Crippling Poison"],"picked":"Poisoned Stab","floor":11},{"not_picked":["Accuracy","Underhanded Strike"],"picked":"Dagger Spray","floor":12},{"not_picked":["Bane","Blur"],"picked":"Poisoned Stab","floor":13},{"not_picked":["Flechettes","Concentrate"],"picked":"Unload","floor":14}],"player_experience":501908,"relics_obtained":[{"floor":13,"key":"Regal Pillow"}],"event_choices":[{"damage_healed":0,"gold_gain":0,"player_choice":"Ignored","damage_taken":0,"max_hp_gain":0,"max_hp_loss":0,"event_name":"Liars Game","floor":3,"gold_loss":0},{"damage_healed":0,"gold_gain":0,"player_choice":"Grow","damage_taken":0,"max_hp_gain":0,"max_hp_loss":0,"event_name":"Living Wall","floor":5,"gold_loss":0,"cards_upgraded":["Neutralize"]},{"damage_healed":0,"gold_gain":0,"player_choice":"Trade","damage_taken":0,"relics_obtained":["SsserpentHead"],"max_hp_gain":0,"max_hp_loss":0,"event_name":"FaceTrader","floor":7,"gold_loss":0}],"is_beta":false,"boss_relics":[],"items_purged_floors":[],"is_endless":false,"potions_floor_spawned":[2,4,11],"killed_by":"Slime Boss","ascension_level":5}}