{"host":"7qoz5gmva6til3yp","time":1611760665,"event":{"mods":["AchievementEnabler","BaseMod","Minty Spire (QoL Compilation)","StSLib","SuperFastMode"],"gold_per_floor":[10,10,34,47,62,93,93,129,129,129,129,149,165,20,20,143,143,163,163,183,282,295,295,326,351,423,73,86,111,149,162,162,290,290,306,330,330,330,357,357,393,493,516,516,551,551,574,242,242,242],"floor_reached":51,"language":"KOR","playtime":3185,"items_purged":["Strike_P","ReachHeaven+1","Strike_P"],"score":1326,"play_id":"4b761854-92c0-4d95-a9d1-b8207b657b4a","local_time":"20210128001745","is_ascension_mode":true,"campfire_choices":[{"data":"Eruption","floor":7,"key":"SMITH"},{"floor":11,"key":"REST"},{"floor":15,"key":"REST"},{"floor":23,"key":"REST"},{"data":"Adaptation","floor":32,"key":"SMITH"},{"data":"Vault","floor":40,"key":"SMITH"},{"data":"MentalFortress","floor":44,"key":"SMITH"},{"floor":46,"key":"REST"},{"floor":49,"key":"REST"}],"circlet_count":0,"master_deck":["AscendersBane","Strike_P+1","Defend_P+1","Eruption+1","Vigilance+1","Ragnarok+1","Prostrate+1","MentalFortress+1","CrushJoints+1","Scrawl+1","LessonLearned+1","ClearTheMind+1","Halt+1","Adaptation+1","Flash of Steel","TalkToTheHand+1","Vault+1","CurseOfTheBell","MentalFortress","EmptyFist+1","FlurryOfBlows+1","MentalFortress"],"relics":["PureWater","Golden Idol","StrikeDummy","Vajra","Shuriken","Astrolabe","Enchiridion","Calipers","War Paint","Mummified Hand","Mango","Calling Bell","CeramicFish","Blue Candle","Unceasing Top","Pocketwatch","Potion Belt","Boot","Medical Kit"],"acts_visited":["Exordium","TheCity","TheBeyond"],"potions_floor_usage":[6,12,16,22,30,30,50,50],"damage_taken":[{"damage":2,"enemies":"Jaw Worm","floor":1,"turns":3},{"damage":1,"enemies":"2 Louse","floor":3,"turns":2},{"damage":0,"enemies":"Cultist","floor":4,"turns":2},{"damage":29,"enemies":"Exordium Thugs","floor":5,"turns":3},{"damage":45,"enemies":"3 Sentries","floor":6,"turns":10},{"damage":28,"enemies":"Gremlin Nob","floor":8,"turns":5},{"damage":13,"enemies":"Blue Slaver","floor":12,"turns":3},{"damage":6,"enemies":"Looter","floor":13,"turns":2},{"damage":30,"enemies":"Slime Boss","floor":16,"turns":7},{"damage":0,"enemies":"Chosen","floor":18,"turns":3},{"damage":19,"enemies":"2 Thieves","floor":20,"turns":5},{"damage":17,"enemies":"Centurion and Healer","floor":22,"turns":3},{"damage":83,"enemies":"Slavers","floor":24,"turns":5},{"damage":0,"enemies":"Cultist and Chosen","floor":28,"turns":2},{"damage":20,"enemies":"Snake Plant","floor":29,"turns":3},{"damage":2,"enemies":"Book of Stabbing","floor":30,"turns":3},{"damage":0,"enemies":"3 Cultists","floor":31,"turns":3},{"damage":0,"enemies":"Automaton","floor":33,"turns":4},{"damage":1,"enemies":"3 Darklings","floor":35,"turns":4},{"damage":0,"enemies":"3 Shapes","floor":36,"turns":3},{"damage":27,"enemies":"Transient","floor":39,"turns":5},{"damage":1,"enemies":"Reptomancer","floor":41,"turns":2},{"damage":6,"enemies":"Nemesis","floor":45,"turns":8},{"damage":40,"enemies":"4 Shapes","floor":47,"turns":4},{"damage":45,"enemies":"Time Eater","floor":50,"turns":6}],"seed_played":"-4623928602720137216","potions_obtained":[{"floor":5,"key":"LiquidMemories"},{"floor":6,"key":"Fruit Juice"},{"floor":8,"key":"GamblersBrew"},{"floor":12,"key":"Fire Potion"},{"floor":22,"key":"SkillPotion"},{"floor":24,"key":"SkillPotion"},{"floor":30,"key":"BottledMiracle"},{"floor":35,"key":"Energy Potion"},{"floor":41,"key":"GamblersBrew"}],"is_trial":false,"path_per_floor":["M","?","M","M","M","E","R","E","T","?","R","M","M","$","R","B",null,"M","?","M","?","M","R","E","T","T","$","M","M","E","M","R","B",null,"M","M","?","?","M","R","E","?","T","R","E","R","M","$","R","B",null],"character_chosen":"WATCHER","items_purchased":["Scrawl","Adaptation","Flash of Steel","TalkToTheHand","Medical Kit","MentalFortress"],"campfire_rested":5,"item_purchase_floors":[14,27,27,27,48,48],"current_hp_per_floor":[63,45,44,44,15,39,39,11,11,11,32,24,18,18,41,11,61,61,45,26,26,9,32,19,19,19,19,19,57,69,69,69,69,86,85,85,85,75,48,48,47,47,47,47,41,68,28,28,55,10],"gold":242,"neow_bonus":"THREE_RARE_CARDS","is_daily":false,"chose_seed":false,"campfire_upgraded":4,"win_rate":0.0,"timestamp":1611760665,"path_taken":["M","?","M","M","M","E","R","E","T","?","R","?","M","?","R","BOSS","M","?","M","?","M","R","E","?","T","$","M","M","E","M","R","BOSS","M","M","?","?","M","R","E","?","T","R","E","R","M","$","R","BOSS"],"items_purchased_type":["Card","Card","Card","Card","Relic","Card"],"build_version":"2020-12-22","purchased_purges":3,"victory":true,"max_hp_per_floor":[72,72,72,72,72,72,72,72,72,72,72,77,77,77,77,77,77,77,77,77,77,77,77,77,77,77,77,77,77,91,91,91,91,91,91,91,91,91,91,91,91,91,91,91,91,91,91,91,91,91],"card_choices":[{"not_picked":["LessonLearned","Vault"],"picked":"Ragnarok","floor":0},{"not_picked":["Evaluate","ThirdEye","FollowUp"],"picked":"SKIP","floor":1},{"not_picked":["BowlingBash","Crescendo","PathToVictory"],"picked":"SKIP","floor":3},{"not_picked":["LikeWater","DevaForm","Consecrate"],"picked":"SKIP","floor":4},{"not_picked":["WaveOfTheHand","ClearTheMind"],"picked":"Prostrate","floor":5},{"not_picked":["JustLucky","DeusExMachina"],"picked":"MentalFortress","floor":6},{"not_picked":["WheelKick","FlurryOfBlows","PathToVictory"],"picked":"SKIP","floor":8},{"not_picked":["Protect","Weave"],"picked":"CrushJoints","floor":12},{"not_picked":["PathToVictory","Protect","BowlingBash"],"picked":"SKIP","floor":13},{"not_picked":["Omniscience","Scrawl"],"picked":"LessonLearned","floor":16},{"not_picked":["CrushJoints","Halt","Fasting2"],"picked":"SKIP","floor":18},{"not_picked":["CutThroughFate","EmptyMind","Pray"],"picked":"SKIP","floor":20},{"not_picked":["FollowUp","Crescendo+1","SashWhip"],"picked":"SKIP","floor":22},{"not_picked":["CrushJoints","Prostrate","Wireheading"],"picked":"SKIP","floor":24},{"not_picked":["Protect","Sanctity","CarveReality"],"picked":"SKIP","floor":28},{"not_picked":["SashWhip","Evaluate"],"picked":"Vault","floor":29},{"not_picked":["Meditate","Evaluate","FollowUp"],"picked":"SKIP","floor":30},{"not_picked":["Crescendo","FollowUp","Pray"],"picked":"SKIP","floor":31},{"not_picked":["Consecrate","FollowUp","Prostrate"],"picked":"SKIP","floor":35},{"not_picked":["SignatureMove","Evaluate+1"],"picked":"MentalFortress","floor":36},{"not_picked":["JustLucky","CutThroughFate+1"],"picked":"EmptyFist","floor":39},{"not_picked":["FollowUp","DeceiveReality","Prostrate"],"picked":"SKIP","floor":41},{"not_picked":["Pray","ThirdEye+1","Prostrate+1"],"picked":"SKIP","floor":45},{"not_picked":["Evaluate+1","Meditate+1"],"picked":"FlurryOfBlows+1","floor":47}],"player_experience":454717,"relics_obtained":[{"floor":6,"key":"StrikeDummy"},{"floor":8,"key":"Vajra"},{"floor":9,"key":"Shuriken"},{"floor":19,"key":"Enchiridion"},{"floor":24,"key":"Calipers"},{"floor":25,"key":"War Paint"},{"floor":26,"key":"Mummified Hand"},{"floor":30,"key":"Mango"},{"floor":34,"key":"CeramicFish"},{"floor":34,"key":"Blue Candle"},{"floor":34,"key":"Unceasing Top"},{"floor":41,"key":"Pocketwatch"},{"floor":43,"key":"Potion Belt"},{"floor":45,"key":"Boot"}],"event_choices":[{"damage_healed":0,"gold_gain":0,"player_choice":"Take Damage","damage_taken":18,"relics_obtained":["Golden Idol"],"max_hp_gain":0,"max_hp_loss":0,"event_name":"Golden Idol","floor":2,"gold_loss":0},{"cards_removed":["Defend_P"],"damage_healed":0,"gold_gain":0,"player_choice":"Purged","damage_taken":0,"max_hp_gain":0,"max_hp_loss":0,"event_name":"Purifier","floor":10,"gold_loss":0},{"damage_healed":0,"gold_gain":0,"player_choice":"Obtained Book","damage_taken":16,"max_hp_gain":0,"max_hp_loss":0,"event_name":"Cursed Tome","floor":19,"gold_loss":0},{"damage_healed":0,"gold_gain":99,"player_choice":"Stole From Cult","damage_taken":0,"max_hp_gain":0,"max_hp_loss":0,"event_name":"Nest","floor":21,"gold_loss":0},{"damage_healed":0,"gold_gain":0,"player_choice":"Ignored","damage_taken":0,"max_hp_gain":0,"max_hp_loss":0,"event_name":"Tomb of Lord Red Mask","floor":37,"gold_loss":0},{"damage_healed":0,"gold_gain":0,"player_choice":"Memory 3","damage_taken":10,"max_hp_gain":0,"max_hp_loss":0,"event_name":"SensoryStone","floor":38,"gold_loss":0},{"damage_healed":0,"gold_gain":100,"player_choice":"Pray","damage_taken":0,"max_hp_gain":0,"max_hp_loss":0,"event_name":"Golden Shrine","floor":42,"gold_loss":0}],"is_beta":false,"boss_relics":[{"not_picked":["Tiny House","SacredBark"],"picked":"Astrolabe"},{"not_picked":["Black Star","Busted Crown"],"picked":"Calling Bell"}],"items_purged_floors":[14,27,48],"is_endless":false,"potions_floor_spawned":[5,6,8,12,22,24,28,30,35,41],"ascension_level":12}}