{"host":"qxeepl7ydvsgmfdb","time":1611752187,"event":{"mods":["AchievementEnabler","BaseMod","Colored Powertips","Minty Spire (QoL Compilation)","Quick Restart","slay the spire mod where everything is the same but ironclad has a cowboy hat"],"gold_per_floor":[116,291,92,92,109,137,115,115,138,138,148,5,16,33,33,128,128,147,147,147,147,422,422,422],"floor_reached":23,"language":"ENG","playtime":757,"items_purged":[],"score":290,"play_id":"3c2998a5-ed57-4051-9cbe-5732655df95d","local_time":"20210127075627","is_ascension_mode":true,"campfire_choices":[{"floor":8,"key":"REST"},{"data":"Distraction","floor":15,"key":"SMITH"}],"circlet_count":0,"master_deck":["AscendersBane","Strike_G","Strike_G","Strike_G","Defend_G","Defend_G","Defend_G","Defend_G","Defend_G","Survivor","Neutralize","CurseOfTheBell","Dagger Spray","Blade Dance","Poisoned Stab","Poisoned Stab","Deflect","Distraction+1","Deadly Poison","Blade Dance+1"],"relics":["Calling Bell","Omamori","Paper Crane","Gambling Chip","HandDrill","Eternal Feather","Oddly Smooth Stone","Juzu Bracelet","Nunchaku","Molten Egg 2","Empty Cage","CultistMask"],"acts_visited":["Exordium","TheCity"],"potions_floor_usage":[6,13],"damage_taken":[{"damage":2.0,"enemies":"Jaw Worm","floor":1.0,"turns":6.0},{"damage":0.0,"enemies":"2 Louse","floor":5.0,"turns":3.0},{"damage":30,"enemies":"3 Sentries","floor":6,"turns":12},{"damage":0,"enemies":"Cultist","floor":11,"turns":3},{"damage":3,"enemies":"Exordium Wildlife","floor":13,"turns":2},{"damage":8,"enemies":"Red Slaver","floor":14,"turns":4},{"damage":28,"enemies":"The Guardian","floor":16,"turns":12},{"damage":15,"enemies":"Shell Parasite","floor":18,"turns":5},{"damage":68,"enemies":"Book of Stabbing","floor":23,"turns":7}],"seed_played":"-828594298717271548","potions_obtained":[{"floor":5.0,"key":"SkillPotion"},{"floor":6,"key":"LiquidMemories"}],"is_trial":false,"path_per_floor":["M","?","$","?","M","E","$","R","T","T","M","?","M","M","R","B",null,"M","?","$","?","?","E"],"character_chosen":"THE_SILENT","items_purchased":["HandDrill","Dagger Spray","Poisoned Stab"],"campfire_rested":1,"item_purchase_floors":[3,3,7],"current_hp_per_floor":[61,61,61,58,58,28,28,58,58,58,58,58,55,47,59,31,60,45,68,68,68,68,0,0],"gold":422,"neow_bonus":"BOSS_RELIC","is_daily":false,"chose_seed":false,"campfire_upgraded":1,"win_rate":0.0,"timestamp":1611752187,"path_taken":["M","?","$","?","M","E","?","R","T","?","M","?","M","M","R","BOSS","M","?","$","?","?","E"],"items_purchased_type":["Relic","Card","Card"],"build_version":"2020-12-22","purchased_purges":0,"victory":false,"max_hp_per_floor":[70,70,70,70,70,70,70,70,70,70,70,70,70,70,70,70,70,70,70,70,70,70,70,70],"card_choices":[{"not_picked":["Flying Knee","Masterful Stab","Backflip"],"picked":"SKIP","floor":1.0},{"not_picked":["Deflect","Dodge and Roll"],"picked":"Blade Dance","floor":5.0},{"not_picked":["Tools of the Trade","Slice"],"picked":"Poisoned Stab","floor":6},{"not_picked":["Catalyst","Infinite Blades"],"picked":"Deflect","floor":11},{"not_picked":["Blur","Sucker Punch+1"],"picked":"Distraction","floor":13},{"not_picked":["Cloak And Dagger","Deflect"],"picked":"Deadly Poison","floor":14},{"not_picked":["Acrobatics","Predator+1"],"picked":"Blade Dance+1","floor":18}],"player_experience":238252,"relics_obtained":[{"floor":0.0,"key":"Omamori"},{"floor":0.0,"key":"Paper Crane"},{"floor":0.0,"key":"Gambling Chip"},{"floor":6,"key":"Oddly Smooth Stone"},{"floor":9,"key":"Juzu Bracelet"},{"floor":10,"key":"Nunchaku"}],"event_choices":[{"damage_healed":0.0,"max_hp_gain":0.0,"max_hp_loss":0.0,"gold_gain":175.0,"event_name":"Liars Game","player_choice":"AGREE","floor":2.0,"gold_loss":0.0,"damage_taken":0.0,"cards_obtained":["Doubt"]},{"damage_healed":0.0,"max_hp_gain":0.0,"max_hp_loss":0.0,"gold_gain":0.0,"event_name":"Scrap Ooze","player_choice":"Success","floor":4.0,"gold_loss":0.0,"damage_taken":3.0,"relics_obtained":["Eternal Feather"]},{"damage_healed":0,"gold_gain":0,"player_choice":"Paid Gold","damage_taken":0,"relics_obtained":["Molten Egg 2"],"max_hp_gain":0,"max_hp_loss":0,"event_name":"WeMeetAgain","floor":12,"gold_loss":143},{"damage_healed":23,"gold_gain":0,"player_choice":"Heal","damage_taken":0,"max_hp_gain":0,"max_hp_loss":0,"event_name":"The Library","floor":19,"gold_loss":0},{"damage_healed":0,"gold_gain":0,"player_choice":"Trade","damage_taken":0,"relics_obtained":["CultistMask"],"max_hp_gain":0,"max_hp_loss":0,"event_name":"FaceTrader","floor":21,"gold_loss":0},{"damage_healed":0,"gold_gain":275,"player_choice":"Desecrate","damage_taken":0,"max_hp_gain":0,"max_hp_loss":0,"event_name":"Golden Shrine","floor":22,"gold_loss":0,"cards_obtained":["Regret"]}],"is_beta":false,"boss_relics":[{"not_picked":["Snecko Eye","Coffee Dripper"],"picked":"Empty Cage"}],"items_purged_floors":[],"is_endless":false,"potions_floor_spawned":[5,6],"killed_by":"Book of Stabbing","ascension_level":11}}