{"host":"0xtpc43j5kblke7u","time":1611721409,"event":{"mods":["AchievementEnabler","BaseMod","Colored Map","Highlight Path","Minty Spire (QoL Compilation)"],"gold_per_floor":[118,128,141,141,155,155,184,184,261,271,271,271,25,57,57,159,159,172,172,172,3,19,48,48,48,48,80,91,104,104,104,104,104,104],"floor_reached":33,"language":"ENG","playtime":2640,"items_purged":[],"score":454,"play_id":"ee0650af-5342-41c6-baa2-452f83df3a3c","local_time":"20210126232329","is_ascension_mode":true,"campfire_choices":[{"data":"Defragment","floor":6.0,"key":"SMITH"},{"floor":8.0,"key":"REST"},{"data":"Dualcast","floor":12.0,"key":"SMITH"},{"data":"Doom and Gloom","floor":15.0,"key":"SMITH"},{"floor":30,"key":"DIG"},{"floor":32,"key":"REST"}],"circlet_count":0,"master_deck":["Strike_B+1","Defend_B","Defend_B","Defend_B","Defend_B","Zap","Dualcast+1","Panacea","Compile Driver","Leap","Darkness","Defragment+1","Auto Shields","Leap","Coolheaded","Go for the Eyes+1","Doom and Gloom+1","Compile Driver","Cold Snap+1","Gash+1","Seek","Ball Lightning+1","Conserve Battery"],"relics":["Cracked Core","Mango","HornCleat","Lee\u0027s Waffle","Dream Catcher","Empty Cage","MutagenicStrength","Whetstone","Shovel","Blue Candle","Blood Vial","InkBottle"],"acts_visited":["Exordium","TheCity"],"potions_floor_usage":[33,33],"damage_taken":[{"damage":6.0,"enemies":"Cultist","floor":1.0,"turns":4.0},{"damage":13.0,"enemies":"2 Louse","floor":2.0,"turns":3.0},{"damage":2.0,"enemies":"Small Slimes","floor":3.0,"turns":3.0},{"damage":7.0,"enemies":"2 Fungi Beasts","floor":5.0,"turns":4.0},{"damage":26.0,"enemies":"Lagavulin","floor":7.0,"turns":5.0},{"damage":5.0,"enemies":"Gremlin Gang","floor":10.0,"turns":4.0},{"damage":14.0,"enemies":"3 Sentries","floor":14.0,"turns":8.0},{"damage":37.0,"enemies":"Slime Boss","floor":16.0,"turns":9.0},{"damage":3.0,"enemies":"Shell Parasite","floor":18.0,"turns":7.0},{"damage":23.0,"enemies":"2 Thieves","floor":22.0,"turns":4.0},{"damage":41.0,"enemies":"Slavers","floor":23.0,"turns":10.0},{"damage":0,"enemies":"Gremlin Leader","floor":27,"turns":9},{"damage":2,"enemies":"Snecko","floor":28,"turns":5},{"damage":0,"enemies":"Centurion and Healer","floor":29,"turns":7},{"damage":68,"enemies":"Champ","floor":33,"turns":13}],"seed_played":"2563600897345860942","potions_obtained":[{"floor":2.0,"key":"Dexterity Potion"},{"floor":7.0,"key":"SneckoOil"},{"floor":14.0,"key":"LiquidMemories"},{"floor":16.0,"key":"SpeedPotion"},{"floor":28,"key":"FocusPotion"},{"floor":29,"key":"Swift Potion"}],"is_trial":false,"path_per_floor":["M","M","M","?","M","R","E","R","T","M","$","R","$","E","R","B",null,"M","?","?","$","M","E","?","?","T","E","M","M","R","?","R","B"],"character_chosen":"DEFECT","items_purchased":["Lee\u0027s Waffle","Coolheaded","Go for the Eyes","Whetstone","Compile Driver"],"campfire_rested":2,"item_purchase_floors":[13,13,13,21,21],"current_hp_per_floor":[62,49,47,47,40,40,28,54,54,49,49,49,96,82,82,45,83,80,80,80,80,57,16,16,16,16,16,16,18,18,18,46,0,0],"gold":104,"neow_bonus":"RANDOM_COLORLESS","is_daily":false,"chose_seed":false,"campfire_upgraded":3,"win_rate":0.0,"timestamp":1611721409,"path_taken":["M","?","M","?","M","R","E","R","T","M","$","R","$","E","R","BOSS","M","?","?","$","M","E","?","?","T","E","M","?","R","?","R","BOSS"],"items_purchased_type":["Relic","Card","Card","Relic","Card"],"build_version":"2020-12-22","purchased_purges":0,"victory":false,"max_hp_per_floor":[75,75,75,75,75,75,89,89,89,89,89,89,96,96,96,96,96,96,96,96,96,96,96,96,96,96,96,96,96,96,96,96,96,96],"card_choices":[{"not_picked":["Deep Breath","Jack Of All Trades"],"picked":"Panacea","floor":0.0},{"not_picked":["Gash","Hologram"],"picked":"Compile Driver","floor":1.0},{"not_picked":["White Noise","Stack"],"picked":"Leap","floor":2.0},{"not_picked":["Tempest","Streamline"],"picked":"Darkness","floor":3.0},{"not_picked":["Heatsinks","Beam Cell"],"picked":"Defragment","floor":5.0},{"not_picked":["Hologram","Turbo"],"picked":"Auto Shields","floor":7.0},{"not_picked":["Cold Snap","Hologram"],"picked":"Leap","floor":10.0},{"not_picked":["Rip and Tear","Lockon"],"picked":"Doom and Gloom","floor":14.0},{"not_picked":["Beam Cell","Barrage","Doom and Gloom"],"picked":"SKIP","floor":18.0},{"not_picked":["Aggregate","Barrage+1"],"picked":"Cold Snap+1","floor":22.0},{"not_picked":["Streamline","Reinforced Body"],"picked":"Gash+1","floor":23.0},{"not_picked":["Coolheaded","Tempest"],"picked":"Seek","floor":27},{"not_picked":["Barrage","Static Discharge"],"picked":"Ball Lightning+1","floor":28},{"not_picked":["Defragment","Hologram"],"picked":"Conserve Battery","floor":29}],"player_experience":643082,"relics_obtained":[{"floor":7.0,"key":"Mango"},{"floor":9.0,"key":"HornCleat"},{"floor":14.0,"key":"Dream Catcher"},{"floor":23.0,"key":"Shovel"},{"floor":26.0,"key":"Blue Candle"},{"floor":27,"key":"Blood Vial"},{"floor":30,"key":"InkBottle"}],"event_choices":[{"cards_removed":["Strike_B"],"damage_healed":0.0,"max_hp_gain":0.0,"max_hp_loss":0.0,"gold_gain":0.0,"event_name":"Bonfire Elementals","player_choice":"Offered Basic","floor":4.0,"gold_loss":0.0,"damage_taken":0.0},{"damage_healed":0.0,"max_hp_gain":0.0,"max_hp_loss":0.0,"gold_gain":0.0,"event_name":"Drug Dealer","player_choice":"Inject Mutagens","floor":19.0,"gold_loss":0.0,"damage_taken":0.0,"relics_obtained":["MutagenicStrength"]},{"damage_healed":0.0,"max_hp_gain":0.0,"max_hp_loss":0.0,"gold_gain":0.0,"event_name":"Cursed Tome","player_choice":"Ignored","floor":20.0,"gold_loss":0.0,"damage_taken":0.0},{"damage_healed":0.0,"max_hp_gain":0.0,"max_hp_loss":0.0,"gold_gain":0.0,"event_name":"Vampires","player_choice":"Ignored","floor":24.0,"gold_loss":0.0,"damage_taken":0.0},{"damage_healed":0.0,"max_hp_gain":0.0,"max_hp_loss":0.0,"gold_gain":0.0,"event_name":"Purifier","player_choice":"Ignored","floor":25.0,"gold_loss":0.0,"damage_taken":0.0},{"damage_healed":0,"gold_gain":0,"player_choice":"Ignored","damage_taken":0,"max_hp_gain":0,"max_hp_loss":0,"event_name":"Beggar","floor":31,"gold_loss":0}],"is_beta":false,"boss_relics":[{"not_picked":["FrozenCore","Ectoplasm"],"picked":"Empty Cage"}],"items_purged_floors":[],"is_endless":false,"potions_floor_spawned":[2,7,14,16,28,29],"killed_by":"Champ","ascension_level":7}}