{"host":"4pckc3u5mqcilakq","time":1611784043,"event":{"mods":["AchievementEnabler","BaseMod","Colored Map","Colored Powertips","Highlight Path","Minty Spire (QoL Compilation)"],"gold_per_floor":[110,285,360,460,472,501,15,49,49,49,78,94,122,137,137,233,233,253,266,266,278,166,166,198,216,216,216,216,235,266,277,277,376,376,396,169,169,69,81,113,113,113],"floor_reached":41,"language":"ENG","playtime":2432,"items_purged":["Doubt","Flying Knee","Flying Knee"],"score":728,"play_id":"a5fbad26-4b44-4199-bb70-9790676551a7","local_time":"20210128004723","is_ascension_mode":true,"campfire_choices":[{"data":"Well Laid Plans","floor":10.0,"key":"SMITH"},{"floor":15.0,"key":"REST"},{"data":"Blur","floor":23,"key":"SMITH"},{"data":"Catalyst","floor":28,"key":"SMITH"},{"data":"Burst","floor":32,"key":"SMITH"}],"circlet_count":0,"master_deck":["Survivor","Neutralize","Deadly Poison","Dodge and Roll","Dagger Throw","Noxious Fumes","Well Laid Plans+1","Corpse Explosion","Prepared","Dagger Spray","Prepared","Flying Knee","Corpse Explosion","Envenom","Acrobatics","Dash","Blur+1","Blur+1","Backflip","Catalyst+1","Burst+1","Envenom","Adrenaline","Catalyst","Noxious Fumes+1"],"relics":["Ring of the Snake","NeowsBlessing","Pocketwatch","InkBottle","Orichalcum","Snake Skull","Pantograph","Lantern","Pandora\u0027s Box","Pear","The Courier","Kunai","SlaversCollar","Happy Flower"],"acts_visited":["Exordium","TheCity","TheBeyond"],"potions_floor_usage":[16,21,24,30,30,30,33],"damage_taken":[{"damage":0.0,"enemies":"Small Slimes","floor":1.0,"turns":1.0},{"damage":0.0,"enemies":"2 Louse","floor":5.0,"turns":1.0},{"damage":0.0,"enemies":"Gremlin Nob","floor":6.0,"turns":1.0},{"damage":6.0,"enemies":"Lagavulin","floor":8.0,"turns":7.0},{"damage":25.0,"enemies":"Gremlin Nob","floor":11.0,"turns":5.0},{"damage":0.0,"enemies":"Cultist","floor":12.0,"turns":4.0},{"damage":2.0,"enemies":"3 Sentries","floor":13.0,"turns":7.0},{"damage":0.0,"enemies":"3 Louse","floor":14.0,"turns":3.0},{"damage":30,"enemies":"The Guardian","floor":16,"turns":9},{"damage":9,"enemies":"Spheric Guardian","floor":18,"turns":4},{"damage":0,"enemies":"3 Byrds","floor":19,"turns":2},{"damage":0,"enemies":"Snake Plant","floor":21,"turns":3},{"damage":20,"enemies":"Slavers","floor":24,"turns":3},{"damage":0,"enemies":"Centurion and Healer","floor":25,"turns":4},{"damage":0,"enemies":"Shelled Parasite and Fungi","floor":29,"turns":2},{"damage":21,"enemies":"Book of Stabbing","floor":30,"turns":4},{"damage":0,"enemies":"Snake Plant","floor":31,"turns":4},{"damage":15,"enemies":"Champ","floor":33,"turns":5},{"damage":0,"enemies":"Orb Walker","floor":35,"turns":5},{"damage":9,"enemies":"3 Darklings","floor":39,"turns":3},{"damage":10,"enemies":"Reptomancer","floor":40,"turns":3},{"damage":65,"enemies":"Spire Growth","floor":41,"turns":5}],"seed_played":"-8813977891966873119","potions_obtained":[{"floor":8.0,"key":"CultistPotion"},{"floor":11.0,"key":"BlessingOfTheForge"},{"floor":12.0,"key":"FearPotion"},{"floor":13.0,"key":"ColorlessPotion"},{"floor":14.0,"key":"DuplicationPotion"},{"floor":18,"key":"Dexterity Potion"},{"floor":19,"key":"PowerPotion"},{"floor":24,"key":"SteroidPotion"},{"floor":25,"key":"CunningPotion"},{"floor":31,"key":"PowerPotion"},{"floor":39,"key":"SteroidPotion"}],"is_trial":false,"path_per_floor":["M","?","?","?","M","E","$","E","T","R","E","M","E","M","R","B",null,"M","M","?","M","$","R","E","M","T","?","R","M","E","M","R","B",null,"M","$","?","$","M","E","M"],"character_chosen":"THE_SILENT","items_purchased":["Noxious Fumes","InkBottle","Orichalcum","Blur","Catalyst","Happy Flower"],"campfire_rested":1,"item_purchase_floors":[7,7,7,22,36,36],"current_hp_per_floor":[63,63,52,52,52,52,52,46,46,46,21,21,19,19,40,35,61,52,52,52,52,52,52,42,42,42,42,42,42,21,21,21,31,68,68,68,80,80,71,61,0,0],"gold":113,"neow_bonus":"THREE_ENEMY_KILL","is_daily":false,"chose_seed":false,"campfire_upgraded":4,"win_rate":0.0,"timestamp":1611784043,"path_taken":["M","?","?","?","M","E","$","E","T","R","E","M","E","?","R","BOSS","M","M","?","?","$","R","E","M","T","?","R","M","E","M","R","BOSS","M","$","?","$","M","E","?"],"items_purchased_type":["Card","Relic","Relic","Card","Card","Relic"],"build_version":"2020-12-22","purchased_purges":3,"victory":false,"max_hp_per_floor":[70,70,70,70,70,70,70,70,70,70,70,70,70,70,70,70,70,70,70,70,70,70,70,80,80,80,80,80,80,80,80,80,80,80,80,80,80,80,80,80,80,80],"card_choices":[{"not_picked":["Flying Knee","Catalyst"],"picked":"Deadly Poison","floor":1.0},{"not_picked":["PiercingWail","Distraction"],"picked":"Dodge and Roll","floor":5.0},{"not_picked":["Escape Plan","Phantasmal Killer"],"picked":"Dagger Throw","floor":6.0},{"not_picked":["Outmaneuver","Eviscerate"],"picked":"Well Laid Plans","floor":8.0},{"not_picked":["Concentrate","Infinite Blades","Slice"],"picked":"SKIP","floor":11.0},{"not_picked":["Outmaneuver","Blade Dance"],"picked":"Flying Knee","floor":12.0},{"not_picked":["Concentrate","Predator","Terror"],"picked":"SKIP","floor":13.0},{"not_picked":["Well Laid Plans","Dash","Sucker Punch"],"picked":"SKIP","floor":14.0},{"not_picked":["Phantasmal Killer","Glass Knife"],"picked":"Corpse Explosion","floor":16},{"not_picked":["Deflect","Caltrops","Poisoned Stab"],"picked":"SKIP","floor":18},{"not_picked":["Dagger Throw","Infinite Blades","Dash"],"picked":"SKIP","floor":19},{"not_picked":["Predator+1","Skewer"],"picked":"Blur+1","floor":21},{"not_picked":["Dagger Spray","Poisoned Stab"],"picked":"Backflip","floor":24},{"not_picked":["Prepared","Expertise"],"picked":"Catalyst","floor":25},{"not_picked":["Slice+1","Crippling Poison","Skewer"],"picked":"SKIP","floor":29},{"not_picked":["Finisher","Setup+1"],"picked":"Envenom","floor":30},{"not_picked":["Expertise","Poisoned Stab","Outmaneuver"],"picked":"SKIP","floor":31},{"not_picked":["Tools of the Trade","Doppelganger"],"picked":"Adrenaline","floor":33},{"not_picked":["Predator+1","Skewer+1","Dodge and Roll"],"picked":"SKIP","floor":35},{"not_picked":["Flying Knee+1","Heel Hook","Cloak And Dagger"],"picked":"SKIP","floor":39},{"not_picked":["Flying Knee+1","Heel Hook","Cloak And Dagger"],"picked":"SKIP","floor":39},{"not_picked":["Backflip+1","Heel Hook"],"picked":"Noxious Fumes+1","floor":40}],"player_experience":199482,"relics_obtained":[{"floor":6.0,"key":"Pocketwatch"},{"floor":8.0,"key":"Snake Skull"},{"floor":11.0,"key":"Pantograph"},{"floor":13.0,"key":"Lantern"},{"floor":24,"key":"Pear"},{"floor":26,"key":"The Courier"},{"floor":30,"key":"Kunai"}],"event_choices":[{"damage_healed":0.0,"max_hp_gain":0.0,"max_hp_loss":0.0,"gold_gain":175.0,"event_name":"Liars Game","player_choice":"AGREE","floor":2.0,"gold_loss":0.0,"damage_taken":0.0,"cards_obtained":["Doubt"]},{"damage_healed":0.0,"max_hp_gain":0.0,"max_hp_loss":0.0,"gold_gain":75.0,"event_name":"World of Goop","player_choice":"Gather Gold","floor":3.0,"gold_loss":0.0,"damage_taken":11.0},{"damage_healed":0.0,"max_hp_gain":0.0,"max_hp_loss":0.0,"gold_gain":100.0,"event_name":"Golden Shrine","player_choice":"Pray","floor":4.0,"gold_loss":0.0,"damage_taken":0.0},{"damage_healed":0,"gold_gain":0,"cards_transformed":["Accuracy"],"player_choice":"Transformed","damage_taken":0,"max_hp_gain":0,"max_hp_loss":0,"event_name":"Transmorgrifier","floor":20,"gold_loss":0,"cards_obtained":["Dash"]},{"damage_healed":0,"gold_gain":0,"player_choice":"1 cards matched","damage_taken":0,"max_hp_gain":0,"max_hp_loss":0,"event_name":"Match and Keep!","floor":27,"gold_loss":0,"cards_obtained":["Burst"]},{"cards_removed":["Masterful Stab"],"damage_healed":12,"gold_gain":0,"player_choice":"Offered Uncommon","damage_taken":0,"max_hp_gain":0,"max_hp_loss":0,"event_name":"Bonfire Elementals","floor":37,"gold_loss":0}],"is_beta":false,"boss_relics":[{"not_picked":["Fusion Hammer","Philosopher\u0027s Stone"],"picked":"Pandora\u0027s Box"},{"not_picked":["Ring of the Serpent","WristBlade"],"picked":"SlaversCollar"}],"items_purged_floors":[22,36,38],"is_endless":false,"potions_floor_spawned":[8,11,12,13,14,18,19,24,25,31,39],"killed_by":"Spire Growth","ascension_level":7}}