{"host":"njo8qgvy2a57fcny","time":1611731919,"event":{"mods":["Aspiration","BaseMod","BetterRewards","CCEM2","Colored Map","Colored Powertips","Conspire","Custom Start","Downfall","Energized Spire","GifTheSpireLib","Halation","Hermit","Hubris","Infinite Spire","Jedi Mod","Jorbs\u0027s Wanderer Trilogy","Mimic Mod","Minty Spire (QoL Compilation)","Quick Restart","Random Character Button","Random Character Mod","Rare Cards Sparkle","Relic Sorter","Replay The Spire","Shop Mod","StSLib","Stuff the Spire","The Animator","The Jungle","The Runesmith","The Servant 0.9.4","Unceasing Turn Reminder","thorton"],"gold_per_floor":[99,116,127,127,127,153,153,186,198,216,216,216,216,216],"floor_reached":12,"language":"ENG","playtime":734,"items_purged":[],"score":106,"play_id":"4217f3da-705f-4db5-b68a-e4be1289bb81","local_time":"20210127181839","is_ascension_mode":true,"campfire_choices":[{"data":"Slimebound:Split","floor":1,"key":"SMITH"}],"circlet_count":0,"master_deck":["Slimebound:Strike_Slimebound","Slimebound:Strike_Slimebound","Slimebound:Strike_Slimebound","Slimebound:Tackle","Slimebound:Defend_Slimebound","Slimebound:Defend_Slimebound","Slimebound:Defend_Slimebound","Slimebound:Defend_Slimebound","Slimebound:Split+1","Slimebound:CorrosiveSpit","Slimebound:SpikyOuterGoop","Slimebound:SpikyOuterGoop","Slimebound:SplitMire","Slimebound:Schlurp+1","Slimebound:SplitLeeching+1","Slimebound:Darklings+1","StuffTheSpire:CuriosityCurse"],"relics":["CCEMRelics:GrindingGear","m_BurningSludge","conspire:Flyswatter","Toxic Egg 2","StuffTheSpire:HeavyRock","hubris:Teleporter"],"acts_visited":["Exordium"],"potions_floor_usage":[6,12],"damage_taken":[{"damage":9,"enemies":"2 Louse","floor":2,"turns":3},{"damage":7,"enemies":"Small Slimes","floor":3,"turns":5},{"damage":30,"enemies":"3 Sentries","floor":6,"turns":10},{"damage":20,"enemies":"Lagavulin","floor":8,"turns":8},{"damage":4,"enemies":"Jaw Worm","floor":9,"turns":4},{"damage":9,"enemies":"Exordium Wildlife","floor":10,"turns":4},{"damage":25,"enemies":"3 Sentries","floor":12,"turns":4}],"seed_played":"-6592781521667807737","potions_obtained":[{"floor":3,"key":"SkillPotion"},{"floor":8,"key":"Dexterity Potion"}],"is_trial":false,"path_per_floor":["R_BF","M","M","?","?","E","T","E","M","M","?","E"],"character_chosen":"SLIMEBOUND","items_purchased":[],"campfire_rested":0,"item_purchase_floors":[],"current_hp_per_floor":[71,65,66,66,66,40,40,26,28,23,23,0,0,0],"gold":216,"neow_bonus":"TEN_PERCENT_HP_BONUS","is_daily":false,"chose_seed":false,"campfire_upgraded":1,"win_rate":0.0,"timestamp":1611731919,"path_taken":["R_BF","M","M","?","?","E","T","E","M","M","?","E"],"items_purchased_type":[],"build_version":"2020-12-22","purchased_purges":0,"victory":false,"max_hp_per_floor":[71,71,71,71,71,71,71,71,71,71,71,71,71,71],"card_choices":[{"not_picked":["Slimebound:Nibble","Slimebound:SplitLeeching"],"picked":"Slimebound:SpikyOuterGoop","floor":2},{"not_picked":["Slimebound:SlimeSpikes","Slimebound:Prepare"],"picked":"Slimebound:SpikyOuterGoop","floor":3},{"not_picked":["Pummel","Slimebound:LeechingTouch"],"picked":"Slimebound:SplitMire","floor":6},{"not_picked":["Slimebound:MinionMaster","Slimebound:LeechEnergy"],"picked":"Slimebound:Schlurp+1","floor":8},{"not_picked":["Slimebound:SamplingLick+1","Blood for Blood"],"picked":"Slimebound:SplitLeeching+1","floor":9},{"not_picked":["Slimebound:SplitAcid+1","Slimebound:ProtectTheBoss"],"picked":"Slimebound:Darklings+1","floor":10}],"player_experience":725375,"relics_obtained":[{"floor":4,"key":"CCEMRelics:GrindingGear"},{"floor":6,"key":"conspire:Flyswatter"},{"floor":7,"key":"Toxic Egg 2"},{"floor":8,"key":"StuffTheSpire:HeavyRock"}],"event_choices":[],"is_beta":false,"boss_relics":[],"items_purged_floors":[],"is_endless":false,"potions_floor_spawned":[3,8],"killed_by":"3 Sentries","ascension_level":4}}