{"host":"8a72fthmlk1o8pdb","time":1611734176,"event":{"mods":["AchievementEnabler","Aspiration","Astrologer","Bard","BaseMod","Beaked The Cultist","Better Third Choice","Colored Map","Colored Powertips","Downfall","Friendly Minions","GifTheSpireLib","Googly Eyes","Gremlin Mod","Hermit","Jorbs\u0027s Wanderer Trilogy","Marisa????????","Minty Spire (QoL Compilation)","Permanent Neow","Rare Cards Sparkle","Robot Space Explorer","Shop Mod","StSLib","The Animator","The Construct","The Cursed","The Disciple","The Hierophant","The Necromancer","The Poker Player","The Runesmith"],"gold_per_floor":[119,130,130,130,130,156,167,167,167,182,207,207],"floor_reached":11,"language":"ENG","playtime":500,"items_purged":[],"score":83,"play_id":"8cf02953-4d2e-4592-a963-82fac35e74b1","local_time":"20210126235616","is_ascension_mode":false,"campfire_choices":[{"floor":8,"key":"REST"}],"circlet_count":0,"master_deck":["hermit:Strike_Hermit","hermit:Strike_Hermit","hermit:Strike_Hermit","hermit:Strike_Hermit","hermit:Defend_Hermit","hermit:Defend_Hermit","hermit:Defend_Hermit","hermit:Defend_Hermit","hermit:Snapshot","hermit:Covet","hermit:Desperado","hermit:Misfire","hermit:FromBeyond","hermit:Showdown"],"relics":["hermit:Momento","Regal Pillow","Dream Catcher","Sundial"],"acts_visited":["Exordium"],"potions_floor_usage":[7],"damage_taken":[{"damage":3,"enemies":"Small Slimes","floor":1,"turns":3},{"damage":9,"enemies":"2 Louse","floor":2,"turns":2},{"damage":30,"enemies":"3 Sentries","floor":6,"turns":8},{"damage":3,"enemies":"Cultist","floor":7,"turns":3},{"damage":15,"enemies":"Exordium Thugs","floor":10,"turns":3},{"damage":33,"enemies":"Gremlin Nob","floor":11,"turns":4}],"seed_played":"-5733649394585075337","potions_obtained":[{"floor":4,"key":"Regen Potion"},{"floor":4,"key":"LiquidMemories"},{"floor":4,"key":"CultistPotion"},{"floor":7,"key":"SpeedPotion"}],"is_trial":false,"path_per_floor":["M","M","?","?","$","E","M","R","T","M","E"],"character_chosen":"HERMIT","items_purchased":[],"campfire_rested":1,"item_purchase_floors":[],"current_hp_per_floor":[72,63,63,63,63,33,39,75,75,60,27,27],"gold":207,"neow_bonus":"RANDOM_COMMON_RELIC","is_daily":false,"chose_seed":false,"campfire_upgraded":0,"win_rate":0.0,"timestamp":1611734176,"path_taken":["M","M","?","?","$","E","?","R","T","M","E"],"items_purchased_type":[],"build_version":"2020-12-22","purchased_purges":0,"victory":false,"max_hp_per_floor":[75,75,75,75,75,75,75,75,75,75,75,75],"card_choices":[{"not_picked":["hermit:SprayPray","hermit:HoleUp"],"picked":"hermit:Desperado","floor":1},{"not_picked":["hermit:Vantage","hermit:Glare","hermit:Roulette"],"picked":"SKIP","floor":2},{"not_picked":["hermit:Roulette","hermit:HighCaliber","hermit:ShadowCloak"],"picked":"SKIP","floor":6},{"not_picked":["hermit:Snipe","hermit:LowProfile"],"picked":"hermit:Misfire","floor":7},{"not_picked":["hermit:TrackingShot","hermit:Headshot"],"picked":"hermit:FromBeyond","floor":8},{"not_picked":["hermit:Gestalt","hermit:Coalescence"],"picked":"hermit:Showdown","floor":10},{"not_picked":["hermit:Determination","hermit:PistolWhip","hermit:Cheat"],"picked":"SKIP","floor":11}],"player_experience":40183,"relics_obtained":[{"floor":6,"key":"Dream Catcher"},{"floor":11,"key":"Sundial"}],"event_choices":[{"damage_healed":0,"gold_gain":0,"player_choice":"Leave","damage_taken":0,"max_hp_gain":0,"max_hp_loss":0,"event_name":"The Cleric","floor":3,"gold_loss":0},{"damage_healed":0,"gold_gain":0,"player_choice":"Got Potions","damage_taken":0,"max_hp_gain":0,"max_hp_loss":0,"event_name":"Lab","floor":4,"gold_loss":0}],"is_beta":false,"boss_relics":[],"items_purged_floors":[],"is_endless":false,"potions_floor_spawned":[6,7,10],"killed_by":"Gremlin Nob","ascension_level":0}}