{"host":"28p8ce41sjwa6lzf","time":1611778967,"event":{"mods":["BaseMod","Bestiary","Colored Map","Colored Powertips","Dark Map","Highlight Path","Minty Spire (QoL Compilation)","Permanent Neow","Quick Restart","Random Character Button","Rare Cards Sparkle","Relic Stats","StSLib","Unceasing Turn Reminder"],"gold_per_floor":[14,14,89,34,34,61,61,74,74,92,107,135,135,153,153,225,225,243,243,259,259,309,309,328,328,328],"floor_reached":25,"language":"ENG","playtime":980,"items_purged":[],"score":422,"play_id":"5b94afa3-5bb3-490c-bebc-eb6e46e930a1","local_time":"20210127142247","is_ascension_mode":true,"campfire_choices":[{"data":"Defragment","floor":7.0,"key":"SMITH"},{"floor":15.0,"key":"REST"},{"data":"Machine Learning","floor":23,"key":"SMITH"}],"circlet_count":0,"master_deck":["AscendersBane","Strike_B","Strike_B","Strike_B","Strike_B","Defend_B","Defend_B","Defend_B","Defend_B","Zap","Dualcast","Apotheosis+1","Streamline","Cold Snap","Defragment+1","Compile Driver","Skim","Stack","Multi-Cast","Cold Snap","Machine Learning+1","Stack","Steam","Conserve Battery"],"relics":["Cracked Core","Symbiotic Virus","Juzu Bracelet","Akabeko","Sozu","Cables"],"acts_visited":["Exordium","TheCity"],"potions_floor_usage":[20,25],"damage_taken":[{"damage":7.0,"enemies":"2 Louse","floor":1.0,"turns":3.0},{"damage":16.0,"enemies":"Lagavulin","floor":6.0,"turns":6.0},{"damage":7.0,"enemies":"Jaw Worm","floor":8.0,"turns":3.0},{"damage":4.0,"enemies":"Small Slimes","floor":10.0,"turns":3.0},{"damage":1.0,"enemies":"2 Fungi Beasts","floor":11.0,"turns":3.0},{"damage":28.0,"enemies":"3 Sentries","floor":12.0,"turns":6.0},{"damage":3.0,"enemies":"Exordium Wildlife","floor":14.0,"turns":3.0},{"damage":2.0,"enemies":"Hexaghost","floor":16.0,"turns":6.0},{"damage":8,"enemies":"3 Byrds","floor":18,"turns":3},{"damage":9,"enemies":"2 Thieves","floor":20,"turns":3},{"damage":11,"enemies":"Centurion and Healer","floor":24,"turns":7},{"damage":34,"enemies":"Slavers","floor":25,"turns":3}],"seed_played":"7763138126791813518","potions_obtained":[{"floor":8.0,"key":"Swift Potion"},{"floor":11.0,"key":"Weak Potion"},{"floor":14.0,"key":"GamblersBrew"}],"is_trial":false,"path_per_floor":["M","?","?","$","?","E","R","M","T","M","M","E","?","M","R","B",null,"M","?","M","T","?","R","M","E"],"character_chosen":"DEFECT","items_purchased":["Cold Snap"],"campfire_rested":1,"item_purchase_floors":[4],"current_hp_per_floor":[57,57,46,46,69,53,53,46,46,42,41,13,13,10,31,29,61,53,53,44,44,44,44,33,0,0],"gold":328,"neow_bonus":"RANDOM_COLORLESS_2","is_daily":false,"chose_seed":false,"campfire_upgraded":2,"win_rate":0.0,"timestamp":1611778967,"path_taken":["M","?","?","$","?","E","R","M","T","M","M","E","?","M","R","BOSS","BOSS","M","?","M","?","?","R","M","E"],"items_purchased_type":["Card"],"build_version":"2020-12-22","purchased_purges":0,"victory":false,"max_hp_per_floor":[71,71,71,71,71,71,71,71,71,71,71,71,71,71,71,71,71,71,71,71,71,71,71,71,71,71],"relic_stats":{"Sozu":0,"counters":[12,49],"Juzu Bracelet":1,"obtain_stats":[{"Sozu":17,"Juzu Bracelet":9,"Cracked Core":0,"Symbiotic Virus":6,"Akabeko":12,"Cables":21},{"Sozu":8,"Juzu Bracelet":3,"Cracked Core":0,"Symbiotic Virus":2,"Akabeko":6,"Cables":10},{"Sozu":33,"Juzu Bracelet":12,"Cracked Core":0,"Symbiotic Virus":9,"Akabeko":24,"Cables":39}],"Cables":[8,6,2,0,0]},"card_choices":[{"not_picked":["Sadistic Nature","Metamorphosis"],"picked":"Apotheosis","floor":0.0},{"not_picked":["Auto Shields","Static Discharge"],"picked":"Streamline","floor":1.0},{"not_picked":["Redo","Conserve Battery"],"picked":"Defragment","floor":6.0},{"not_picked":["Blizzard","Turbo"],"picked":"Compile Driver","floor":8.0},{"not_picked":["Steam","Turbo"],"picked":"Skim","floor":10.0},{"not_picked":["Scrape","Gash"],"picked":"Stack","floor":11.0},{"not_picked":["Double Energy","Coolheaded"],"picked":"Multi-Cast","floor":12.0},{"not_picked":["Skim","Rebound"],"picked":"Cold Snap","floor":14.0},{"not_picked":["Core Surge","Rainbow"],"picked":"Machine Learning","floor":16.0},{"not_picked":["Chill","Steam Power"],"picked":"Stack","floor":18},{"not_picked":["Rebound","Beam Cell+1"],"picked":"Steam","floor":20},{"not_picked":["Stack","Turbo"],"picked":"Conserve Battery","floor":24}],"player_experience":1188263,"relics_obtained":[{"floor":6.0,"key":"Symbiotic Virus"},{"floor":9.0,"key":"Juzu Bracelet"},{"floor":12.0,"key":"Akabeko"},{"floor":21,"key":"Cables"}],"event_choices":[{"damage_healed":0.0,"max_hp_gain":0.0,"max_hp_loss":0.0,"gold_gain":0.0,"event_name":"Living Wall","player_choice":"Grow","floor":2.0,"gold_loss":0.0,"damage_taken":0.0,"cards_upgraded":["Apotheosis"]},{"damage_healed":0.0,"max_hp_gain":0.0,"max_hp_loss":0.0,"gold_gain":75.0,"event_name":"World of Goop","player_choice":"Gather Gold","floor":3.0,"gold_loss":0.0,"damage_taken":11.0},{"damage_healed":23.0,"max_hp_gain":0.0,"max_hp_loss":0.0,"gold_gain":0.0,"event_name":"Big Fish","player_choice":"Banana","floor":5.0,"gold_loss":0.0,"damage_taken":0.0},{"damage_healed":0.0,"max_hp_gain":0.0,"max_hp_loss":0.0,"gold_gain":0.0,"event_name":"Golden Idol","player_choice":"Ignored","floor":13.0,"gold_loss":0.0,"damage_taken":0.0},{"damage_healed":0,"gold_gain":0,"player_choice":"Ignored","damage_taken":0,"max_hp_gain":0,"max_hp_loss":0,"event_name":"The Mausoleum","floor":19,"gold_loss":0},{"damage_healed":0,"gold_gain":50,"player_choice":"Stole From Cult","damage_taken":0,"max_hp_gain":0,"max_hp_loss":0,"event_name":"Nest","floor":22,"gold_loss":0}],"is_beta":false,"boss_relics":[{"not_picked":["Black Star","Tiny House"],"picked":"Sozu"}],"items_purged_floors":[],"is_endless":false,"potions_floor_spawned":[8,11,14,16],"killed_by":"Slavers","ascension_level":20}}