{"host":"mi0eibewekhugwl1","time":1611731565,"event":{"mods":["AchievementEnabler","BaseMod","Colored Map","Colored Powertips","DeckTracker","Keyboard Shortcuts","Minty Spire (QoL Compilation)","Quick Restart","Rare Cards Sparkle","Relic Stats","StSLib","SuperFastMode","everything is the same but u backflip on backflip"],"gold_per_floor":[113,113,35,35,47,82,82,92,92,136,162,184,213,225,237,343,355,386,398,410,337,7,7,25,25,25],"floor_reached":25,"language":"KOR","playtime":392,"items_purged":["Strike_P"],"score":572,"play_id":"5f900f98-2d47-453b-a54b-be3842452a2d","local_time":"20210127161245","is_ascension_mode":true,"campfire_choices":[{"data":"Eruption","floor":7.0,"key":"SMITH"},{"floor":15.0,"key":"REST"},{"floor":23.0,"key":"REST"}],"circlet_count":0,"master_deck":["AscendersBane","Strike_P+1","Strike_P","Strike_P+1","Defend_P","Defend_P","Defend_P+1","Defend_P","Eruption+1","Vigilance","EmptyFist+1","Vault","BowlingBash","LessonLearned","Consecrate","MentalFortress","Vault","Meditate","FollowUp"],"relics":["PureWater","NeowsBlessing","Kunai","MawBank","Torii","Bloody Idol","VioletLotus","Damaru","Frozen Egg 2"],"acts_visited":["Exordium","TheCity"],"potions_floor_usage":[],"damage_taken":[{"damage":0.0,"enemies":"Cultist","floor":1.0,"turns":1.0},{"damage":0.0,"enemies":"Jaw Worm","floor":5.0,"turns":1.0},{"damage":0.0,"enemies":"Lagavulin","floor":6.0,"turns":2.0},{"damage":0.0,"enemies":"2 Louse","floor":8.0,"turns":2.0},{"damage":48.0,"enemies":"Gremlin Nob","floor":10.0,"turns":5.0},{"damage":6.0,"enemies":"Large Slime","floor":11.0,"turns":5.0},{"damage":5.0,"enemies":"Blue Slaver","floor":12.0,"turns":8.0},{"damage":1.0,"enemies":"3 Louse","floor":13.0,"turns":3.0},{"damage":0.0,"enemies":"Slime Boss","floor":16.0,"turns":6.0},{"damage":28.0,"enemies":"Shell Parasite","floor":18.0,"turns":8.0},{"damage":54,"enemies":"Chosen","floor":24,"turns":9},{"damage":9,"enemies":"Centurion and Healer","floor":25,"turns":4}],"seed_played":"8912896598474402984","potions_obtained":[{"floor":5.0,"key":"Weak Potion"},{"floor":10.0,"key":"FearPotion"},{"floor":13.0,"key":"Fire Potion"}],"is_trial":false,"path_per_floor":["M","?","$","$","M","E","R","M","T","E","M","M","M","?","R","B",null,"M","?","?","?","$","R","M","M"],"character_chosen":"WATCHER","items_purchased":["Vault","Frozen Egg 2"],"campfire_rested":2,"item_purchase_floors":[3,22],"current_hp_per_floor":[61,66,66,66,66,66,66,66,66,18,12,7,6,6,25,25,56,28,28,28,33,38,57,8,0,0],"gold":25,"neow_bonus":"THREE_ENEMY_KILL","is_daily":false,"chose_seed":false,"campfire_upgraded":1,"win_rate":0.0,"timestamp":1611731565,"path_taken":["M","?","?","$","M","E","R","M","T","E","M","M","?","?","R","BOSS","M","?","?","?","$","R","M","M"],"items_purchased_type":["Card","Relic"],"build_version":"2020-12-22","purchased_purges":1,"victory":false,"max_hp_per_floor":[68,73,73,73,73,73,73,73,73,73,73,73,73,66,66,66,66,66,66,66,66,66,66,66,66,66],"relic_stats":{"Torii":14,"counters":[12,54],"Bloody Idol":15,"VioletLotus":[4],"Kunai":[9],"MawBank":156,"obtain_stats":[{"NeowsBlessing":0,"Torii":10,"Golden Idol":14,"Bloody Idol":20,"Damaru":21,"VioletLotus":17,"Kunai":6,"PureWater":0,"Frozen Egg 2":22,"MawBank":9},{"NeowsBlessing":0,"Torii":5,"Golden Idol":8,"Bloody Idol":10,"Damaru":10,"VioletLotus":9,"Kunai":3,"PureWater":0,"Frozen Egg 2":10,"MawBank":4},{"NeowsBlessing":0,"Torii":11,"Golden Idol":27,"Bloody Idol":41,"Damaru":41,"VioletLotus":33,"Kunai":4,"PureWater":0,"Frozen Egg 2":41,"MawBank":6}]},"card_choices":[{"not_picked":["Crescendo","CrushJoints"],"picked":"EmptyFist","floor":1.0},{"not_picked":["Prostrate","ReachHeaven"],"picked":"BowlingBash","floor":5.0},{"not_picked":["Evaluate","BowlingBash"],"picked":"LessonLearned","floor":6.0},{"not_picked":["FlyingSleeves","Crescendo","BowlingBash"],"picked":"SKIP","floor":8.0},{"not_picked":["Fasting2","Perseverance"],"picked":"Consecrate","floor":10.0},{"not_picked":["ThirdEye","FlyingSleeves","Blasphemy"],"picked":"SKIP","floor":11.0},{"not_picked":["Collect","Evaluate"],"picked":"MentalFortress","floor":12.0},{"not_picked":["Wireheading","ClearTheMind","Prostrate"],"picked":"SKIP","floor":13.0},{"not_picked":["Omniscience","Establishment"],"picked":"Vault","floor":16.0},{"not_picked":["BowlingBash","DeceiveReality"],"picked":"Meditate","floor":18.0},{"not_picked":["FlyingSleeves","Halt+1"],"picked":"FollowUp","floor":24}],"player_experience":1768621,"relics_obtained":[{"floor":6.0,"key":"Kunai"},{"floor":9.0,"key":"MawBank"},{"floor":10.0,"key":"Torii"}],"event_choices":[{"damage_healed":0.0,"max_hp_gain":5.0,"max_hp_loss":0.0,"gold_gain":0.0,"event_name":"Big Fish","player_choice":"Donut","floor":2.0,"gold_loss":0.0,"damage_taken":0.0},{"damage_healed":0.0,"max_hp_gain":0.0,"max_hp_loss":7.0,"gold_gain":0.0,"event_name":"Golden Idol","player_choice":"Lose Max HP","floor":14.0,"gold_loss":0.0,"damage_taken":0.0,"relics_obtained":["Golden Idol"]},{"damage_healed":0.0,"max_hp_gain":0.0,"max_hp_loss":0.0,"gold_gain":0.0,"event_name":"Cursed Tome","player_choice":"Ignored","floor":19.0,"gold_loss":0.0,"damage_taken":0.0},{"damage_healed":0.0,"max_hp_gain":0.0,"max_hp_loss":0.0,"gold_gain":0.0,"event_name":"Forgotten Altar","player_choice":"Gave Idol","floor":20.0,"relics_lost":["Golden Idol"],"gold_loss":0.0,"damage_taken":0.0,"relics_obtained":["Bloody Idol"]},{"damage_healed":0.0,"max_hp_gain":0.0,"max_hp_loss":0.0,"gold_gain":0.0,"event_name":"Addict","player_choice":"Obtained Relic","floor":21.0,"gold_loss":85.0,"damage_taken":0.0,"relics_obtained":["Damaru"]}],"is_beta":false,"boss_relics":[{"not_picked":["Astrolabe","Busted Crown"],"picked":"VioletLotus"}],"items_purged_floors":[22],"is_endless":false,"potions_floor_spawned":[5,10,13],"killed_by":"Centurion and Healer","ascension_level":20}}