{"host":"ELF","time":1611729044,"event":{"mods":["BaseMod","Bestiary","Minty Spire (QoL Compilation)","Relic Stats","Slay the Relics Exporter"],"gold_per_floor":[114,114,130,140,16,16,49,63,110,110,142,142,160,310,310,310,310],"floor_reached":16,"language":"ENG","playtime":456,"items_purged":[],"score":215,"play_id":"81189c22-d669-4f9b-b3b4-28bb341fc094","local_time":"20210127003044","is_ascension_mode":true,"campfire_choices":[{"data":"Combust","floor":6.0,"key":"SMITH"},{"floor":10.0,"key":"REST"},{"data":"Immolate","floor":12.0,"key":"SMITH"},{"floor":15.0,"key":"REST"}],"circlet_count":0,"master_deck":["AscendersBane","Strike_R","Strike_R","Strike_R","Strike_R","Defend_R","Defend_R","Defend_R","Defend_R","Bash","Reckless Charge","True Grit","Pommel Strike","Combust+1","Reckless Charge","Rampage","Bloodletting","Immolate+1","Fire Breathing","Doubt"],"relics":["Burning Blood","NeowsBlessing","Letter Opener","Oddly Smooth Stone","Potion Belt"],"acts_visited":["Exordium"],"potions_floor_usage":[],"damage_taken":[{"damage":0.0,"enemies":"2 Louse","floor":1.0,"turns":1.0},{"damage":0.0,"enemies":"Cultist","floor":3.0,"turns":1.0},{"damage":0.0,"enemies":"Jaw Worm","floor":4.0,"turns":1.0},{"damage":53.0,"enemies":"Lagavulin","floor":7.0,"turns":7.0},{"damage":2.0,"enemies":"Looter","floor":8.0,"turns":4.0},{"damage":31.0,"enemies":"3 Sentries","floor":11.0,"turns":5.0},{"damage":16.0,"enemies":"Exordium Wildlife","floor":13.0,"turns":2.0},{"damage":59,"enemies":"The Guardian","floor":16,"turns":9}],"seed_played":"6006766916383210168","potions_obtained":[{"floor":1.0,"key":"BloodPotion"},{"floor":4.0,"key":"PowerPotion"},{"floor":11.0,"key":"DistilledChaos"}],"is_trial":false,"path_per_floor":["M","?","M","M","$","R","E","M","T","R","E","R","M","?","R","B"],"character_chosen":"IRONCLAD","items_purchased":["Combust","Reckless Charge"],"campfire_rested":2,"item_purchase_floors":[5,5],"current_hp_per_floor":[74,74,75,75,75,75,43,47,47,69,44,44,34,34,56,0,0],"gold":310,"neow_bonus":"THREE_ENEMY_KILL","is_daily":false,"chose_seed":false,"campfire_upgraded":2,"win_rate":0.0,"timestamp":1611729044,"path_taken":["M","?","M","?","$","R","E","M","T","R","E","R","?","?","R","BOSS"],"items_purchased_type":["Card","Card"],"build_version":"2020-12-18","purchased_purges":0,"victory":false,"max_hp_per_floor":[75,75,75,75,75,75,75,75,75,75,75,75,75,75,75,75,75],"relic_stats":{"counters":[8,30],"Letter Opener":[0],"obtain_stats":[{"Potion Belt":11,"NeowsBlessing":0,"Oddly Smooth Stone":9,"Letter Opener":7,"Burning Blood":0},{"Potion Belt":6,"NeowsBlessing":0,"Oddly Smooth Stone":5,"Letter Opener":4,"Burning Blood":0},{"Potion Belt":19,"NeowsBlessing":0,"Oddly Smooth Stone":14,"Letter Opener":10,"Burning Blood":0}],"Burning Blood":31},"card_choices":[{"not_picked":["Second Wind","Burning Pact"],"picked":"Reckless Charge","floor":1.0},{"not_picked":["Second Wind","Iron Wave"],"picked":"True Grit","floor":3.0},{"not_picked":["Dropkick","Headbutt"],"picked":"Pommel Strike","floor":4.0},{"not_picked":["True Grit","Whirlwind"],"picked":"Rampage","floor":7.0},{"not_picked":["Flex","Seeing Red"],"picked":"Bloodletting","floor":8.0},{"not_picked":["Twin Strike","Clash"],"picked":"Immolate","floor":11.0},{"not_picked":["Anger","Hemokinesis"],"picked":"Fire Breathing","floor":13.0}],"player_experience":3325232,"relics_obtained":[{"floor":7.0,"key":"Letter Opener"},{"floor":9.0,"key":"Oddly Smooth Stone"},{"floor":11.0,"key":"Potion Belt"}],"event_choices":[{"cards_removed":["Strike_R"],"damage_healed":0.0,"max_hp_gain":0.0,"max_hp_loss":0.0,"gold_gain":0.0,"event_name":"Purifier","player_choice":"Purged","floor":2.0,"gold_loss":0.0,"damage_taken":0.0},{"damage_healed":0.0,"max_hp_gain":0.0,"max_hp_loss":0.0,"gold_gain":150.0,"event_name":"Liars Game","player_choice":"AGREE","floor":14.0,"gold_loss":0.0,"damage_taken":0.0,"cards_obtained":["Doubt"]}],"is_beta":true,"boss_relics":[],"items_purged_floors":[],"is_endless":false,"potions_floor_spawned":[1,4,11],"killed_by":"The Guardian","ascension_level":19}}