{"host":"gtrx90x5hc2p0luo","time":1611787827,"event":{"mods":["BaseMod","BetterRewards","Colored Map","Downfall","Googly Eyes","Highlight Path","Minty Spire (QoL Compilation)","Shop Mod","StSLib","The Animator"],"gold_per_floor":[111,130,145,155,169,199,218,218,218,249,44,44,69,79,79,182,182,199,209,220,238,252,279,279,310,310,324,324,324,67,80,80,177,177,196,266,278,328,339,374,374,707,734,784,846,896,961,185,185,185,185,185,0,35,35],"floor_reached":56,"language":"ENG","playtime":4059,"items_purged":["Reinforced Body+1"],"score":1475,"play_id":"4ab6f965-6b45-40b6-b10e-2ac8d51b39a3","local_time":"20210127235027","is_ascension_mode":true,"campfire_choices":[{"floor":8,"key":"RECALL"},{"data":"Zap","floor":15,"key":"SMITH"},{"data":"Dualcast","floor":24,"key":"SMITH"},{"data":"Defend_B","floor":29,"key":"SMITH"},{"floor":32,"key":"REST"},{"data":"Defend_B","floor":41,"key":"SMITH"},{"data":"Strike_B","floor":49,"key":"SMITH"},{"data":"Strike_B","floor":52,"key":"SMITH"}],"circlet_count":0,"master_deck":["Strike_B","Strike_B+1","Strike_B+1","Defend_B+1","Defend_B+1","Zap+1","Dualcast+1","Static Discharge+1","Blizzard+1","Leap+1","Coolheaded+1","Defragment+1","Cold Snap+1","Static Discharge+1","Redo+1","Streamline+1","Steam+1","Hyperbeam+1","Seek+1","Loop+1","Sunder+1","Self Repair+1","Conserve Battery+1","Creative AI+1","Tempest+1","Tempest+1","Leap+1","Hello World+1","Ball Lightning+1","Chill+1","Defragment+1","Double Energy+1","Conserve Battery+1","Heatsinks+1","Barrage+1","Rebound+1","Echo Form+1","Streamline+1","Double Energy+1","Beam Cell+1","Sunder+1","Static Discharge+1","Scrape+1","Bandage Up+1","Thunder Strike+1","Chill+1","Echo Form+1","Defragment+1","Capacitor+1","Storm+1","Capacitor+1","Storm+1","Static Discharge+1","Capacitor+1","Hello World+1","Sunder+1"],"relics":["Cracked Core","Unceasing Top","Toxic Egg 2","Molten Egg 2","Frozen Egg 2","Nunchaku","White Beast Statue","Black Star","MealTicket","Bottled Flame","HornCleat","Meat on the Bone","Chemical X","Bronze Scales","Blood Vial","Orichalcum","Astrolabe","Omamori","Smiling Mask","Kunai","Boot","TungstenRod","SsserpentHead","Lantern","Mummified Hand","Inserter","Happy Flower","The Courier","Bag of Marbles","Old Coin","Anchor","Potion Belt","Bottled Tornado","Bottled Lightning","Thread and Needle"],"acts_visited":["Exordium","TheCity","TheBeyond","TheEnding"],"potions_floor_usage":[5,5,6,16,16,21,22,23,23,25,33,33,33,33,33,39,40,40,40,47,50,50,50],"damage_taken":[{"damage":0,"enemies":"Cultist","floor":1,"turns":4},{"damage":0,"enemies":"Jaw Worm","floor":2,"turns":4},{"damage":1,"enemies":"Small Slimes","floor":3,"turns":3},{"damage":7,"enemies":"Blue Slaver","floor":4,"turns":3},{"damage":1,"enemies":"Lots of Slimes","floor":5,"turns":4},{"damage":2,"enemies":"3 Sentries","floor":6,"turns":4},{"damage":10,"enemies":"Looter","floor":7,"turns":2},{"damage":5,"enemies":"Lagavulin","floor":10,"turns":5},{"damage":10,"enemies":"3 Sentries","floor":13,"turns":4},{"damage":7,"enemies":"Red Slaver","floor":14,"turns":3},{"damage":5,"enemies":"Slime Boss","floor":16,"turns":7},{"damage":12,"enemies":"2 Thieves","floor":18,"turns":3},{"damage":6,"enemies":"Shell Parasite","floor":19,"turns":5},{"damage":4,"enemies":"Snecko","floor":20,"turns":4},{"damage":18,"enemies":"Shelled Parasite and Fungi","floor":21,"turns":3},{"damage":8,"enemies":"Chosen and Byrds","floor":22,"turns":3},{"damage":34,"enemies":"Gremlin Leader","floor":23,"turns":5},{"damage":18,"enemies":"Slavers","floor":25,"turns":5},{"damage":0,"enemies":"Cultist and Chosen","floor":27,"turns":3},{"damage":1,"enemies":"Centurion and Healer","floor":31,"turns":6},{"damage":0,"enemies":"Automaton","floor":33,"turns":5},{"damage":0,"enemies":"3 Darklings","floor":35,"turns":3},{"damage":10,"enemies":"Orb Walker","floor":36,"turns":4},{"damage":0,"enemies":"Sphere and 2 Shapes","floor":37,"turns":3},{"damage":0,"enemies":"Maw","floor":39,"turns":6},{"damage":6,"enemies":"Reptomancer","floor":40,"turns":3},{"damage":7,"enemies":"Giant Head","floor":42,"turns":6},{"damage":0,"enemies":"3 Darklings","floor":45,"turns":4},{"damage":0,"enemies":"Writhing Mass","floor":47,"turns":2},{"damage":75,"enemies":"Awakened One","floor":50,"turns":4},{"damage":7,"enemies":"Shield and Spear","floor":54,"turns":4},{"damage":41,"enemies":"The Heart","floor":55,"turns":3}],"seed_played":"9054860762281440665","potions_obtained":[{"floor":2,"key":"ColorlessPotion"},{"floor":3,"key":"CultistPotion"},{"floor":4,"key":"DistilledChaos"},{"floor":5,"key":"DistilledChaos"},{"floor":6,"key":"Ancient Potion"},{"floor":7,"key":"EntropicBrew"},{"floor":10,"key":"champ:CounterPotion"},{"floor":13,"key":"CultistPotion"},{"floor":14,"key":"Dexterity Potion"},{"floor":16,"key":"EssenceOfDarkness"},{"floor":18,"key":"PowerPotion"},{"floor":19,"key":"champ:CounterPotion"},{"floor":22,"key":"ColorlessPotion"},{"floor":23,"key":"PowerPotion"},{"floor":25,"key":"Slimebound:ThreeZeroPotion"},{"floor":27,"key":"PotionOfCapacity"},{"floor":31,"key":"EntropicBrew"},{"floor":33,"key":"Fire Potion"},{"floor":35,"key":"champ:CounterPotion"},{"floor":36,"key":"champ:CounterPotion"},{"floor":39,"key":"SkillPotion"},{"floor":40,"key":"Fruit Juice"},{"floor":42,"key":"hexamod:SoulburnPotion"},{"floor":45,"key":"SteroidPotion"},{"floor":47,"key":"PotionOfCapacity"},{"floor":54,"key":"FairyPotion"}],"is_trial":false,"path_per_floor":["M","M","M","M","M","E","M","R","T","E","$","?","E","M","R","B",null,"M","M","M","M","M","E","R","E","T","M","?","R","$","M","R","B",null,"M","M","M","?","M","E","R","E","T","?","M","?","M","$","R","B",null,"R","$","E","B",null],"character_chosen":"DEFECT","items_purchased":["Nunchaku","Static Discharge","Blizzard","Leap","Coolheaded","Loop+1","Chemical X","Sunder+1","Heatsinks+1","Barrage+1","Lantern","Echo Form+1","Potion Belt","Defragment+1","Capacitor+1","Storm+1","Capacitor+1","Storm+1","Static Discharge+1","Capacitor+1","Hello World+1","Bottled Tornado"],"campfire_rested":1,"item_purchase_floors":[0,0,0,0,0,11,11,11,30,30,30,48,48,48,48,48,48,48,48,48,48,53],"current_hp_per_floor":[75,75,74,67,66,64,54,54,54,49,64,64,54,59,59,66,75,73,75,71,65,69,59,59,53,53,55,55,55,70,75,75,75,75,75,65,75,75,75,80,80,73,73,73,80,80,80,80,80,29,80,80,80,80,45],"gold":35,"neow_bonus":"","is_daily":false,"chose_seed":false,"campfire_upgraded":6,"win_rate":0.0,"timestamp":1611787827,"path_taken":["M","M","M","M","?","E","M","R","T","E","?","?","E","?","R","BOSS","M","M","M","M","M","E","R","E","T","M","?","R","$","M","R","BOSS","M","?","M","?","M","E","R","E","T","?","?","?","?","$","R","BOSS","R","$","E","BOSS"],"items_purchased_type":["Relic","Card","Card","Card","Card","Card","Relic","Card","Card","Card","Relic","Card","Relic","Card","Card","Card","Card","Card","Card","Card","Card","Relic"],"build_version":"2020-12-22","purchased_purges":1,"victory":true,"max_hp_per_floor":[75,75,75,75,75,75,75,75,75,75,75,75,75,75,75,75,75,75,75,75,75,75,75,75,75,75,75,75,75,75,75,75,75,75,75,75,75,75,75,80,80,80,80,80,80,80,80,80,80,80,80,80,80,80,80],"card_choices":[{"not_picked":["Stack+1","Genetic Algorithm+1"],"picked":"Defragment+1","floor":1},{"not_picked":["Rip and Tear+1","Go for the Eyes+1"],"picked":"Cold Snap+1","floor":2},{"not_picked":["Gash+1","Blizzard+1"],"picked":"Static Discharge+1","floor":3},{"not_picked":["Stack+1","Leap+1"],"picked":"Redo+1","floor":4},{"not_picked":["Hologram+1","Buffer+1"],"picked":"Streamline+1","floor":5},{"not_picked":["Compile Driver+1","Beam Cell+1"],"picked":"Steam+1","floor":6},{"not_picked":["Steam+1","BootSequence+1"],"picked":"Hyperbeam+1","floor":7},{"not_picked":["Streamline+1","Beam Cell+1"],"picked":"Seek+1","floor":10},{"not_picked":["Reprogram+1","Hyperbeam+1"],"picked":"Self Repair+1","floor":13},{"not_picked":["FTL+1","Leap+1"],"picked":"Conserve Battery+1","floor":14},{"not_picked":["Hyperbeam+1","Thunder Strike+1"],"picked":"Creative AI+1","floor":16},{"not_picked":["Beam Cell+1","Steam Power+1"],"picked":"Leap+1","floor":18},{"not_picked":["Glacier+1","Undo+1"],"picked":"Hello World+1","floor":19},{"not_picked":["Darkness+1","Sweeping Beam+1"],"picked":"Ball Lightning+1","floor":20},{"not_picked":["Beam Cell+1","Cold Snap+1"],"picked":"Chill+1","floor":21},{"not_picked":["Sweeping Beam+1","Skim+1"],"picked":"Defragment+1","floor":22},{"not_picked":["Cold Snap+1","Hologram+1"],"picked":"Double Energy+1","floor":23},{"not_picked":["Genetic Algorithm+1","Ball Lightning+1"],"picked":"Conserve Battery+1","floor":25},{"not_picked":["Hyperbeam+1","FTL+1","BootSequence+1"],"picked":"SKIP","floor":27},{"not_picked":["Reinforced Body+1","Cold Snap+1"],"picked":"Rebound+1","floor":31},{"not_picked":["Creative AI+1","Fission+1"],"picked":"Echo Form+1","floor":33},{"not_picked":["Coolheaded+1","Stack+1"],"picked":"Streamline+1","floor":35},{"not_picked":["Rebound+1","Coolheaded+1"],"picked":"Double Energy+1","floor":36},{"not_picked":["Force Field+1","Hologram+1"],"picked":"Beam Cell+1","floor":37},{"not_picked":["Sweeping Beam+1","Streamline+1","Beam Cell+1"],"picked":"SKIP","floor":39},{"not_picked":["Turbo+1","Consume+1"],"picked":"Sunder+1","floor":40},{"not_picked":["Streamline+1","Compile Driver+1"],"picked":"Static Discharge+1","floor":42},{"not_picked":["Chill+1","Conserve Battery+1"],"picked":"Thunder Strike+1","floor":45},{"not_picked":["Rebound+1","Force Field+1"],"picked":"Chill+1","floor":47},{"not_picked":["Leap+1","Hologram+1"],"picked":"Sunder+1","floor":54}],"player_experience":67479,"relics_obtained":[{"floor":6,"key":"MealTicket"},{"floor":6,"key":"Bottled Flame"},{"floor":10,"key":"HornCleat"},{"floor":10,"key":"Meat on the Bone"},{"floor":13,"key":"Blood Vial"},{"floor":13,"key":"Orichalcum"},{"floor":23,"key":"Omamori"},{"floor":23,"key":"Smiling Mask"},{"floor":25,"key":"Kunai"},{"floor":25,"key":"Boot"},{"floor":26,"key":"TungstenRod"},{"floor":40,"key":"Happy Flower"},{"floor":40,"key":"The Courier"},{"floor":42,"key":"Bag of Marbles"},{"floor":42,"key":"Old Coin"},{"floor":43,"key":"Anchor"},{"floor":54,"key":"Bottled Lightning"},{"floor":54,"key":"Thread and Needle"}],"event_choices":[{"damage_healed":0,"gold_gain":0,"player_choice":"Gave Potion","damage_taken":0,"relics_obtained":["Bronze Scales"],"max_hp_gain":0,"max_hp_loss":0,"event_name":"WeMeetAgain","floor":12,"gold_loss":0},{"damage_healed":0,"gold_gain":0,"player_choice":"Trade","damage_taken":0,"relics_obtained":["SsserpentHead"],"max_hp_gain":0,"max_hp_loss":0,"event_name":"FaceTrader","floor":28,"gold_loss":0},{"damage_healed":0,"gold_gain":0,"player_choice":"Memory 1","damage_taken":0,"max_hp_gain":0,"max_hp_loss":0,"event_name":"SensoryStone","floor":38,"gold_loss":0},{"damage_healed":0,"gold_gain":0,"player_choice":"2 cards matched","damage_taken":0,"max_hp_gain":0,"max_hp_loss":0,"event_name":"Match and Keep!","floor":44,"gold_loss":0,"cards_obtained":["Scrape","Bandage Up"]},{"damage_healed":0,"gold_gain":0,"player_choice":"Got Potions","damage_taken":0,"max_hp_gain":0,"max_hp_loss":0,"event_name":"Lab","floor":46,"gold_loss":0}],"is_beta":false,"boss_relics":[{"not_picked":["Tiny House","SacredBark"],"picked":"Astrolabe"},{"not_picked":["Sozu","Runic Dome"],"picked":"Inserter"}],"items_purged_floors":[48],"is_endless":false,"potions_floor_spawned":[2,3,4,5,6,7,10,13,14,16,18,19,20,21,22,23,25,27,31,33,35,36,37,39,40,42,45,47,54],"ascension_level":1}}