{"host":"f7i018611qt1bmao","time":1611724028,"event":{"mods":["ATMod(阿瑾Mod)","Act Like it!","BaseMod","Chen","Hallownest","KinomotoSakuraMod(木之本樱)","Koishi","LagranYue(拉格朗・月)","Marisa（F雨　魔理沙）","Minty Spire (QoL Compilation)","Nova Terra(诺娃・泰拉)","Remilia（蕾米莉亚）","Replay The Spire","StSLib","The Administrix","The Alterego","The Animator","The Gatherer","The Mystic","The Poker Player","The Senshi","The Servant 0.9.4","TheWitcher","WarShipGirlsR/战舰少女R mod","Yakumo Yukari mod","Youmu（魂魄妖梦）","Yuri Mod","Yuyuko","【遗物卡牌】REMEMod"],"gold_per_floor":[113,127,143,143,156,156,331,349,427,427,427],"floor_reached":10,"language":"ZHS","playtime":637,"items_purged":[],"score":60,"play_id":"09709e41-c189-4a24-ad72-8481bb5c736f","local_time":"20210127130708","is_ascension_mode":false,"campfire_choices":[{"floor":6,"key":"RECALL"}],"circlet_count":0,"master_deck":["Strike_S","Strike_S","Strike_S","Strike_S","Defend_S","Defend_S","Defend_S","Defend_S","KidneyShot","Exchange","AT_ShadowStep","Ricochet","ReturningBlade","Rearm","Sickly","Starlight","Doubt","BottledTime"],"relics":["Uniform","AT_ATBox","REME_ComplimentaryCards","LagranYue:RandomDrawCardRelic","NeowsBlessing","Ring of Peace","ReplayTheSpireMod:Ring of Collecting","Ring of Fury"],"acts_visited":["Exordium"],"potions_floor_usage":[],"damage_taken":[{"damage":0,"enemies":"Small Slimes","floor":1,"turns":1},{"damage":0,"enemies":"2 Louse","floor":2,"turns":1},{"damage":0,"enemies":"Jaw Worm","floor":3,"turns":1},{"damage":14,"enemies":"Large Slime","floor":5,"turns":9},{"damage":8,"enemies":"Exordium Wildlife","floor":8,"turns":4},{"damage":50,"enemies":"Gremlin Nob","floor":10,"turns":5}],"seed_played":"511440861463166805","potions_obtained":[{"floor":5,"key":"Strength Potion"},{"floor":8,"key":"DistilledChaos"}],"is_trial":false,"path_per_floor":["M","M","M","?","M","R","?","M","T","E"],"character_chosen":"THE_SERVANT","items_purchased":[],"campfire_rested":0,"item_purchase_floors":[],"current_hp_per_floor":[65,65,65,65,51,51,51,43,43,0,0],"gold":427,"neow_bonus":"THREE_ENEMY_KILL","is_daily":false,"chose_seed":false,"campfire_upgraded":0,"win_rate":0.0,"timestamp":1611724028,"path_taken":["M","M","M","?","M","R","?","M","T","E"],"items_purchased_type":[],"build_version":"2020-12-22","purchased_purges":0,"victory":false,"max_hp_per_floor":[65,65,65,65,65,65,65,65,65,65,65],"card_choices":[{"not_picked":["Comet","Defy"],"picked":"Ricochet","floor":1},{"not_picked":["Spin","SurpressingFire"],"picked":"ReturningBlade","floor":2},{"not_picked":["Unruled","Defy"],"picked":"Rearm","floor":3},{"not_picked":["Spin","TimeWarp"],"picked":"Starlight","floor":5},{"not_picked":["Rearm","Replace"],"picked":"BottledTime","floor":8}],"player_experience":24260,"relics_obtained":[{"floor":4,"key":"Ring of Peace"},{"floor":4,"key":"ReplayTheSpireMod:Ring of Collecting"},{"floor":9,"key":"Ring of Fury"}],"event_choices":[{"damage_healed":0,"gold_gain":175,"player_choice":"AGREE","damage_taken":0,"max_hp_gain":0,"max_hp_loss":0,"event_name":"Liars Game","floor":7,"gold_loss":0,"cards_obtained":["Doubt"]}],"is_beta":false,"boss_relics":[],"items_purged_floors":[],"is_endless":false,"potions_floor_spawned":[5,8],"killed_by":"Gremlin Nob","ascension_level":0}}