{"host":"v3mpq6flurzldi5g","time":1611759856,"event":{"mods":["AchievementEnabler","BaseMod","Colored Powertips","Highlight Path","Minty Spire (QoL Compilation)","StSLib"],"gold_per_floor":[211,211,228,228,247,247,279,279,279,279,279,289,300,319,319,319,319],"floor_reached":16,"language":"ENG","playtime":880,"items_purged":[],"score":163,"play_id":"bac8f0ca-1c60-4430-9b58-cf17d7406fd4","local_time":"20210127100416","is_ascension_mode":true,"campfire_choices":[{"floor":6.0,"key":"REST"},{"floor":8.0,"key":"REST"},{"floor":10.0,"key":"REST"},{"floor":15,"key":"REST"}],"circlet_count":0,"master_deck":["AscendersBane","Strike_G","Strike_G","Strike_G","Strike_G+1","Defend_G","Defend_G","Defend_G","Defend_G","Defend_G","Survivor","Neutralize","Footwork","Accuracy+1","Prepared","Cloak And Dagger","Cloak And Dagger"],"relics":["Ring of the Snake","HornCleat","PreservedInsect","Question Card"],"acts_visited":["Exordium"],"potions_floor_usage":[13,16,16],"damage_taken":[{"damage":0.0,"enemies":"Cultist","floor":1.0,"turns":5.0},{"damage":6.0,"enemies":"2 Louse","floor":3.0,"turns":3.0},{"damage":2.0,"enemies":"Small Slimes","floor":5.0,"turns":6.0},{"damage":36.0,"enemies":"Gremlin Nob","floor":7.0,"turns":7.0},{"damage":2.0,"enemies":"Blue Slaver","floor":12.0,"turns":6.0},{"damage":8,"enemies":"Gremlin Gang","floor":13,"turns":5},{"damage":0,"enemies":"2 Fungi Beasts","floor":14,"turns":5},{"damage":62,"enemies":"Hexaghost","floor":16,"turns":17}],"seed_played":"145190423859329025","potions_obtained":[{"floor":3.0,"key":"Block Potion"},{"floor":7.0,"key":"Swift Potion"},{"floor":12.0,"key":"Strength Potion"},{"floor":14,"key":"DistilledChaos"}],"is_trial":false,"path_per_floor":["M","?","M","?","M","R","E","R","T","R","?","M","M","M","R","B"],"character_chosen":"THE_SILENT","items_purchased":[],"campfire_rested":4,"item_purchase_floors":[],"current_hp_per_floor":[63,45,39,25,23,44,8,29,29,50,50,48,40,40,61,0,0],"gold":319,"neow_bonus":"HUNDRED_GOLD","is_daily":false,"chose_seed":false,"campfire_upgraded":0,"win_rate":0.0,"timestamp":1611759856,"path_taken":["M","?","M","?","M","R","E","R","T","R","?","?","M","M","R","BOSS"],"items_purchased_type":[],"build_version":"2020-12-22","purchased_purges":0,"victory":false,"max_hp_per_floor":[70,70,70,70,70,70,70,70,70,70,70,70,70,70,70,70,70],"card_choices":[{"not_picked":["Dagger Throw","Sucker Punch"],"picked":"Footwork","floor":1.0},{"not_picked":["Bouncing Flask","Deflect"],"picked":"Accuracy","floor":3.0},{"not_picked":["Deflect","Distraction"],"picked":"Prepared","floor":5.0},{"not_picked":["Flying Knee","Outmaneuver","Underhanded Strike"],"picked":"SKIP","floor":7.0},{"not_picked":["Prepared","Bane","Dagger Throw"],"picked":"Cloak And Dagger","floor":12.0},{"not_picked":["Heel Hook","Setup","Catalyst"],"picked":"Cloak And Dagger","floor":13},{"not_picked":["Distraction","Skewer","Flying Knee","Masterful Stab"],"picked":"SKIP","floor":14}],"player_experience":1073659,"relics_obtained":[{"floor":7.0,"key":"PreservedInsect"},{"floor":9.0,"key":"Question Card"}],"event_choices":[{"damage_healed":0.0,"max_hp_gain":0.0,"max_hp_loss":0.0,"gold_gain":0.0,"event_name":"Scrap Ooze","player_choice":"Success","floor":2.0,"gold_loss":0.0,"damage_taken":18.0,"relics_obtained":["HornCleat"]},{"damage_healed":0.0,"max_hp_gain":0.0,"max_hp_loss":0.0,"gold_gain":0.0,"event_name":"Shining Light","player_choice":"Entered Light","floor":4.0,"gold_loss":0.0,"damage_taken":14.0,"cards_upgraded":["Strike_G","Accuracy"]},{"cards_removed":["Strike_G"],"damage_healed":0.0,"max_hp_gain":0.0,"max_hp_loss":0.0,"gold_gain":0.0,"event_name":"Purifier","player_choice":"Purged","floor":11.0,"gold_loss":0.0,"damage_taken":0.0}],"is_beta":false,"boss_relics":[],"items_purged_floors":[],"is_endless":false,"potions_floor_spawned":[3,7,12,14],"killed_by":"Hexaghost","ascension_level":12}}