{"host":"y89x8uui45kcjy42","time":1611743195,"event":{"mods":["2.2 Compatiblity","BaseMod","CapriCore","Colored Map","Colored Powertips","Custom Start","Friendly Minions","Keyboard Shortcuts","Minty Spire (QoL Compilation)","Relic Stats","Replay The Spire","Slay the Relics Exporter","StSLib","SuperFastMode","Uncapped"],"gold_per_floor":[118,118,40,55,68,68,97,97,123,151,181,181,181,191,191,266,266,281,196,222,62,62,62,62,95,120,149,149,181,201,251,251,328,328,345,359,101,120,136,136,136,136],"floor_reached":41,"language":"KOR","playtime":1210,"items_purged":["Defend_P"],"score":1155,"play_id":"4df09728-7cfa-487b-8a54-b090cf2ecfb9","local_time":"20210127192635","is_ascension_mode":true,"campfire_choices":[{"data":"Replay:Hum","floor":6,"key":"SMITH"},{"data":"Replay:DivineShield","floor":8,"key":"SMITH"},{"data":"SignatureMove","floor":12,"key":"SMITH"},{"data":"InnerPeace","floor":13,"key":"SMITH"},{"data":"Vigilance","floor":15,"key":"SMITH"},{"data":"MentalFortress","floor":23,"key":"SMITH"},{"floor":24,"key":"RECALL"},{"data":"DevaForm","floor":32,"key":"SMITH"},{"data":"Vault","floor":40,"key":"SMITH"}],"circlet_count":0,"master_deck":["Eruption+1","Vigilance+1","SignatureMove+1","InnerPeace+1","Replay:Hum+1","Replay:DivineShield+1","DevaForm+1","MentalFortress+1","Replay:AtTheReady+1","Vault+1","BattleHymn","Replay:Anticipation+1"],"relics":["PureWater","Vajra","Oddly Smooth Stone","Strawberry","Regal Pillow","Coffee Dripper","Mercury Hourglass","Replay:Rubber Ducky","Nunchaku","Toy Ornithopter","Painkiller Herb","TheAbacus"],"acts_visited":["Exordium","TheCity","TheBeyond"],"potions_floor_usage":[18],"damage_taken":[{"damage":0,"enemies":"Jaw Worm","floor":1,"turns":3},{"damage":0,"enemies":"Cultist","floor":4,"turns":1},{"damage":0,"enemies":"2 Louse","floor":5,"turns":2},{"damage":11,"enemies":"Lagavulin","floor":7,"turns":4},{"damage":12,"enemies":"Replay:BlueRogue","floor":10,"turns":3},{"damage":4,"enemies":"Lagavulin","floor":11,"turns":5},{"damage":5,"enemies":"Exordium Thugs","floor":14,"turns":3},{"damage":11,"enemies":"Hexaghost","floor":16,"turns":6},{"damage":11,"enemies":"2 Thieves","floor":18,"turns":3},{"damage":7,"enemies":"Replay:Snechameleon","floor":25,"turns":5},{"damage":0,"enemies":"Book of Stabbing","floor":27,"turns":4},{"damage":7,"enemies":"Replay:Snechameleon","floor":29,"turns":3},{"damage":0,"enemies":"Chosen","floor":30,"turns":2},{"damage":0,"enemies":"Champ","floor":33,"turns":7},{"damage":4,"enemies":"Orb Walker","floor":35,"turns":3},{"damage":20,"enemies":"3 Shapes","floor":36,"turns":4},{"damage":25,"enemies":"Transient","floor":38,"turns":6},{"damage":13,"enemies":"4 Shapes","floor":39,"turns":5},{"damage":23,"enemies":"Reptomancer","floor":41,"turns":3}],"seed_played":"7485902571391448530","potions_obtained":[{"floor":1,"key":"Venom Potion"},{"floor":4,"key":"FearPotion"},{"floor":5,"key":"Fire Potion"},{"floor":14,"key":"DuplicationPotion"},{"floor":25,"key":"Elixir"}],"is_trial":false,"path_per_floor":["M","?","$","M","M","R","E","R","T","E","E","R","R","M","R","B",null,"M","?","T","$","?","R","R","E","T","E","?","E","M","?","R","B",null,"?","?","T","?","?","T","E"],"character_chosen":"WATCHER","items_purchased":["InnerPeace","MentalFortress","TheAbacus","BattleHymn"],"campfire_rested":0,"item_purchase_floors":[3,21,37,37],"current_hp_per_floor":[73,73,73,73,73,73,69,69,69,57,53,53,53,48,48,37,75,64,64,64,64,64,64,64,57,57,57,32,25,25,25,25,25,75,71,51,51,26,13,13,0,0],"gold":136,"neow_bonus":"TWENTY_PERCENT_HP_BONUS","is_daily":false,"chose_seed":false,"campfire_upgraded":8,"win_rate":0.0,"timestamp":1611743195,"path_taken":["M","?","?","M","M","R","E","R","T","E","E","R","R","?","R","BOSS","M","?","?","$","?","R","R","E","T","E","?","E","M","?","R","BOSS","?","?","T","?","?","T","E"],"items_purchased_type":["Card","Card","Relic","Card"],"build_version":"2020-12-22","purchased_purges":1,"victory":false,"max_hp_per_floor":[80,80,80,80,80,80,87,87,87,87,87,87,87,87,87,87,87,87,87,87,87,87,87,87,87,87,87,92,92,92,92,92,92,92,92,92,92,92,92,92,92,92],"relic_stats":{"Regal Pillow":0,"Nunchaku":[4],"TheAbacus":[66],"counters":[19,71],"obtain_stats":[{"Regal Pillow":11,"Vajra":6,"Oddly Smooth Stone":6,"Painkiller Herb":34,"Omamori":0,"Mercury Hourglass":19,"Replay:Rubber Ducky":20,"Nunchaku":27,"TheAbacus":37,"Strawberry":7,"WingedGreaves":6,"Coffee Dripper":17,"PureWater":0,"Toy Ornithopter":29},{"Regal Pillow":6,"Vajra":3,"Oddly Smooth Stone":3,"Painkiller Herb":14,"Omamori":0,"Mercury Hourglass":9,"Replay:Rubber Ducky":9,"Nunchaku":11,"TheAbacus":16,"Strawberry":4,"WingedGreaves":3,"Coffee Dripper":8,"PureWater":0,"Toy Ornithopter":12},{"Regal Pillow":18,"Vajra":6,"Oddly Smooth Stone":6,"Painkiller Herb":50,"Omamori":0,"Mercury Hourglass":30,"Replay:Rubber Ducky":30,"Nunchaku":38,"TheAbacus":57,"Strawberry":10,"WingedGreaves":6,"Coffee Dripper":27,"PureWater":0,"Toy Ornithopter":41}],"Toy Ornithopter":0,"Mercury Hourglass":[182]},"card_choices":[{"not_picked":["Crescendo","FollowUp"],"picked":"SignatureMove","floor":1},{"not_picked":["Nirvana","Replay:BluntJabs","BowlingBash"],"picked":"SKIP","floor":4},{"not_picked":["Replay:AtTheReady","Replay:BluntJabs"],"picked":"Replay:Hum","floor":5},{"not_picked":["CrushJoints","ReachHeaven"],"picked":"Replay:DivineShield","floor":7},{"not_picked":["Prostrate","ReachHeaven","FlurryOfBlows"],"picked":"SKIP","floor":10},{"not_picked":["EmptyFist","Replay:Cycle","Collect"],"picked":"SKIP","floor":11},{"not_picked":["SpiritShield","Prostrate","FlurryOfBlows"],"picked":"SKIP","floor":14},{"not_picked":["MasterReality","Devotion"],"picked":"DevaForm","floor":16},{"not_picked":["Prostrate","Protect","Halt+1"],"picked":"SKIP","floor":18},{"not_picked":["FearNoEvil+1","Replay:DivineShield","Nirvana+1"],"picked":"SKIP","floor":25},{"not_picked":["Conclude","FearNoEvil","SashWhip"],"picked":"SKIP","floor":27},{"not_picked":["Conclude","FearNoEvil","SashWhip"],"picked":"SKIP","floor":27},{"not_picked":["Conclude","FollowUp"],"picked":"Replay:AtTheReady+1","floor":29},{"not_picked":["PathToVictory","Replay:BluntJabs","Replay:ManipulateFuture"],"picked":"SKIP","floor":30},{"not_picked":["Wish","ConjureBlade"],"picked":"Vault","floor":33},{"not_picked":["Crescendo+1","Consecrate","FollowUp"],"picked":"SKIP","floor":35},{"not_picked":["FearNoEvil","JustLucky","CutThroughFate"],"picked":"SKIP","floor":36},{"not_picked":["EmptyFist","CutThroughFate","SashWhip"],"picked":"SKIP","floor":38},{"not_picked":["Replay:AtTheReady+1","BowlingBash"],"picked":"Replay:Anticipation+1","floor":39}],"player_experience":666141,"relics_obtained":[{"floor":7,"key":"Strawberry"},{"floor":10,"key":"WingedGreaves"},{"floor":11,"key":"Regal Pillow"},{"floor":20,"key":"Replay:Rubber Ducky"},{"floor":27,"key":"Nunchaku"},{"floor":29,"key":"Toy Ornithopter"}],"event_choices":[{"damage_healed":0,"gold_gain":0,"player_choice":"Upgraded","damage_taken":0,"max_hp_gain":0,"max_hp_loss":0,"event_name":"Upgrade Shrine","floor":2,"gold_loss":0,"cards_upgraded":["Eruption"]},{"damage_healed":0,"gold_gain":0,"player_choice":"Obtained Relic","damage_taken":0,"relics_obtained":["Mercury Hourglass"],"max_hp_gain":0,"max_hp_loss":0,"event_name":"Addict","floor":19,"gold_loss":85},{"damage_healed":0,"gold_gain":0,"player_choice":"Shed Blood","damage_taken":30,"max_hp_gain":5,"max_hp_loss":0,"event_name":"Forgotten Altar","floor":28,"gold_loss":0},{"damage_healed":0,"gold_gain":50,"player_choice":"Pray","damage_taken":0,"max_hp_gain":0,"max_hp_loss":0,"event_name":"Golden Shrine","floor":31,"gold_loss":0}],"is_beta":false,"boss_relics":[{"not_picked":["ReplayTheSpireMod:DimensionalGlitch","Abe\u0027s Treasure","Astrolabe"]},{"not_picked":["Cursed Key","Sozu"],"picked":"Painkiller Herb"}],"items_purged_floors":[21],"is_endless":false,"potions_floor_spawned":[1,4,5,14,25,27,33,35,36],"killed_by":"Reptomancer","ascension_level":20}}