{"host":"h4qgcirtxz6qax9j","time":1611727169,"event":{"mods":["2.2 Compatiblity","AchievementEnabler","BaseMod","Colored Powertips","Custom Start","Hermit","Marisa£¨Ùöéë¡¡Øª×âÞÞ£©","Minty Spire (QoL Compilation)","Replay The Spire","StSLib","SuperFastMode","The Servant 0.9.4"],"gold_per_floor":[119,133,61,77,77,108,122,122,147,166,166,180,101,112,112,112,112],"floor_reached":16,"language":"KOR","playtime":286,"items_purged":[],"score":114,"play_id":"a0872944-0ba8-4826-ac5b-6d39485d2e9e","local_time":"20210127145929","is_ascension_mode":true,"campfire_choices":[{"data":"SuperNova","floor":8,"key":"SMITH"},{"floor":15,"key":"REST"}],"circlet_count":0,"master_deck":["Strike_MRS+1","Strike_MRS","Strike_MRS","Strike_MRS","Defend_MRS","Defend_MRS","Defend_MRS","Defend_MRS","MasterSpark","UpSweep","AsteroidBelt","DoubleSpark","RefractionSpark","OortCloud","DoubleSpark","SuperNova+1","WitchLeyline","SuperPerseids"],"relics":["MiniHakkero","NeowsBlessing","PreservedInsect","Potion Belt"],"acts_visited":["Exordium"],"potions_floor_usage":[16,16,16],"damage_taken":[{"damage":0.0,"enemies":"Jaw Worm","floor":1.0,"turns":1.0},{"damage":0.0,"enemies":"Small Slimes","floor":2.0,"turns":1.0},{"damage":0.0,"enemies":"Cultist","floor":4.0,"turns":1.0},{"damage":38,"enemies":"Lagavulin","floor":6,"turns":7},{"damage":4,"enemies":"2 Fungi Beasts","floor":7,"turns":3},{"damage":2,"enemies":"Red Slaver","floor":10,"turns":3},{"damage":0,"enemies":"Blue Slaver","floor":12,"turns":3},{"damage":0,"enemies":"Looter","floor":14,"turns":4},{"damage":48,"enemies":"Hexaghost","floor":16,"turns":11}],"seed_played":"4296179317054609057","potions_obtained":[{"floor":1.0,"key":"Milkshake"},{"floor":4.0,"key":"BottledSpark"},{"floor":6,"key":"BottledSpark"}],"is_trial":false,"path_per_floor":["M","M","$","M","?","E","M","R","T","M","?","M","$","M","R","B"],"character_chosen":"MARISA","items_purchased":["RefractionSpark","SuperPerseids"],"campfire_rested":1,"item_purchase_floors":[3,13],"current_hp_per_floor":[75,75,75,75,75,37,33,33,33,31,24,24,24,24,46,0,0],"gold":112,"neow_bonus":"THREE_ENEMY_KILL","is_daily":false,"chose_seed":false,"campfire_upgraded":1,"win_rate":0.0,"timestamp":1611727169,"path_taken":["M","M","$","M","?","E","M","R","T","M","?","M","$","?","R","BOSS"],"items_purchased_type":["Card","Card"],"build_version":"2020-12-22","purchased_purges":0,"victory":false,"max_hp_per_floor":[75,75,75,75,75,75,75,75,75,75,75,75,75,75,75,75,75],"card_choices":[{"not_picked":["DragonMeteor","EarthLightRay"],"picked":"AsteroidBelt","floor":1.0},{"not_picked":["NonDirectionalLaser","StarlightTyphoon"],"picked":"DoubleSpark","floor":2.0},{"not_picked":["WitchLeyline","GrandCross"],"picked":"OortCloud","floor":4.0},{"not_picked":["6A","PowerUp"],"picked":"DoubleSpark","floor":6},{"not_picked":["Acceleration","LuminesStrike"],"picked":"SuperNova","floor":7},{"not_picked":["AsteroidBelt","IllusionStar","LuminesStrike"],"picked":"SKIP","floor":10},{"not_picked":["FairyDestructionRay","GravityBeat"],"picked":"WitchLeyline","floor":12},{"not_picked":["MagicChant","OrrerysSun","NonDirectionalLaser"],"picked":"SKIP","floor":14}],"player_experience":119503,"relics_obtained":[{"floor":6,"key":"PreservedInsect"},{"floor":9,"key":"Potion Belt"}],"event_choices":[{"damage_healed":0,"gold_gain":0,"player_choice":"Damaged","damage_taken":7,"max_hp_gain":0,"max_hp_loss":0,"event_name":"Wheel of Change","floor":11,"gold_loss":0}],"is_beta":false,"boss_relics":[],"items_purged_floors":[],"is_endless":false,"potions_floor_spawned":[1,4,6,7],"killed_by":"Hexaghost","ascension_level":2}}