{"host":"wghdsg8ym2wc7ov9","time":1611778518,"event":{"mods":["AchievementEnabler","Astrologer","BaseMod","Beaked The Cultist","Better Altar","Better Note","ChefMod","Colored Map","Evolution","Fox Events","Hermit","Highlight Path","Jorbs\u0027s Wanderer Trilogy","KinomotoSakuraMod(????)","Minty Spire (QoL Compilation)","Random Character Button","Relic Stats","SIMod","Shop Mod","StSLib","The Blackbeard","The Bladedancer","The Construct","The Cursed","The Death Knight","The Gatherer","The Hierophant","The Marked","The Mystic","The Necromancer","The Runesmith","The Senshi","The Servant 0.9.4"],"gold_per_floor":[114,114,129,147,147,180,180,198,270,225,244,278,278,278,278,278,278],"floor_reached":16,"language":"ENG","playtime":1750,"items_purged":[],"score":110,"play_id":"90a6de28-90a3-4ca2-9b6d-24cd6f21da1e","local_time":"20210127121518","is_ascension_mode":false,"campfire_choices":[{"floor":7,"key":"REST"},{"floor":13,"key":"REST"},{"floor":15,"key":"REST"}],"circlet_count":0,"master_deck":["Strike_G","Strike_G","Strike_G","Strike_G","Strike_G","Defend_G+1","Defend_G+1","Defend_G","Defend_G","Defend_G","Survivor","Neutralize","Deadly Poison","Accuracy","Night Terror","Injury","Distraction","Poisoned Stab","Finisher","Footwork"],"relics":["Ring of the Snake","EVO:Axolotl","Golden Idol","Peace Pipe","Pantograph","Omamori"],"acts_visited":["Exordium"],"potions_floor_usage":[8,12,12,16],"damage_taken":[{"damage":0,"enemies":"2 Louse","floor":1,"turns":3},{"damage":6,"enemies":"Jaw Worm","floor":3,"turns":4},{"damage":0,"enemies":"Cultist","floor":4,"turns":3},{"damage":49,"enemies":"3 Sentries","floor":6,"turns":16},{"damage":9,"enemies":"3 Louse","floor":8,"turns":5},{"damage":0,"enemies":"Exordium Wildlife","floor":11,"turns":3},{"damage":20,"enemies":"Lagavulin","floor":12,"turns":8},{"damage":76,"enemies":"Slime Boss","floor":16,"turns":12}],"seed_played":"-7614715939441801627","potions_obtained":[{"floor":6,"key":"Poison Potion"},{"floor":8,"key":"Dexterity Potion"},{"floor":11,"key":"Poison Potion"},{"floor":12,"key":"SpeedPotion"}],"is_trial":false,"path_per_floor":["M","?","M","M","?","E","R","M","T","?","M","E","R","?","R","B"],"character_chosen":"THE_SILENT","items_purchased":[],"campfire_rested":3,"item_purchase_floors":[],"current_hp_per_floor":[77,62,56,56,56,7,30,21,21,21,21,1,24,24,47,0,0],"gold":278,"neow_bonus":"TEN_PERCENT_HP_BONUS","is_daily":false,"chose_seed":false,"campfire_upgraded":0,"win_rate":0.0,"timestamp":1611778518,"path_taken":["M","?","M","M","?","E","R","M","T","?","M","E","R","?","R","BOSS"],"items_purchased_type":[],"build_version":"2020-12-22","purchased_purges":0,"victory":false,"max_hp_per_floor":[77,77,77,77,77,77,77,77,77,77,77,77,77,77,77,77,77],"relic_stats":{"Peace Pipe":0,"counters":[8,54],"Golden Idol":22,"Pantograph":25,"obtain_stats":[{"Peace Pipe":6,"Golden Idol":5,"Pantograph":9,"Omamori":12,"EVO:Axolotl":0,"Ring of the Snake":0},{"Peace Pipe":4,"Golden Idol":3,"Pantograph":5,"Omamori":7,"EVO:Axolotl":0,"Ring of the Snake":0},{"Peace Pipe":26,"Golden Idol":10,"Pantograph":31,"Omamori":42,"EVO:Axolotl":0,"Ring of the Snake":0}],"Ring of the Snake":[16]},"card_choices":[{"not_picked":["PiercingWail","Backflip"],"picked":"Deadly Poison","floor":1},{"not_picked":["Poisoned Stab","Masterful Stab"],"picked":"Accuracy","floor":3},{"not_picked":["Bane","Underhanded Strike"],"picked":"Night Terror","floor":4},{"not_picked":["Deflect","Flying Knee"],"picked":"Distraction","floor":6},{"not_picked":["Eviscerate","Deadly Poison"],"picked":"Poisoned Stab","floor":8},{"not_picked":["Flying Knee","Escape Plan"],"picked":"Finisher","floor":11},{"not_picked":["Bane","Sucker Punch"],"picked":"Footwork","floor":12}],"player_experience":801039,"relics_obtained":[{"floor":6,"key":"Peace Pipe"},{"floor":9,"key":"Pantograph"},{"floor":12,"key":"Omamori"}],"event_choices":[{"damage_healed":0,"gold_gain":0,"player_choice":"Entered Light","damage_taken":15,"max_hp_gain":0,"max_hp_loss":0,"event_name":"Shining Light","floor":2,"gold_loss":0,"cards_upgraded":["Defend_G","Defend_G"]},{"damage_healed":0,"gold_gain":0,"player_choice":"Take Wound","damage_taken":0,"relics_obtained":["Golden Idol"],"max_hp_gain":0,"max_hp_loss":0,"event_name":"Golden Idol","floor":5,"gold_loss":0,"cards_obtained":["Injury"]},{"damage_healed":0,"gold_gain":0,"player_choice":"Left Gold","damage_taken":0,"max_hp_gain":0,"max_hp_loss":0,"event_name":"World of Goop","floor":10,"gold_loss":45},{"damage_healed":0,"gold_gain":0,"player_choice":"Searched \u00270\u0027 times","damage_taken":0,"max_hp_gain":0,"max_hp_loss":0,"event_name":"Dead Adventurer","floor":14,"gold_loss":0}],"is_beta":false,"boss_relics":[],"items_purged_floors":[],"is_endless":false,"potions_floor_spawned":[6,8,11,12],"killed_by":"Slime Boss","ascension_level":0}}