{"host":"r53pw7z744tg3fxg","time":1611778404,"event":{"mods":["AchievementEnabler","BaseMod","Colored Map","Colored Powertips","Highlight Path","Minty Spire (QoL Compilation)","Quick Restart","Transform Curses"],"gold_per_floor":[111,111,111,122,132,132,132,132,132,146,146,173,173,201,201,279,279,291,302,116,134,149,149,160,160,232,232,252,287,297,314,314,314,314],"floor_reached":33,"language":"ENG","playtime":5046,"items_purged":[],"score":516,"play_id":"1c053375-5e62-4c8e-a9c8-e58677a54b7a","local_time":"20210127131324","is_ascension_mode":true,"campfire_choices":[{"floor":6.0,"key":"REST"},{"data":"PathToVictory","floor":8.0,"key":"SMITH"},{"floor":11.0,"key":"REST"},{"floor":13.0,"key":"REST"},{"data":"BowlingBash","floor":15.0,"key":"SMITH"},{"floor":23.0,"key":"REST"},{"floor":25.0,"key":"REST"},{"floor":27.0,"key":"REST"},{"floor":32,"key":"REST"}],"circlet_count":0,"master_deck":["AscendersBane","Strike_P+1","Strike_P","Strike_P","Strike_P","Defend_P","Defend_P","Defend_P","Defend_P+1","Eruption+1","Vigilance","PathToVictory+1","DeusExMachina+1","BowlingBash+1","SashWhip","FollowUp","ConjureBlade","TalkToTheHand","Apotheosis","LikeWater","WheelKick","ThirdEye","Conclude","Swivel+1"],"relics":["PureWater","Centennial Puzzle","Lantern","Juzu Bracelet","Snecko Eye","Mummified Hand","Pocketwatch"],"acts_visited":["TheCity"],"potions_floor_usage":[33,33,33,33],"damage_taken":[{"damage":0.0,"enemies":"Jaw Worm","floor":1.0,"turns":2.0},{"damage":0.0,"enemies":"2 Louse","floor":4.0,"turns":3.0},{"damage":7.0,"enemies":"Small Slimes","floor":5.0,"turns":4.0},{"damage":22.0,"enemies":"Exordium Thugs","floor":10.0,"turns":6.0},{"damage":15.0,"enemies":"Lagavulin","floor":12.0,"turns":8.0},{"damage":17.0,"enemies":"3 Sentries","floor":14.0,"turns":6.0},{"damage":17.0,"enemies":"Slime Boss","floor":16.0,"turns":8.0},{"damage":11.0,"enemies":"Spheric Guardian","floor":18.0,"turns":3.0},{"damage":22.0,"enemies":"Shell Parasite","floor":19.0,"turns":3.0},{"damage":0.0,"enemies":"Snecko","floor":21.0,"turns":4.0},{"damage":6.0,"enemies":"Centurion and Healer","floor":22.0,"turns":4.0},{"damage":38.0,"enemies":"Snake Plant","floor":24.0,"turns":5.0},{"damage":6.0,"enemies":"Snecko","floor":28.0,"turns":3.0},{"damage":21.0,"enemies":"Book of Stabbing","floor":29.0,"turns":3.0},{"damage":3.0,"enemies":"3 Cultists","floor":30.0,"turns":4.0},{"damage":6,"enemies":"Centurion and Healer","floor":31,"turns":3},{"damage":73,"enemies":"Collector","floor":33,"turns":8}],"seed_played":"6357439285357253851","potions_obtained":[{"floor":1.0,"key":"BottledMiracle"},{"floor":10.0,"key":"PowerPotion"},{"floor":12.0,"key":"Energy Potion"},{"floor":14.0,"key":"StancePotion"},{"floor":19.0,"key":"SpeedPotion"},{"floor":30.0,"key":"LiquidBronze"},{"floor":31,"key":"EntropicBrew"}],"is_trial":false,"path_per_floor":["M","?","?","M","M","R","?","R","T","M","R","E","R","E","R","B",null,"M","M","$","M","M","R","M","R","T","R","M","E","M","M","R","B"],"character_chosen":"WATCHER","items_purchased":["Apotheosis"],"campfire_rested":7,"item_purchase_floors":[20],"current_hp_per_floor":[67,67,45,45,38,60,60,60,60,38,60,45,67,50,50,33,64,53,31,31,31,25,47,9,31,31,53,47,26,23,17,39,0,0],"gold":314,"neow_bonus":"TEN_PERCENT_HP_BONUS","is_daily":false,"chose_seed":false,"campfire_upgraded":2,"win_rate":0.0,"timestamp":1611778404,"path_taken":["M","?","?","M","M","R","?","R","T","M","R","E","R","E","R","BOSS","M","M","$","M","M","R","M","R","T","R","M","E","M","M","R","BOSS"],"items_purchased_type":["Card"],"build_version":"2020-12-22","purchased_purges":0,"victory":false,"max_hp_per_floor":[74,74,74,74,74,74,74,74,74,74,74,74,74,74,74,74,74,74,74,74,74,74,74,74,74,74,74,74,74,74,74,74,74,74],"card_choices":[{"not_picked":["Wireheading","EmptyFist"],"picked":"PathToVictory","floor":1.0},{"not_picked":["Meditate","Crescendo","Protect"],"picked":"SKIP","floor":4.0},{"not_picked":["Perseverance","Consecrate"],"picked":"DeusExMachina","floor":5.0},{"not_picked":["WindmillStrike","EmptyFist"],"picked":"BowlingBash","floor":10.0},{"not_picked":["SandsOfTime","PathToVictory"],"picked":"SashWhip","floor":12.0},{"not_picked":["Study","SashWhip"],"picked":"FollowUp","floor":14.0},{"not_picked":["Scrawl","Blasphemy"],"picked":"ConjureBlade","floor":16.0},{"not_picked":["MentalFortress+1","DeceiveReality"],"picked":"TalkToTheHand","floor":18.0},{"not_picked":["EmptyFist","SignatureMove","Vengeance"],"picked":"SKIP","floor":19.0},{"not_picked":["CrushJoints","Study","JustLucky"],"picked":"SKIP","floor":21.0},{"not_picked":["Worship","FlyingSleeves"],"picked":"LikeWater","floor":22.0},{"not_picked":["Prostrate","Wireheading+1"],"picked":"WheelKick","floor":24.0},{"not_picked":["Fasting2","Weave"],"picked":"ThirdEye","floor":28.0},{"not_picked":["SignatureMove","Crescendo"],"picked":"Conclude","floor":29.0},{"not_picked":["Halt","CutThroughFate"],"picked":"Swivel+1","floor":30.0},{"not_picked":["EmptyMind","FlurryOfBlows","SashWhip"],"picked":"SKIP","floor":31}],"player_experience":1369505,"relics_obtained":[{"floor":9.0,"key":"Centennial Puzzle"},{"floor":12.0,"key":"Lantern"},{"floor":14.0,"key":"Juzu Bracelet"},{"floor":26.0,"key":"Mummified Hand"},{"floor":29.0,"key":"Pocketwatch"}],"event_choices":[{"damage_healed":0.0,"max_hp_gain":0.0,"max_hp_loss":0.0,"gold_gain":0.0,"event_name":"Living Wall","player_choice":"Grow","floor":2.0,"gold_loss":0.0,"damage_taken":0.0,"cards_upgraded":["Eruption"]},{"damage_healed":0.0,"max_hp_gain":0.0,"max_hp_loss":0.0,"gold_gain":0.0,"event_name":"Shining Light","player_choice":"Entered Light","floor":3.0,"gold_loss":0.0,"damage_taken":22.0,"cards_upgraded":["Defend_P","Strike_P"]},{"damage_healed":0.0,"max_hp_gain":0.0,"max_hp_loss":0.0,"gold_gain":0.0,"event_name":"Upgrade Shrine","player_choice":"Upgraded","floor":7.0,"gold_loss":0.0,"damage_taken":0.0,"cards_upgraded":["DeusExMachina"]}],"is_beta":false,"boss_relics":[{"not_picked":["Runic Pyramid","Fusion Hammer"],"picked":"Snecko Eye"}],"items_purged_floors":[],"is_endless":false,"potions_floor_spawned":[1,10,12,14,18,19,30,31],"killed_by":"Collector","ascension_level":17}}