{"host":"pcbz64t4k17ey4z1","time":1611782309,"event":{"mods":["2.2 Compatiblity","AchievementEnabler","Act Like it!","Aspiration","BaseMod","Beaked The Cultist","Better Match","Better Third Choice","BetterRewards","Card Forge","Colored Map","Colored Powertips","Conspire","Disable Question Mark Monsters","Fireblade Mod","Friendly Minions","Gensokyo","GifTheSpireLib","Glutton Mod","Googly Eyes","Gremlin Mod","Hermit","Hubris","Infinite Spire","Koishi","Marisa????????","Minty Spire (QoL Compilation)","Permanent Neow","Potionbrewer","Quick Restart","Random Character Button","Rare Cards Sparkle","Relic Filter","Replay The Spire","Robot Space Explorer","Shade Mod","Shop Mod","Spicy Shops","StSLib","Stuff the Spire","SuperFastMode","The Cursed","The Druid","The Gatherer","The Hierophant","The IronCluck","The Jungle","The Marked","The Runesmith","Virulent Crown","Waifu the Spire","Wandering Minibosses"],"gold_per_floor":[112,130,124,53,64,90,90,116,116,141,156,81,870,882,882,984,984,994,1014,1028,720,733,759,759,772,772,772,801,830,830,881,881,985,985,1004,1014,825,1100,1100,1100],"floor_reached":39,"language":"ENG","playtime":1869,"items_purged":[],"score":673,"play_id":"9ddf1016-998b-40b9-8b62-b0a990e17d78","local_time":"20210127211829","is_ascension_mode":true,"campfire_choices":[{"data":"Runesmith:CreatorForm","floor":24,"key":"SMITH"},{"data":"Runesmith:FieryHammer+1","floor":30,"key":"SMITH"},{"data":"Runesmith:FieryHammer+2","floor":32,"key":"SMITH"}],"circlet_count":0,"master_deck":["Runesmith:Strike_RS","Runesmith:Strike_RS","Runesmith:Strike_RS","Runesmith:Defend_RS","Runesmith:Defend_RS","Runesmith:Defend_RS","Runesmith:Defend_RS","Runesmith:CraftFirestone+1","Runesmith:Fortify+1","Runesmith:ArcReactor+1","Runesmith:RuneHurl","Runesmith:CraftMagma","Runesmith:PoweredAnvil+1","Runesmith:Terraform","Runesmith:FieryHammer+3","Runesmith:PerfectChisel","Runesmith:LithiumIon+1","Runesmith:CreatorForm+1","Runesmith:CraftObretio","Runesmith:Permafrost+1","Runesmith:BackupBattery+4","Runesmith:GrandSlam","infinitespire:NeuralNetwork","infinitespire:Starlight","Runesmith:PoweredAnvil","Runesmith:EarthShield","Runesmith:EarthShield","Runesmith:Grindstone+1"],"relics":["Runesmith:BrokenRuby","Hammer of Thor","Seething Fire","Anvil of the Gods","Du-Vu Doll","infinitespire:Lychee Nut","ReplayFunnel","hubris:CuriousFeather","wanderingMiniBosses:MasterThiefsPresence","aspiration:MobileForge","potionbrewer:ToyAutogyro","OrangePellets","hubris:Potato","BargainBundle","Blue Candle","Red Mask","Simple Rune","Anchor"],"acts_visited":["Exordium","TheCity","TheBeyond"],"potions_floor_usage":[3,16,22,23,25,33,33],"damage_taken":[{"damage":0,"enemies":"Small Slimes","floor":1,"turns":3},{"damage":0,"enemies":"2 Louse","floor":2,"turns":2},{"damage":0,"enemies":"Cultist","floor":3,"turns":6},{"damage":0,"enemies":"conspire:2 RoseBushes","floor":5,"turns":4},{"damage":0,"enemies":"Lagavulin","floor":6,"turns":6},{"damage":24,"enemies":"Gremlin Nob","floor":8,"turns":5},{"damage":1,"enemies":"Replay:BlueRogue","floor":10,"turns":5},{"damage":12,"enemies":"Lots of Slimes","floor":11,"turns":2},{"damage":6,"enemies":"Red Slaver","floor":13,"turns":5},{"damage":6,"enemies":"Exordium Thugs","floor":14,"turns":4},{"damage":0,"enemies":"Slime Boss","floor":16,"turns":5},{"damage":0,"enemies":"Spheric Guardian","floor":18,"turns":3},{"damage":0,"enemies":"Chosen","floor":19,"turns":5},{"damage":10,"enemies":"Centurion and Healer","floor":20,"turns":3},{"damage":0,"enemies":"Snake Plant","floor":22,"turns":3},{"damage":11,"enemies":"Nightmare","floor":23,"turns":8},{"damage":11,"enemies":"Shelled Parasite and Fungi","floor":25,"turns":3},{"damage":12,"enemies":"Replay:Snechameleon","floor":28,"turns":6},{"damage":23,"enemies":"Masked Bandits","floor":29,"turns":5},{"damage":23,"enemies":"Collector","floor":33,"turns":7},{"damage":29,"enemies":"3 Darklings","floor":35,"turns":6},{"damage":12,"enemies":"Orb Walker","floor":36,"turns":2},{"damage":62,"enemies":"Transient","floor":39,"turns":4}],"seed_played":"-943703203325056296","potions_obtained":[{"floor":1,"key":"ColorlessPotion"},{"floor":2,"key":"SpeedPotion"},{"floor":10,"key":"BlessingOfTheForge"},{"floor":13,"key":"potionbrewer:ToxicPotion"},{"floor":14,"key":"potionbrewer:AcidPotion"},{"floor":18,"key":"potionbrewer:CleansingPotion"},{"floor":23,"key":"AttackPotion"},{"floor":25,"key":"potionbrewer:MidasPotion"},{"floor":28,"key":"Strength Potion"},{"floor":35,"key":"potionbrewer:DiscountPotion"}],"is_trial":false,"path_per_floor":["M","M","M","$","M","E","$","E","T","E","M","$","M","M","R_BF","B",null,"M","M","M","$","M","NM","R","M","T","AVR","E","?","R","?","R","B",null,"M","M","$","?","M"],"character_chosen":"RUNESMITH_CLASS","items_purchased":["Runesmith:PoweredAnvil","Runesmith:LithiumIon","potionbrewer:ToyAutogyro","OrangePellets","Runesmith:Grindstone+1","Anchor"],"campfire_rested":0,"item_purchase_floors":[4,12,21,21,37,37],"current_hp_per_floor":[70,70,70,70,70,70,70,46,46,51,40,40,40,40,40,46,51,52,52,44,44,49,41,41,35,35,35,39,32,32,32,32,25,45,32,33,33,33,0,0],"gold":1100,"neow_bonus":"THREE_RARE_CARDS","is_daily":false,"chose_seed":false,"campfire_upgraded":3,"win_rate":0.0,"timestamp":1611782309,"path_taken":["M","M","M","$","M","E","$","E","T","E","M","$","M","M","R_BF","BOSS","M","M","M","$","M","NM","R","M","T","AVR","E","?","R","?","R","BOSS","M","M","$","?","M"],"items_purchased_type":["Card","Card","Relic","Relic","Card","Relic"],"build_version":"2020-12-22","purchased_purges":0,"victory":false,"max_hp_per_floor":[70,70,70,70,70,70,70,52,52,52,52,52,52,52,52,52,52,52,52,52,52,52,52,52,52,52,52,52,52,52,52,52,52,52,52,52,52,52,52,52],"card_choices":[{"not_picked":["Runesmith:ReplicatingBarrier","Runesmith:GrandSlam"],"picked":"Runesmith:ArcReactor","floor":0},{"not_picked":["Runesmith:Superposition","Runesmith:EnergizedChisel"],"picked":"Runesmith:RuneHurl","floor":1},{"not_picked":["Runesmith:HammerThrow","Runesmith:EarthShield"],"picked":"Runesmith:CraftMagma","floor":2},{"not_picked":["Runesmith:HeatExchange","Runesmith:StaticCage","Runesmith:ShiftingStrike"],"picked":"SKIP","floor":3},{"not_picked":["Runesmith:StaticCage","Runesmith:Overpower"],"picked":"Runesmith:Terraform","floor":5},{"not_picked":["Runesmith:ShiftingStrike","Runesmith:HeatExchange"],"picked":"Runesmith:FieryHammer","floor":6},{"not_picked":["Runesmith:Supernova","Runesmith:Repurpose","Runesmith:HeatedChisel"],"picked":"SKIP","floor":8},{"not_picked":["Runesmith:Overpower","Runesmith:ShiftingStrike","Runesmith:ChiselStab"],"picked":"SKIP","floor":10},{"not_picked":["Runesmith:Overpower","Runesmith:FieryHammer"],"picked":"Runesmith:PerfectChisel","floor":11},{"not_picked":["Runesmith:EnergizedChisel","Runesmith:MakeshiftArmor","Runesmith:CraftMagma"],"picked":"SKIP","floor":13},{"not_picked":["Runesmith:HeatExchange","Runesmith:Overpower","Runesmith:CraftPrismatica"],"picked":"SKIP","floor":14},{"not_picked":["Runesmith:LastStand","Runesmith:CraftPrismatica"],"picked":"Runesmith:CreatorForm","floor":16},{"not_picked":["Runesmith:HammerTime+1","Runesmith:ShiftingStrike"],"picked":"Runesmith:CraftObretio","floor":18},{"not_picked":["Runesmith:StaticCage+1","Runesmith:BackupBattery"],"picked":"Runesmith:Permafrost+1","floor":19},{"not_picked":["Runesmith:UnstableHammer","Runesmith:HammerThrow"],"picked":"Runesmith:BackupBattery+1","floor":20},{"not_picked":["Runesmith:ChiselStab","Runesmith:Prism","Runesmith:ShiftingStrike"],"picked":"SKIP","floor":22},{"not_picked":["Runesmith:EnergizedChisel","Runesmith:ChiselStab"],"picked":"Runesmith:GrandSlam","floor":23},{"not_picked":["Runesmith:ShiftingStrike","Runesmith:ChiselStab","Runesmith:CraftMagma+1"],"picked":"SKIP","floor":25},{"not_picked":["Runesmith:CraftMagma","Runesmith:Repurpose"],"picked":"Runesmith:PoweredAnvil","floor":28},{"not_picked":["Runesmith:BackupBattery","Runesmith:ShiftingStrike+1"],"picked":"Runesmith:EarthShield","floor":29},{"not_picked":["Runesmith:Electrocute","Runesmith:ChiselStab"],"picked":"Runesmith:EarthShield","floor":31},{"not_picked":["Runesmith:BackupBattery","Runesmith:StaticCage+1","Runesmith:HeatExchange"],"picked":"SKIP","floor":35},{"not_picked":["Runesmith:HeatedChisel","Runesmith:CraftMagma","Runesmith:BackupBattery+1"],"picked":"SKIP","floor":36}],"player_experience":3377676,"relics_obtained":[{"floor":6,"key":"Du-Vu Doll"},{"floor":8,"key":"infinitespire:Lychee Nut"},{"floor":9,"key":"ReplayFunnel"},{"floor":10,"key":"hubris:CuriousFeather"},{"floor":13,"key":"wanderingMiniBosses:MasterThiefsPresence"},{"floor":23,"key":"hubris:Potato"},{"floor":28,"key":"Blue Candle"},{"floor":29,"key":"Red Mask"},{"floor":31,"key":"Simple Rune"}],"event_choices":[{"damage_healed":0,"gold_gain":0,"player_choice":"Fought Bandits","damage_taken":0,"max_hp_gain":0,"max_hp_loss":0,"event_name":"Masked Bandits","floor":29,"gold_loss":0},{"damage_healed":0,"gold_gain":275,"player_choice":"Desecrate","damage_taken":0,"max_hp_gain":0,"max_hp_loss":0,"event_name":"Golden Shrine","floor":38,"gold_loss":0,"cards_obtained":["Regret"]}],"is_beta":false,"boss_relics":[{"not_picked":["Runesmith:CoreCrystal","hubris:HollowSoul"],"picked":"aspiration:MobileForge"},{"not_picked":[]}],"items_purged_floors":[],"is_endless":false,"potions_floor_spawned":[1,2,10,13,14,18,23,25,28,35],"killed_by":"Transient","ascension_level":5}}