{"host":"yecadp3kwkksam5a","time":1611751572,"event":{"mods":["BaseMod","Minty Spire (QoL Compilation)","StSLib"],"gold_per_floor":[113,188,188,198,218,262,262,212,263,290,290,290,136,136,136],"floor_reached":14,"language":"KOR","playtime":379,"items_purged":[],"score":141,"play_id":"32d0393a-0bc9-4f67-ac4f-90621e230423","local_time":"20210127214612","is_ascension_mode":true,"campfire_choices":[{"data":"True Grit","floor":7,"key":"SMITH"},{"floor":11,"key":"REST"}],"circlet_count":0,"master_deck":["AscendersBane","Strike_R","Strike_R","Strike_R","Strike_R","Defend_R","Defend_R","Defend_R","Defend_R","Bash","True Grit+1","Fire Breathing","Feel No Pain","Evolve"],"relics":["Burning Blood","Boot","CeramicFish","Lantern","Girya","ClockworkSouvenir"],"acts_visited":["Exordium"],"potions_floor_usage":[6],"damage_taken":[{"damage":2,"enemies":"Small Slimes","floor":1,"turns":4},{"damage":12,"enemies":"Jaw Worm","floor":4,"turns":3},{"damage":12,"enemies":"2 Louse","floor":5,"turns":4},{"damage":47,"enemies":"Gremlin Nob","floor":6,"turns":6},{"damage":7,"enemies":"Looter","floor":10,"turns":4},{"damage":57,"enemies":"Lagavulin","floor":14,"turns":11}],"seed_played":"-5382261290685604894","potions_obtained":[{"floor":4,"key":"Weak Potion"},{"floor":6,"key":"GamblersBrew"},{"floor":10,"key":"ElixirPotion"}],"is_trial":false,"path_per_floor":["M","?","?","M","M","E","R","?","T","M","R","T","$","E"],"character_chosen":"IRONCLAD","items_purchased":["ClockworkSouvenir"],"campfire_rested":1,"item_purchase_floors":[13],"current_hp_per_floor":[76,65,70,64,58,17,17,17,17,16,41,41,41,0,0],"gold":136,"neow_bonus":"RANDOM_COMMON_RELIC","is_daily":false,"chose_seed":false,"campfire_upgraded":1,"win_rate":0.0,"timestamp":1611751572,"path_taken":["M","?","?","M","M","E","R","?","T","M","R","?","$","E"],"items_purchased_type":["Relic"],"build_version":"2020-12-22","purchased_purges":0,"victory":false,"max_hp_per_floor":[80,80,85,85,85,85,85,85,85,85,85,85,85,85,85],"card_choices":[{"not_picked":["Twin Strike","Clothesline"],"picked":"True Grit","floor":1},{"not_picked":["Cleave","Wild Strike","True Grit"],"picked":"SKIP","floor":4},{"not_picked":["Wild Strike","Sever Soul"],"picked":"Fire Breathing","floor":5},{"not_picked":["Bloodletting","Shockwave"],"picked":"Feel No Pain","floor":6},{"not_picked":["Wild Strike","Havoc"],"picked":"Evolve","floor":10}],"player_experience":485399,"relics_obtained":[{"floor":6,"key":"CeramicFish"},{"floor":9,"key":"Lantern"},{"floor":12,"key":"Girya"}],"event_choices":[{"damage_healed":0,"gold_gain":75,"player_choice":"Gather Gold","damage_taken":11,"max_hp_gain":0,"max_hp_loss":0,"event_name":"World of Goop","floor":2,"gold_loss":0},{"damage_healed":0,"gold_gain":0,"player_choice":"Donut","damage_taken":0,"max_hp_gain":5,"max_hp_loss":0,"event_name":"Big Fish","floor":3,"gold_loss":0},{"cards_removed":["Strike_R"],"damage_healed":0,"gold_gain":0,"player_choice":"Card Removal","damage_taken":0,"max_hp_gain":0,"max_hp_loss":0,"event_name":"The Cleric","floor":8,"gold_loss":50}],"is_beta":false,"boss_relics":[],"items_purged_floors":[],"is_endless":false,"potions_floor_spawned":[4,6,10],"killed_by":"Lagavulin","ascension_level":12}}