{"host":"oigynbtg272c19pw","time":1611783546,"event":{"mods":["BaseMod","Colored Map","Minty Spire (QoL Compilation)","Relic Stats","Slay the Relics Exporter","StSLib"],"gold_per_floor":[10,10,10,28,28,72,90,90,135,285,285,168,202,215,215,306,306,324,344,344,344,419,434,434,434],"floor_reached":24,"playtime":776,"items_purged":[],"score":412,"play_id":"f365abb4-7cbe-431c-a898-dde69ea63782","local_time":"20210127223906","is_ascension_mode":true,"campfire_choices":[{"floor":8.0,"key":"REST"},{"data":"Feel No Pain","floor":11.0,"key":"SMITH"},{"data":"Perfected Strike","floor":15.0,"key":"SMITH"}],"circlet_count":0,"master_deck":["AscendersBane","Strike_R","Strike_R","Strike_R","Strike_R","Strike_R","Defend_R","Defend_R","Defend_R","Bash","The Bomb","Perfected Strike+1","Feel No Pain+1","Pommel Strike","Rage","Twin Strike","True Grit","Dark Shackles","Perfected Strike","Ghostly Armor","Corruption","Disarm+1","Sentinel"],"relics":["Burning Blood","Golden Idol","Boot","Omamori","Orichalcum","Philosopher\u0027s Stone","SsserpentHead"],"acts_visited":["Exordium","TheCity"],"potions_floor_usage":[19],"damage_taken":[{"damage":7.0,"enemies":"Jaw Worm","floor":1.0,"turns":3.0},{"damage":10.0,"enemies":"Small Slimes","floor":4.0,"turns":4.0},{"damage":36.0,"enemies":"Gremlin Nob","floor":6.0,"turns":4.0},{"damage":2.0,"enemies":"2 Louse","floor":7.0,"turns":3.0},{"damage":11.0,"enemies":"Lagavulin","floor":13.0,"turns":6.0},{"damage":7.0,"enemies":"Looter","floor":14.0,"turns":3.0},{"damage":12.0,"enemies":"The Guardian","floor":16.0,"turns":10.0},{"damage":24,"enemies":"Spheric Guardian","floor":18,"turns":4},{"damage":33,"enemies":"3 Byrds","floor":19,"turns":4},{"damage":7,"enemies":"Centurion and Healer","floor":22,"turns":5},{"damage":14,"enemies":"Snecko","floor":23,"turns":6},{"damage":11,"enemies":"Book of Stabbing","floor":24,"turns":1}],"seed_played":"-3668701454419245065","potions_obtained":[{"floor":1.0,"key":"ColorlessPotion"},{"floor":7.0,"key":"Energy Potion"},{"floor":14.0,"key":"Energy Potion"},{"floor":19,"key":"SteroidPotion"}],"is_trial":false,"path_per_floor":["M","$","?","M","?","E","M","R","T","?","R","$","E","M","R","B",null,"M","M","?","?","M","M","E"],"character_chosen":"IRONCLAD","items_purchased":["True Grit","Dark Shackles"],"campfire_rested":1,"item_purchase_floors":[12,12],"current_hp_per_floor":[67,67,41,37,37,7,11,33,33,33,33,33,28,27,27,21,62,44,17,17,17,16,8,0,0],"gold":434,"neow_bonus":"RANDOM_COLORLESS_2","is_daily":false,"chose_seed":false,"campfire_upgraded":2,"win_rate":0.0,"timestamp":1611783546,"path_taken":["M","$","?","M","?","E","M","R","T","?","R","?","E","M","R","BOSS","M","M","?","?","?","M","E"],"items_purchased_type":["Card","Card"],"build_version":"2020-12-13","purchased_purges":0,"victory":false,"max_hp_per_floor":[75,75,75,75,75,75,75,75,75,75,75,75,75,75,75,75,75,75,75,75,75,75,75,75,75],"relic_stats":{"SsserpentHead":50,"counters":[12,53],"Golden Idol":61,"Orichalcum":[36],"Boot":[18],"obtain_stats":[{"SsserpentHead":21,"Golden Idol":3,"Philosopher\u0027s Stone":17,"Omamori":9,"Orichalcum":13,"Boot":6,"Burning Blood":0},{"SsserpentHead":9,"Golden Idol":1,"Philosopher\u0027s Stone":7,"Omamori":4,"Orichalcum":5,"Boot":3,"Burning Blood":0},{"SsserpentHead":41,"Golden Idol":3,"Philosopher\u0027s Stone":33,"Omamori":14,"Orichalcum":20,"Boot":11,"Burning Blood":0}],"Burning Blood":66},"card_choices":[{"not_picked":["Panache","Violence"],"picked":"The Bomb","floor":0.0},{"not_picked":["Heavy Blade","Sever Soul"],"picked":"Perfected Strike","floor":1.0},{"not_picked":["Disarm","Iron Wave"],"picked":"Feel No Pain","floor":4.0},{"not_picked":["True Grit","Evolve"],"picked":"Rage","floor":6.0},{"not_picked":["Whirlwind","Sword Boomerang"],"picked":"Twin Strike","floor":7.0},{"not_picked":["Headbutt","Limit Break"],"picked":"Perfected Strike","floor":13.0},{"not_picked":["Seeing Red","Combust"],"picked":"Ghostly Armor","floor":14.0},{"not_picked":["Offering","Brutality"],"picked":"Corruption","floor":16.0},{"not_picked":["Warcry","Cleave","Twin Strike"],"picked":"SKIP","floor":18},{"not_picked":["Flex","Twin Strike","Warcry"],"picked":"SKIP","floor":19},{"not_picked":["Armaments","Uppercut"],"picked":"Disarm+1","floor":22},{"not_picked":["Heavy Blade","Iron Wave"],"picked":"Sentinel","floor":23}],"player_experience":1495239,"relics_obtained":[{"floor":6.0,"key":"Boot"},{"floor":9.0,"key":"Omamori"},{"floor":13.0,"key":"Orichalcum"}],"event_choices":[{"damage_healed":0.0,"max_hp_gain":0.0,"max_hp_loss":0.0,"gold_gain":0.0,"event_name":"Golden Idol","player_choice":"Take Damage","floor":3.0,"gold_loss":0.0,"damage_taken":26.0,"relics_obtained":["Golden Idol"]},{"damage_healed":0.0,"max_hp_gain":0.0,"max_hp_loss":0.0,"gold_gain":0.0,"cards_transformed":["Defend_R"],"event_name":"Living Wall","player_choice":"Change","floor":5.0,"gold_loss":0.0,"damage_taken":0.0,"cards_obtained":["Pommel Strike"]},{"damage_healed":0.0,"max_hp_gain":0.0,"max_hp_loss":0.0,"gold_gain":150.0,"event_name":"Liars Game","player_choice":"AGREE","floor":10.0,"gold_loss":0.0,"damage_taken":0.0,"cards_obtained":["Doubt"]},{"damage_healed":0,"gold_gain":0,"player_choice":"Ignored","damage_taken":0,"max_hp_gain":0,"max_hp_loss":0,"event_name":"Cursed Tome","floor":20,"gold_loss":0},{"damage_healed":0,"gold_gain":0,"player_choice":"Trade","damage_taken":0,"relics_obtained":["SsserpentHead"],"max_hp_gain":0,"max_hp_loss":0,"event_name":"FaceTrader","floor":21,"gold_loss":0}],"is_beta":false,"boss_relics":[{"not_picked":["Pandora\u0027s Box","Black Star"],"picked":"Philosopher\u0027s Stone"}],"items_purged_floors":[],"is_endless":false,"potions_floor_spawned":[1,7,14,19],"killed_by":"Book of Stabbing","ascension_level":20}}