{"host":"ufl0k2so27eic2iy","time":1611751922,"event":{"mods":["BaseMod","Downfall","Minty Spire (QoL Compilation)","StSLib","The Animator"],"gold_per_floor":[99,113,113,126,139,3,28,47,47,75,75,104,104,138,153,250,250,250,268,282,282,296,296,374,405,405,419,219,234,234,119,138,243,243,243,263,279,279,329,329,352,379,285,185,215,119,119,80,91,91,91,120,120,120,120,120],"floor_reached":57,"language":"ENG","playtime":2906,"items_purged":["bronze:Strike","Doubt","bronze:Strike"],"score":1558,"play_id":"5af8d862-5b33-4766-9d62-44fe836a2d8c","local_time":"20210127125202","is_ascension_mode":true,"campfire_choices":[{"data":"bronze:Replicate","floor":1.0,"key":"SMITH"},{"data":"bronze:Deprecate","floor":9.0,"key":"SMITH"},{"data":"bronze:InfiniteBeams","floor":13.0,"key":"SMITH"},{"floor":18.0,"key":"RECALL"},{"data":"bronze:HardenedForm","floor":28,"key":"SMITH"},{"data":"bronze:Optimize","floor":30,"key":"SMITH"},{"data":"bronze:GetLatest","floor":35,"key":"SMITH"},{"data":"1","floor":44,"key":"LIFT"},{"data":"2","floor":47,"key":"LIFT"},{"data":"3","floor":54,"key":"LIFT"}],"circlet_count":0,"master_deck":["bronze:Defend","bronze:Defend","bronze:Defend","bronze:Defend","bronze:Replicate+1","bronze:Goto","Dark Shackles","bronze:Separator","bronze:FollowUp","bronze:GetLatest+1","bronze:DelayedGuard","bronze:Deprecate+1","bronze:InfiniteBeams+1","bronze:Library","bronze:ClassDefault","bronze:HardenedForm+1","bronze:FineTuning","bronze:Repair","bronze:Optimize+1","bronze:DelayedGuard+1","bronze:ForceShield+1","bronze:Assembly","expansioncontent:QuickStudy","expansioncontent:DashGenerateEvil","Clumsy","bronze:Return+1","bronze:Iterate+1","Panacea+1","bronze:Overload+1","bronze:Repulsor+1","bronze:Format+1"],"relics":["bronze:BronzeCore","Ornamental Fan","hexamod:BolsterEngine","Bag of Preparation","Shuriken","Blood Vial","Cursed Key","hexamod:CandleOfCauterizing","Pocketwatch","downfall:HeartBlessingGreen","downfall:HeartBlessingRed","sneckomod:SneckoTalon","Girya","Bronze Scales","Thread and Needle","downfall:HeartBlessingBlue","Toxic Egg 2","sneckomod:BlankCard"],"acts_visited":["Exordium","TheCity","TheBeyond","TheEnding"],"potions_floor_usage":[56,56],"damage_taken":[{"damage":0.0,"enemies":"Cultist","floor":2.0,"turns":4.0},{"damage":3.0,"enemies":"Jaw Worm","floor":4.0,"turns":2.0},{"damage":0.0,"enemies":"2 Louse","floor":5.0,"turns":3.0},{"damage":6.0,"enemies":"downfall:FleeingMerchant","floor":6.0,"turns":4.0},{"damage":0.0,"enemies":"Blue Slaver","floor":8.0,"turns":2.0},{"damage":0.0,"enemies":"Lagavulin","floor":10.0,"turns":5.0},{"damage":0.0,"enemies":"Gremlin Nob","floor":12.0,"turns":3.0},{"damage":4.0,"enemies":"3 Sentries","floor":14.0,"turns":5.0},{"damage":2.0,"enemies":"2 Fungi Beasts","floor":15.0,"turns":2.0},{"damage":6.0,"enemies":"WA_ARCHETYPE_RETAIN","floor":16.0,"turns":5.0},{"damage":0.0,"enemies":"Shell Parasite","floor":19.0,"turns":3.0},{"damage":0.0,"enemies":"3 Byrds","floor":20.0,"turns":5.0},{"damage":0.0,"enemies":"Snake Plant","floor":22.0,"turns":6.0},{"damage":3,"enemies":"Gremlin Leader","floor":25,"turns":5},{"damage":6,"enemies":"Cultist and Chosen","floor":27,"turns":5},{"damage":12,"enemies":"Centurion and Healer","floor":29,"turns":3},{"damage":0,"enemies":"downfall:FleeingMerchant","floor":31,"turns":4},{"damage":0,"enemies":"Sentry and Sphere","floor":32,"turns":3},{"damage":7,"enemies":"IC_MUSHROOM_ARCHETYPE","floor":33,"turns":7},{"damage":0,"enemies":"Orb Walker","floor":36,"turns":5},{"damage":0,"enemies":"3 Shapes","floor":37,"turns":3},{"damage":0,"enemies":"3 Shapes","floor":39,"turns":5},{"damage":7,"enemies":"Nemesis","floor":42,"turns":3},{"damage":0,"enemies":"downfall:FleeingMerchant","floor":43,"turns":3},{"damage":0,"enemies":"Giant Head","floor":45,"turns":5},{"damage":0,"enemies":"Jaw Worm Horde","floor":49,"turns":5},{"damage":10,"enemies":"SI_POISON_ARCHETYPE","floor":50,"turns":6},{"damage":1,"enemies":"downfall:CharBossMerchant","floor":52,"turns":8},{"damage":0,"enemies":"downfall:NeowBoss","floor":55,"turns":9},{"damage":25,"enemies":"downfall:NeowBossFinal","floor":56,"turns":10}],"seed_played":"-6589161863523760564","potions_obtained":[{"floor":4.0,"key":"BlessingOfTheForge"},{"floor":8.0,"key":"bronze:CleanCodePotion"},{"floor":12.0,"key":"Swift Potion"},{"floor":29,"key":"Guardian:BlockOnCardUsePotion"},{"floor":33,"key":"bronze:BuildAFunctionPotion"}],"is_trial":false,"path_per_floor":["R","M","?","M","M","$","T","M","R","E","?","E","R","E","M","B",null,"R","M","M","?","M","?","T","E","?","M","R","M","R","$","M","B",null,"R","M","M","?","?","?","T","E","$","R","E","$","R","$","M","B",null,"E","$","R","B","B",null],"character_chosen":"THE_AUTOMATON","items_purchased":["bronze:Deprecate","Thread and Needle","Panacea+1","bronze:Overload+1"],"campfire_rested":0,"item_purchase_floors":[6,43,46,48],"current_hp_per_floor":[70,70,70,67,67,61,61,61,61,61,61,61,61,57,57,53,70,70,70,70,70,70,70,70,70,70,70,70,65,65,70,70,70,70,70,70,70,70,70,60,60,55,67,77,80,80,80,80,80,70,80,79,79,79,80,66],"gold":120,"neow_bonus":"RANDOM_COLORLESS","is_daily":false,"chose_seed":false,"campfire_upgraded":6,"win_rate":0.0,"timestamp":1611751922,"path_taken":["R","M","?","M","M","$","T","M","R","E","?","E","R","E","M","BOSS","R","M","M","?","M","?","T","E","?","M","R","M","R","$","M","BOSS","R","M","M","?","?","?","T","E","?","R","E","$","R","$","M","BOSS","E","$","R","BOSS","BOSS"],"items_purchased_type":["Card","Relic","Card","Card"],"build_version":"2020-12-22","purchased_purges":3,"victory":true,"max_hp_per_floor":[70,70,70,70,70,70,70,70,70,70,70,70,70,70,70,70,70,70,70,70,70,70,70,70,70,70,70,70,70,70,70,70,70,70,70,70,70,70,70,70,70,70,70,80,80,80,80,80,80,80,80,80,80,80,80,80],"card_choices":[{"not_picked":["Panacea","Purity"],"picked":"Dark Shackles","floor":0.0},{"not_picked":["bronze:Invalidate","bronze:FineTuning"],"picked":"bronze:Separator","floor":2.0},{"not_picked":["bronze:WildBeam","bronze:DarkDash"],"picked":"bronze:FollowUp","floor":4.0},{"not_picked":["bronze:Flail","bronze:Branch"],"picked":"bronze:GetLatest","floor":5.0},{"not_picked":["bronze:FollowUp","bronze:Refactor"],"picked":"bronze:DelayedGuard","floor":6.0},{"not_picked":["bronze:OilSpill","bronze:Safeguard"],"picked":"bronze:InfiniteBeams","floor":8.0},{"not_picked":["bronze:Virus","bronze:WhirlingStrike"],"picked":"bronze:Library","floor":10.0},{"not_picked":["bronze:DelayedSlice","bronze:Separator"],"picked":"bronze:ClassDefault","floor":12.0},{"not_picked":["bronze:Safeguard","bronze:Invalidate","bronze:Overheat"],"picked":"SKIP","floor":14.0},{"not_picked":["bronze:Flail","bronze:DigitalCarnage","bronze:Fortify"],"picked":"SKIP","floor":15.0},{"not_picked":["bronze:ThunderWave","bronze:Format"],"picked":"bronze:HardenedForm","floor":16.0},{"not_picked":["bronze:WildBeam","bronze:Terminator"],"picked":"bronze:FineTuning","floor":19.0},{"not_picked":["bronze:BronzeArmor","bronze:DelayedSlice"],"picked":"bronze:Repair","floor":20.0},{"not_picked":["bronze:BitShift","bronze:GetLatest","bronze:Separator"],"picked":"SKIP","floor":22.0},{"not_picked":["bronze:WildBeam","bronze:Branch","bronze:FineTuning"],"picked":"SKIP","floor":25},{"not_picked":["bronze:Shield","bronze:ForLoop+1"],"picked":"bronze:DelayedGuard+1","floor":27},{"not_picked":["bronze:OilSpill","bronze:Branch"],"picked":"bronze:ForceShield+1","floor":29},{"not_picked":["bronze:ItsAFeature+1","bronze:DelayedSlice","bronze:Refactor"],"picked":"SKIP","floor":31},{"not_picked":["bronze:WildBeam","bronze:Frontload","bronze:Boost+1"],"picked":"SKIP","floor":32},{"not_picked":["bronze:Break","bronze:Format"],"picked":"bronze:Assembly","floor":33},{"not_picked":["bronze:Shield","bronze:OilSpill+1","bronze:Turbo"],"picked":"SKIP","floor":36},{"not_picked":["bronze:BugBarrage+1","bronze:Philosophize+1","bronze:WildBeam+1"],"picked":"SKIP","floor":37},{"not_picked":["expansioncontent:Chronoboost","expansioncontent:Hexaburn"],"picked":"expansioncontent:QuickStudy","floor":40},{"not_picked":["expansioncontent:LastStand","expansioncontent:PrepareCrush"],"picked":"expansioncontent:DashGenerateEvil","floor":40},{"not_picked":["bronze:Frontload","bronze:Repulsor+1"],"picked":"bronze:Return+1","floor":42},{"not_picked":["bronze:BugBarrage+1","bronze:Terminator+1"],"picked":"bronze:Iterate+1","floor":43},{"not_picked":["bronze:Philosophize+1","bronze:CutThrough","bronze:WhirlingStrike"],"picked":"SKIP","floor":45},{"not_picked":["bronze:Overheat","bronze:Constructor+1"],"picked":"bronze:Repulsor+1","floor":49},{"not_picked":["bronze:Boost+1","bronze:Frontload+1"],"picked":"bronze:Format+1","floor":52}],"player_experience":2769606,"relics_obtained":[{"floor":7.0,"key":"hexamod:BolsterEngine"},{"floor":10.0,"key":"Bag of Preparation"},{"floor":12.0,"key":"Shuriken"},{"floor":14.0,"key":"Blood Vial"},{"floor":24.0,"key":"hexamod:CandleOfCauterizing"},{"floor":25,"key":"Pocketwatch"},{"floor":39,"key":"Girya"},{"floor":42,"key":"Bronze Scales"},{"floor":45,"key":"Toxic Egg 2"},{"floor":52,"key":"sneckomod:BlankCard"}],"event_choices":[{"cards_removed":["bronze:Strike"],"damage_healed":0.0,"max_hp_gain":0.0,"max_hp_loss":0.0,"gold_gain":0.0,"event_name":"Bonfire Elementals","player_choice":"Offered Basic","floor":11.0,"gold_loss":0.0,"damage_taken":0.0},{"damage_healed":0.0,"max_hp_gain":0.0,"max_hp_loss":0.0,"gold_gain":0.0,"event_name":"The Library","player_choice":"Read","floor":21.0,"gold_loss":0.0,"damage_taken":0.0,"cards_obtained":["bronze:Optimize"]},{"damage_healed":0.0,"max_hp_gain":0.0,"max_hp_loss":0.0,"gold_gain":0.0,"event_name":"Ghosts","player_choice":"Ignored","floor":23.0,"gold_loss":0.0,"damage_taken":0.0},{"cards_removed":["bronze:Strike"],"damage_healed":0,"gold_gain":0,"player_choice":"Removed Attack","damage_taken":0,"max_hp_gain":0,"max_hp_loss":0,"event_name":"Falling","floor":38,"gold_loss":0}],"is_beta":false,"boss_relics":[{"not_picked":["Pandora\u0027s Box","Coffee Dripper"],"picked":"Cursed Key"},{"not_picked":["SacredBark","bronze:PlatinumCore"],"picked":"sneckomod:SneckoTalon"}],"items_purged_floors":[6,31,43],"is_endless":false,"potions_floor_spawned":[4,8,12,14,22,29,33,36,39,42,49,52],"ascension_level":4}}