{"host":"8d5lz1qub9wfpdii","time":1611741313,"event":{"mods":["2.2 Compatiblity","AchievementEnabler","Act Like it!","Arknights The Spire","Aspiration","BaseMod","Beaked The Cultist","Bestiary","Better Altar","Better Match","Better Note","Better Skull","Better Third Choice","BetterRewards","Colored Powertips","Conspire","Downfall","Friendly Minions","GifTheSpireLib","Hallownest","Hermit","Hubris","Infinite Spire","Jorbs\u0027s Wanderer Trilogy","Minty Spire (QoL Compilation)","RNG Fix","Relic Stats","Replay The Spire","Shade Mod","Shop Mod","Spicy Shops","Spire Arcade","StSLib","Stuff the Spire","The Animator","The Blackbeard","The Bug Knight","The Clintock","The Forsaken","The Hayseed","The Hierophant","The Necromancer","The Runesmith","The Servant 0.9.4","Uncapped","Wandering Minibosses"],"gold_per_floor":[114,114,125,113,113,145,145,165,165,165,165,192,174,5,15,13,13,118,118,130,130,130,130,147,147,176,176,176,230,262,262,262],"floor_reached":31,"language":"ENG","playtime":1465,"items_purged":[],"score":427,"play_id":"c73b570f-8df3-46cc-98d1-c98500e13dd8","local_time":"20210127202513","is_ascension_mode":true,"campfire_choices":[{"data":"beaked:Ceremony","floor":7,"key":"SMITH"},{"data":"beaked:CrazyRituals","floor":25,"key":"SMITH"},{"data":"beaked:Sacrifice","floor":27,"key":"SMITH"}],"circlet_count":0,"master_deck":["beaked:Strike_Y","beaked:Strike_Y","beaked:Strike_Y","beaked:Strike_Y","beaked:Strike_Y","beaked:Strike_Y","beaked:Defend_Y","beaked:Defend_Y","beaked:Defend_Y","beaked:Defend_Y","beaked:Ceremony+1","beaked:Ceremony","beaked:Ceremony","beaked:Foresight","beaked:MaddeningMurmurs","beaked:Evade","beaked:MachineEssence+1","beaked:Foresight","beaked:CrazyRituals+1","beaked:Sacrifice+1","AbeCurse","beaked:Foresight+1","beaked:BounceBack+1"],"relics":["beaked:MendingPlumage","MerchantsRug","Bag of Preparation","aspiration:HatOfInfinitePower","StuffTheSpire:HistoryBook","hubris:MysteriousPyramids","Abe\u0027s Treasure","infinitespire:EmpoweringShard","ReplayTheSpireMod:Lightbulb","Golden Egg","infinitespire:Lucky Rock","Ancient Tea Set"],"acts_visited":["Exordium","TheCity"],"potions_floor_usage":[13,13,24,31],"damage_taken":[{"damage":1,"enemies":"Cultist","floor":1,"turns":4},{"damage":8,"enemies":"Small Slimes","floor":3,"turns":4},{"damage":7,"enemies":"conspire:RoseBush","floor":4,"turns":6},{"damage":16,"enemies":"Lagavulin","floor":6,"turns":7},{"damage":16,"enemies":"Exordium Thugs","floor":8,"turns":6},{"damage":56,"enemies":"Gremlin Nob","floor":12,"turns":6},{"damage":29,"enemies":"Exordium Wildlife","floor":13,"turns":6},{"damage":7,"enemies":"Large Slime","floor":15,"turns":6},{"damage":25,"enemies":"3 Louse","floor":16,"turns":8},{"damage":35,"enemies":"Slime Boss","floor":18,"turns":9},{"damage":32,"enemies":"Shell Parasite","floor":20,"turns":6},{"damage":0,"enemies":"conspire:FuzzyDice","floor":24,"turns":6},{"damage":83,"enemies":"Replay:Snechameleon","floor":26,"turns":7},{"damage":50,"enemies":"Book of Stabbing","floor":30,"turns":7},{"damage":77,"enemies":"hubris:Merchant","floor":31,"turns":4}],"seed_played":"-7185074721304536037","potions_obtained":[{"floor":6,"key":"AttackPotion"},{"floor":8,"key":"ColorlessPotion"},{"floor":13,"key":"EssenceOfSteel"},{"floor":16,"key":"SkillPotion"},{"floor":30,"key":"sneckomod:MuddlingPotion"}],"is_trial":false,"path_per_floor":["M","?","M","M","?","E","R","M","PTL","PTL","T","E","M","$","M","M","R","B",null,"M","?","?","?","M","R","E","R","T","T","E","$"],"character_chosen":"BEAKED_THE_CULTIST","items_purchased":["MerchantsRug","Bag of Preparation","Pocketwatch","aspiration:HatOfInfinitePower","StuffTheSpire:HistoryBook","beaked:Foresight","beaked:CrazyRituals","Replay:Ringing Soul"],"campfire_rested":0,"item_purchase_floors":[0,0,0,0,0,0,14,14],"current_hp_per_floor":[35,35,37,50,55,50,50,51,51,51,51,21,29,29,50,55,55,55,55,58,58,58,58,61,61,24,24,24,24,67,0,0],"gold":262,"neow_bonus":"","is_daily":false,"chose_seed":false,"campfire_upgraded":3,"win_rate":0.0,"timestamp":1611741313,"path_taken":["M","?","M","?","?","E","R","M","PTL","PTL","T","E","?","$","M","M","R","BOSS","M","?","?","?","?","R","E","R","T","?","E","$"],"items_purchased_type":["Relic","Relic","Relic","Relic","Relic","Card","Card","Relic"],"build_version":"2020-12-22","purchased_purges":0,"victory":false,"max_hp_per_floor":[50,50,50,50,55,55,55,55,55,55,55,55,55,55,55,55,55,55,55,58,58,58,58,61,61,64,64,64,64,67,67,67],"relic_stats":{"counters":[59,281],"Bag of Preparation":[33],"obtain_stats":[{"ReplayFunnel":6,"Golden Egg":28,"Regal Pillow":7,"aspiration:Lifesprig":15,"Lantern":56,"Torii":12,"Blue Doll":6,"StuffTheSpire:EmeraldSignet":10,"Bag of Preparation":0,"Replay:Mystery Machine":48,"hubris:MysteriousPyramids":11,"theForsaken:PlagueMask":7,"beaked:BlessedCoat":36,"Ancient Tea Set":30,"Pet Ghost":9,"Sozu":19,"Replay:Ringing Soul":14,"Dream Catcher":42,"FaceOfCleric":3,"aspiration:BabyByrd":4,"StuffTheSpire:HeavyRock":17,"aspiration:Headhunter":21,"Replay:Winged Headress":10,"InkBottle":28,"Replay:Bottled Steam":40,"MerchantsRug":5,"NeowsBlessing":0,"Happy Flower":13,"Oddly Smooth Stone":0,"Pen Nib":11,"hubris:HollowSoul":21,"hubris:MedicalManual":0,"infinitespire:Lucky Rock":9,"hubris:Zylophone":7,"infinitespire:EvilPickle":51,"StuffTheSpire:HistoryBook":0,"Shuriken":8,"Bird Faced Urn":25,"CultistMask":3,"infinitespire:EmpoweringShard":22,"Runesmith:AutoHammer":29,"beaked:MendingPlumage":0,"aspiration:HatOfInfinitePower":0,"ReplayTheSpireMod:Lightbulb":26,"Abe\u0027s Treasure":19,"Pocketwatch":0},{"ReplayFunnel":48,"Golden Egg":57,"Regal Pillow":13,"aspiration:Lifesprig":20,"Lantern":43,"Torii":50,"Blue Doll":3,"StuffTheSpire:EmeraldSignet":18,"Bag of Preparation":44,"Replay:Mystery Machine":41,"hubris:MysteriousPyramids":49,"theForsaken:PlagueMask":3,"beaked:BlessedCoat":32,"Ancient Tea Set":58,"Pet Ghost":13,"Sozu":21,"Replay:Ringing Soul":51,"Dream Catcher":38,"FaceOfCleric":16,"aspiration:BabyByrd":16,"StuffTheSpire:HeavyRock":20,"aspiration:Headhunter":22,"Replay:Winged Headress":4,"InkBottle":27,"Replay:Bottled Steam":36,"MerchantsRug":2,"NeowsBlessing":0,"Happy Flower":5,"Oddly Smooth Stone":9,"Pen Nib":18,"hubris:HollowSoul":22,"hubris:MedicalManual":44,"infinitespire:Lucky Rock":3,"hubris:Zylophone":16,"infinitespire:EvilPickle":41,"StuffTheSpire:HistoryBook":44,"Shuriken":17,"Bird Faced Urn":25,"CultistMask":16,"infinitespire:EmpoweringShard":55,"Runesmith:AutoHammer":28,"beaked:MendingPlumage":0,"aspiration:HatOfInfinitePower":44,"ReplayTheSpireMod:Lightbulb":57,"Abe\u0027s Treasure":54,"Pocketwatch":44},{"ReplayFunnel":210,"Golden Egg":270,"Regal Pillow":70,"aspiration:Lifesprig":93,"Lantern":182,"Torii":222,"Blue Doll":3,"StuffTheSpire:EmeraldSignet":84,"Bag of Preparation":189,"Replay:Mystery Machine":174,"hubris:MysteriousPyramids":216,"theForsaken:PlagueMask":3,"beaked:BlessedCoat":142,"Ancient Tea Set":277,"Pet Ghost":70,"Sozu":104,"Replay:Ringing Soul":228,"Dream Catcher":163,"FaceOfCleric":76,"aspiration:BabyByrd":76,"StuffTheSpire:HeavyRock":93,"aspiration:Headhunter":109,"Replay:Winged Headress":13,"InkBottle":125,"Replay:Bottled Steam":157,"MerchantsRug":2,"NeowsBlessing":0,"Happy Flower":20,"Oddly Smooth Stone":49,"Pen Nib":84,"hubris:HollowSoul":109,"hubris:MedicalManual":189,"infinitespire:Lucky Rock":3,"hubris:Zylophone":76,"infinitespire:EvilPickle":174,"StuffTheSpire:HistoryBook":189,"Shuriken":78,"Bird Faced Urn":117,"CultistMask":76,"infinitespire:EmpoweringShard":257,"Runesmith:AutoHammer":127,"beaked:MendingPlumage":0,"aspiration:HatOfInfinitePower":189,"ReplayTheSpireMod:Lightbulb":270,"Abe\u0027s Treasure":251,"Pocketwatch":189}]},"card_choices":[{"not_picked":["beaked:BraceForImpact","beaked:TuckingFeathers","beaked:Insight"],"picked":"SKIP","floor":1},{"not_picked":["beaked:Struggle","beaked:Tweet"],"picked":"beaked:MaddeningMurmurs","floor":3},{"not_picked":["beaked:Windmill","beaked:StickSmack"],"picked":"beaked:Evade","floor":4},{"not_picked":["beaked:HuntressEssence","beaked:Negation"],"picked":"beaked:MachineEssence","floor":6},{"not_picked":["beaked:Resilience","beaked:Recite","beaked:SurvivalInstinct"],"picked":"SKIP","floor":8},{"not_picked":["beaked:TuckingFeathers","beaked:Tweet","beaked:Caw"],"picked":"SKIP","floor":12},{"not_picked":["beaked:Insight","beaked:MaddeningMurmurs"],"picked":"beaked:Foresight","floor":13},{"not_picked":["beaked:Foresight","beaked:Brace","beaked:BraceForImpact"],"picked":"SKIP","floor":15},{"not_picked":["beaked:CursingBlood","beaked:Brace","beaked:SacrificialAttack"],"picked":"SKIP","floor":16},{"not_picked":["ReplayTheSpireMod:Owlgaze","beaked:VolatileMisfortune"],"picked":"beaked:Sacrifice","floor":18},{"not_picked":["beaked:TuckingFeathers","beaked:Replenish"],"picked":"beaked:Foresight+1","floor":20},{"not_picked":["beaked:Flinch","beaked:SacrificialDive","beaked:Replenish"],"picked":"SKIP","floor":24},{"not_picked":["beaked:Struggle","beaked:Tradeoff"],"picked":"beaked:BounceBack+1","floor":26},{"not_picked":["beaked:BraceForImpact","beaked:DigDeeper","beaked:CursingBlood"],"picked":"SKIP","floor":30}],"player_experience":92655,"relics_obtained":[{"floor":6,"key":"ReplayFunnel"},{"floor":11,"key":"hubris:MysteriousPyramids"},{"floor":12,"key":"Torii"},{"floor":26,"key":"ReplayTheSpireMod:Lightbulb"},{"floor":28,"key":"Golden Egg"},{"floor":29,"key":"infinitespire:Lucky Rock"},{"floor":30,"key":"Ancient Tea Set"}],"event_choices":[{"damage_healed":0,"gold_gain":0,"player_choice":"Donut","damage_taken":0,"max_hp_gain":5,"max_hp_loss":0,"event_name":"Big Fish","floor":5,"gold_loss":0}],"is_beta":false,"boss_relics":[{"not_picked":["Replay:Drink Me","Kintsugi"],"picked":"Abe\u0027s Treasure"}],"items_purged_floors":[],"is_endless":false,"potions_floor_spawned":[6,8,13,16,30],"killed_by":"hubris:Merchant","ascension_level":1}}