{"host":"y3h3n3f7seyagppx","time":1611722217,"event":{"mods":["AlwaysNeverKeys","BaseMod","Better Vampires","Colored Powertips","DeckTracker","Emptier Cage","Minty Spire (QoL Compilation)","Permanent Neow","Quick Restart","Rare Cards Sparkle","Relic Sorter","Relic Stats","StSLib","Transform Curses"],"gold_per_floor":[15,15,36,36,0,0,43,43,67,82,98,122,87,87,87],"floor_reached":14,"language":"ENG","playtime":937,"items_purged":[],"score":180,"play_id":"e3371449-6a4c-4909-9376-aba8022f7154","local_time":"20210126233657","is_ascension_mode":true,"campfire_choices":[{"data":"Blood for Blood","floor":6.0,"key":"SMITH"},{"floor":8,"key":"REST"}],"circlet_count":0,"master_deck":["AscendersBane","Strike_R","Strike_R","Strike_R","Strike_R","Defend_R","Defend_R","Defend_R","Defend_R","Bash","Cleave","Blood for Blood+1","Exhume","Power Through","Battle Trance","Armaments"],"relics":["Burning Blood","Golden Idol","Happy Flower","Orichalcum"],"acts_visited":["Exordium"],"potions_floor_usage":[14],"damage_taken":[{"damage":9.0,"enemies":"2 Louse","floor":1.0,"turns":3.0},{"damage":12.0,"enemies":"Small Slimes","floor":3.0,"turns":3.0},{"damage":65,"enemies":"3 Sentries","floor":7,"turns":9},{"damage":2,"enemies":"Jaw Worm","floor":10,"turns":4},{"damage":19,"enemies":"Gremlin Gang","floor":11,"turns":4},{"damage":20,"enemies":"Exordium Thugs","floor":12,"turns":4},{"damage":40,"enemies":"Gremlin Nob","floor":14,"turns":5}],"seed_played":"2679482118345014214","potions_obtained":[{"floor":1.0,"key":"Ancient Potion"},{"floor":7,"key":"Ancient Potion"}],"is_trial":false,"path_per_floor":["M","?","M","?","?","R","E","R","T","M","M","M","?","E"],"character_chosen":"IRONCLAD","items_purchased":[],"campfire_rested":1,"item_purchase_floors":[],"current_hp_per_floor":[79,79,73,73,73,73,14,38,38,42,29,15,35,0,0],"gold":87,"neow_bonus":"TWENTY_PERCENT_HP_BONUS","is_daily":false,"chose_seed":false,"campfire_upgraded":1,"win_rate":0.0,"timestamp":1611722217,"path_taken":["M","?","M","?","?","R","E","R","T","M","M","M","?","E"],"items_purchased_type":[],"build_version":"2020-12-22","purchased_purges":0,"victory":false,"max_hp_per_floor":[89,81,81,81,81,81,81,81,81,81,81,81,81,81,81],"relic_stats":{"Happy Flower":[5],"counters":[7,32],"Golden Idol":24,"Orichalcum":[54],"obtain_stats":[{"Happy Flower":7,"Golden Idol":2,"Orichalcum":9,"Burning Blood":0},{"Happy Flower":3,"Golden Idol":1,"Orichalcum":3,"Burning Blood":0},{"Happy Flower":15,"Golden Idol":3,"Orichalcum":15,"Burning Blood":0}],"Burning Blood":36},"card_choices":[{"not_picked":["Entrench","Bloodletting"],"picked":"Cleave","floor":1.0},{"not_picked":["Ghostly Armor","Warcry"],"picked":"Blood for Blood","floor":3.0},{"not_picked":["Heavy Blade","Twin Strike"],"picked":"Power Through","floor":7},{"not_picked":["Heavy Blade","Cleave","Pommel Strike"],"picked":"SKIP","floor":10},{"not_picked":["Cleave","Bloodletting"],"picked":"Battle Trance","floor":11},{"not_picked":["Bloodletting","Perfected Strike"],"picked":"Armaments","floor":12}],"player_experience":21646901,"relics_obtained":[{"floor":7,"key":"Happy Flower"},{"floor":9,"key":"Orichalcum"}],"event_choices":[{"damage_healed":0.0,"max_hp_gain":0.0,"max_hp_loss":8.0,"gold_gain":0.0,"event_name":"Golden Idol","player_choice":"Lose Max HP","floor":2.0,"gold_loss":0.0,"damage_taken":0.0,"relics_obtained":["Golden Idol"]},{"damage_healed":0.0,"max_hp_gain":0.0,"max_hp_loss":0.0,"gold_gain":0.0,"cards_transformed":["Strike_R"],"event_name":"Living Wall","player_choice":"Change","floor":4.0,"gold_loss":0.0,"damage_taken":0.0,"cards_obtained":["Exhume"]},{"damage_healed":0.0,"max_hp_gain":0.0,"max_hp_loss":0.0,"gold_gain":0.0,"event_name":"World of Goop","player_choice":"Left Gold","floor":5.0,"gold_loss":36.0,"damage_taken":0.0},{"damage_healed":20,"gold_gain":0,"player_choice":"Healed","damage_taken":0,"max_hp_gain":0,"max_hp_loss":0,"event_name":"The Cleric","floor":13,"gold_loss":35}],"is_beta":false,"boss_relics":[],"items_purged_floors":[],"is_endless":false,"potions_floor_spawned":[1,7],"killed_by":"Gremlin Nob","ascension_level":20}}