{"host":"c1oza4x7xlyuasvd","time":1611766310,"event":{"mods":["ATMod(阿瑾Mod)","Arknights The Spire","BaseMod","Better Vampires","Colored Powertips","Marisa（F雨　魔理沙）","Minty Spire (QoL Compilation)","MostiFishMod","StSLib","TestMod","Waifu the Spire","【遗物卡牌】REMEMod"],"gold_per_floor":[115,115,129,147,72,72,97,97,121,140,140,163,204,217,217,347,347,363,263,263,263,263,306,322,322,322,337,337,337],"floor_reached":28,"language":"ZHS","playtime":863,"items_purged":["ats:Strike C","ats:Strike V"],"score":273,"play_id":"b8315069-60a9-47c0-825b-f751b02c466d","local_time":"20210128005150","is_ascension_mode":false,"campfire_choices":[{"data":"MostiFishMod:UltimateDefense","floor":6,"key":"SMITH"},{"data":"ats:Disruption Kick","floor":8,"key":"SMITH"},{"data":"ats:Dogmatic Field","floor":15,"key":"SMITH"},{"data":"MostiFishMod:UltimateDefense+2","floor":25,"key":"SMITH"}],"circlet_count":0,"master_deck":["ats:Strike G","ats:Strike S","ats:Armor Crushing Shot","ats:Defend","ats:Defend","ats:Defend","ats:Defend","ats:Emotion Absorption+1","AT_ChampionStep","MostiFishMod:UltimateDefense+3","ats:Leaping Hammer","ats:Closed Bolt Burst Fire","ats:Neurotoxin","ats:Disruption Kick+1","ats:LN2 Cannon","ats:Dogmatic Field+1","ats:Rapid Magazine","ats:Overload","ats:Durian","ats:Poison Spread","ats:Flexible Camouflage"],"relics":["ats:Sanity","testmod-TestBox","AT_ATBox","DaveBox","REME_ComplimentaryCards","testmod-ChristmasGift","Brimstone","NeowsBlessing","SynthV:TestCard","ats:Originium","Vajra","Bag of Preparation","Golden Idol","testmod-BalancedPeriapt","ExusiaiGun","Enchiridion","AT_RedTearstoneRing"],"acts_visited":["Exordium","TheCity"],"potions_floor_usage":[16,16,24],"damage_taken":[{"damage":0,"enemies":"Small Slimes","floor":1,"turns":1},{"damage":0,"enemies":"Cultist","floor":3,"turns":1},{"damage":0,"enemies":"2 Louse","floor":4,"turns":1},{"damage":0,"enemies":"Gremlin Nob","floor":7,"turns":3},{"damage":2,"enemies":"Large Slime","floor":10,"turns":5},{"damage":11,"enemies":"2 Fungi Beasts","floor":12,"turns":3},{"damage":53,"enemies":"Lagavulin","floor":13,"turns":6},{"damage":6,"enemies":"Exordium Thugs","floor":14,"turns":3},{"damage":62,"enemies":"Hexaghost","floor":16,"turns":6},{"damage":10,"enemies":"2 Thieves","floor":18,"turns":2},{"damage":27,"enemies":"Slavers","floor":23,"turns":3},{"damage":0,"enemies":"Shell Parasite","floor":24,"turns":1},{"damage":0,"enemies":"Snecko","floor":27,"turns":1},{"damage":22,"enemies":"Book of Stabbing","floor":28,"turns":1}],"seed_played":"-6470915004201646027","potions_obtained":[{"floor":10,"key":"Strength Potion"},{"floor":12,"key":"Block Potion"},{"floor":13,"key":"SteroidPotion"},{"floor":16,"key":"testmod-SpacePotion"},{"floor":24,"key":"REME_GoldPotion"}],"is_trial":false,"path_per_floor":["M","?","M","M","$","R","E","R","T","M","?","M","E","M","R","B",null,"M","$","?","?","?","E","M","R","T","M","E"],"character_chosen":"DOCTOR_CLASS","items_purchased":[],"campfire_rested":0,"item_purchase_floors":[],"current_hp_per_floor":[72,72,72,72,72,72,72,72,72,72,67,57,31,26,26,16,67,57,57,57,41,41,15,16,16,16,16,0,0],"gold":337,"neow_bonus":"THREE_ENEMY_KILL","is_daily":false,"chose_seed":false,"campfire_upgraded":4,"win_rate":0.0,"timestamp":1611766310,"path_taken":["M","?","M","?","$","R","E","R","T","M","?","M","E","M","R","BOSS","M","$","?","?","?","E","M","R","T","M","E"],"items_purchased_type":[],"build_version":"2020-12-22","purchased_purges":2,"victory":false,"max_hp_per_floor":[72,72,72,72,72,72,72,72,72,72,67,67,67,67,67,67,67,67,67,67,67,67,67,67,67,67,67,67,67],"card_choices":[{"not_picked":["ats:Cat Scratch","ats:Guard Mode"],"picked":"ats:Leaping Hammer","floor":1},{"not_picked":["ats:Flexible Camouflage","ats:Magnetic Hammer","ats:Assault Order","ats:Poison Spread"],"picked":"ats:Closed Bolt Burst Fire","floor":3},{"not_picked":["ats:Mental Burst","ats:Very Hot Blade","ats:Shell Defense","ats:Cat Scratch"],"picked":"ats:Neurotoxin","floor":4},{"not_picked":["ats:Shadow Raid","ats:Collapsing Strike","ats:Poison Spread","ats:Leaping Hammer"],"picked":"ats:Disruption Kick","floor":7},{"not_picked":["ats:Shell Defense","ats:Demon Strength","ats:Collapsing Strike","ats:Very Hot Blade"],"picked":"ats:LN2 Cannon","floor":10},{"not_picked":["ats:Flexible Camouflage","ats:Guard Mode","ats:Ignite","ats:Literary Storm"],"picked":"ats:Dogmatic Field","floor":12},{"not_picked":["ats:Soul Absorption","ats:Chain Hook","ats:Absolute Focus","ats:Hook Shot"],"picked":"ats:Rapid Magazine","floor":13},{"not_picked":["ats:Consecutive Shot Auto","ats:Revitalization","ats:Absolute Focus","ats:Curse Doll"],"picked":"ats:Overload","floor":14},{"not_picked":["ats:Shadow Assault","ats:Volcano","ats:Disruption Kick","ats:Fractured Body"],"picked":"ats:Durian","floor":16},{"not_picked":["ats:Apocalypse","ats:Automatic Cover","ats:Charging Defense+1","ats:Cat Scratch+1"],"picked":"ats:Poison Spread","floor":18},{"not_picked":["ats:Guard Mode+1","ats:Hammer On","ats:Healing Strengthening","ats:Charging Defense"],"picked":"ats:Flexible Camouflage","floor":23},{"not_picked":["ats:Flexible Camouflage","ats:Volcano","ats:Revitalization","ats:Rapid Magazine+1","ats:Closed Bolt Burst Fire"],"picked":"SKIP","floor":24},{"not_picked":["ats:Poison Spread","ats:Flexible Camouflage+1","ats:Revitalization","ats:Blood Oath","ats:Ignite+1"],"picked":"SKIP","floor":27}],"player_experience":202911,"relics_obtained":[{"floor":1,"key":"SynthV:TestCard"},{"floor":7,"key":"ats:Originium"},{"floor":7,"key":"Vajra"},{"floor":9,"key":"Bag of Preparation"},{"floor":13,"key":"ats:Originium"},{"floor":13,"key":"testmod-BalancedPeriapt"},{"floor":21,"key":"Enchiridion"},{"floor":23,"key":"ats:Originium"},{"floor":23,"key":"AT_RedTearstoneRing"}],"event_choices":[{"damage_healed":0,"gold_gain":0,"player_choice":"Upgraded","damage_taken":0,"max_hp_gain":0,"max_hp_loss":0,"event_name":"Upgrade Shrine","floor":2,"gold_loss":0,"cards_upgraded":["ats:Emotion Absorption"]},{"damage_healed":0,"gold_gain":0,"player_choice":"Lose Max HP","damage_taken":0,"relics_obtained":["Golden Idol"],"max_hp_gain":0,"max_hp_loss":5,"event_name":"Golden Idol","floor":11,"gold_loss":0},{"damage_healed":0,"gold_gain":0,"player_choice":"Ignored","damage_taken":0,"max_hp_gain":0,"max_hp_loss":0,"event_name":"给自己的盒子","floor":20,"gold_loss":0},{"damage_healed":0,"gold_gain":0,"player_choice":"Obtained Book","damage_taken":16,"max_hp_gain":0,"max_hp_loss":0,"event_name":"Cursed Tome","floor":21,"gold_loss":0},{"damage_healed":0,"gold_gain":0,"player_choice":"Forge","damage_taken":0,"max_hp_gain":0,"max_hp_loss":0,"event_name":"Accursed Blacksmith","floor":22,"gold_loss":0,"cards_upgraded":["MostiFishMod:UltimateDefense"]}],"is_beta":false,"boss_relics":[{"not_picked":["HaiYi:Twilight","Runic Pyramid"],"picked":"ExusiaiGun"}],"items_purged_floors":[5,19],"is_endless":false,"potions_floor_spawned":[10,12,13,16,24],"killed_by":"Book of Stabbing","ascension_level":0}}