{"host":"h2977v3ax51ohsow","time":1611754825,"event":{"mods":["Act Like it!","BaseMod","Colored Powertips","Koishi","Marisa（F雨　魔理沙）","Minty Spire (QoL Compilation)","Remilia（蕾米莉亚）","StSLib","The Bug Knight","WarShipGirlsR/战舰少女R mod","Yakumo Yukari mod"],"gold_per_floor":[219,237,253,270,270,300,300,330,384,70,82,112,127,143,143,244,294,312,324,27,42,42,42,76,90,90,90,100,100,100],"floor_reached":29,"language":"ZHS","playtime":2569,"items_purged":[],"score":269,"play_id":"19d8b8a1-df10-46e0-a4e2-a172ced8922c","local_time":"20210127214025","is_ascension_mode":false,"campfire_choices":[{"data":"HollowMod:CycloneSlash","floor":7,"key":"SMITH"},{"data":"HollowMod:DungDefenderAura","floor":15,"key":"SMITH"},{"data":"HollowMod:VoidDash","floor":23,"key":"SMITH"},{"data":"HollowMod:SiblingsShadow","floor":27,"key":"SMITH"}],"circlet_count":0,"master_deck":["HollowMod:NailStrikeStart","HollowMod:NailStrikeStart","HollowMod:NailStrikeStart","HollowMod:NailStrikeStart","HollowMod:QuickDashStart","HollowMod:QuickDashStart","HollowMod:QuickDashStart","HollowMod:QuickDashStart","HollowMod:FocusHealStart","HollowMod:PogoStrike","HollowMod:MantisMark","HollowMod:MothsMistake","HollowMod:CloakDash+1","HollowMod:CycloneSlash+1","HollowMod:DashSlash","HollowMod:DashSlash","HollowMod:SoulShaman","HollowMod:SiblingsSouls","HollowMod:InfectedCysts","HollowMod:DungDefenderAura+1","HollowMod:VoidDash+1","HollowMod:NewGlowingWomb","HollowMod:DescendingDark+1","HollowMod:SiblingsShadow+1","HollowMod:AbyssShriek+1","HollowMod:DescendingDark+1","HollowMod:ElderbugsWisdom","HollowMod:VengefulVoid+1","HollowMod:WraithStrike"],"relics":["HollowMod:VesselMask","HollowMod:StagPassRelic","Meat on the Bone","Pen Nib","Ancient Tea Set","Shuriken","HornCleat","Tiny House","StoneCalendar","HollowMod:LumaflyLanternRelic","PreservedInsect"],"acts_visited":["Exordium","TheCity"],"potions_floor_usage":[11,18,21,21,24,24],"damage_taken":[{"damage":3,"enemies":"Small Slimes","floor":1,"turns":3},{"damage":0,"enemies":"Cultist","floor":2,"turns":4},{"damage":2,"enemies":"2 Louse","floor":3,"turns":2},{"damage":11,"enemies":"Lots of Slimes","floor":4,"turns":6},{"damage":31,"enemies":"Gremlin Nob","floor":6,"turns":4},{"damage":36,"enemies":"Lagavulin","floor":8,"turns":9},{"damage":7,"enemies":"Exordium Thugs","floor":11,"turns":3},{"damage":17,"enemies":"HollowMod:MossKnight","floor":12,"turns":7},{"damage":13,"enemies":"Large Slime","floor":13,"turns":5},{"damage":3,"enemies":"Blue Slaver","floor":14,"turns":3},{"damage":43,"enemies":"HollowMod:FalseKnight","floor":16,"turns":8},{"damage":22,"enemies":"Spheric Guardian","floor":18,"turns":5},{"damage":5,"enemies":"Shell Parasite","floor":19,"turns":4},{"damage":10,"enemies":"Shelled Parasite and Fungi","floor":21,"turns":4},{"damage":7,"enemies":"Book of Stabbing","floor":24,"turns":4},{"damage":16,"enemies":"3 Cultists","floor":25,"turns":4},{"damage":24,"enemies":"Centurion and Healer","floor":28,"turns":2},{"damage":30,"enemies":"Slavers","floor":29,"turns":1}],"seed_played":"5086573562642407440","potions_obtained":[{"floor":4,"key":"BlessingOfTheForge"},{"floor":8,"key":"BlessingOfTheForge"},{"floor":12,"key":"Explosive Potion"},{"floor":16,"key":"AttackPotion"},{"floor":17,"key":"PanachePotion"},{"floor":18,"key":"SkillPotion"},{"floor":19,"key":"Fire Potion"},{"floor":21,"key":"LiquidMemories"}],"is_trial":false,"path_per_floor":["M","M","M","M","?","E","R","E","T","$","M","E","M","M","R","B",null,"M","M","$","M","?","R","E","M","T","R","M","E"],"character_chosen":"THE_BUGKNIGHT","items_purchased":["HollowMod:DashSlash","Shuriken","StoneCalendar"],"campfire_rested":0,"item_purchase_floors":[10,10,20],"current_hp_per_floor":[75,75,73,72,72,41,41,27,27,27,32,39,48,45,45,14,80,64,59,59,49,49,49,42,38,38,38,26,0,0],"gold":100,"neow_bonus":"HUNDRED_GOLD","is_daily":false,"chose_seed":false,"campfire_upgraded":4,"win_rate":0.0,"timestamp":1611754825,"path_taken":["M","M","M","M","?","E","R","E","T","?","?","E","M","M","R","BOSS","M","M","$","M","?","R","E","M","T","R","M","E"],"items_purchased_type":["Card","Relic","Relic"],"build_version":"2020-12-22","purchased_purges":0,"victory":false,"max_hp_per_floor":[75,75,75,75,75,75,75,75,75,75,75,75,75,75,75,75,80,80,80,80,80,80,80,80,80,80,80,80,80,80],"card_choices":[{"not_picked":["HollowMod:GoodIntentions","HollowMod:NewJinnsSoul"],"picked":"HollowMod:MantisMark","floor":1},{"not_picked":["HollowMod:GoodIntentions","HollowMod:SharpenedNail"],"picked":"HollowMod:MothsMistake","floor":2},{"not_picked":["HollowMod:SiblingsShadow","HollowMod:SoulSplash"],"picked":"HollowMod:CloakDash","floor":3},{"not_picked":["HollowMod:PureNailStrike","HollowMod:TaintedHusks"],"picked":"HollowMod:CycloneSlash","floor":4},{"not_picked":["HollowMod:ShadowDash","HollowMod:FastStrike","HollowMod:MidwifesHunger"],"picked":"SKIP","floor":6},{"not_picked":["HollowMod:DescendingDark","HollowMod:CloakDash"],"picked":"HollowMod:DashSlash","floor":8},{"not_picked":["HollowMod:GoodIntentions","HollowMod:DashSlash"],"picked":"HollowMod:SoulShaman","floor":11},{"not_picked":["HollowMod:ShadowDash","HollowMod:MonarchWings"],"picked":"HollowMod:SiblingsSouls","floor":12},{"not_picked":["HollowMod:VengefulVoid","HollowMod:HuntersJournal"],"picked":"HollowMod:InfectedCysts","floor":13},{"not_picked":["HollowMod:HowlingWraiths","HollowMod:CrystalDash"],"picked":"HollowMod:DungDefenderAura","floor":14},{"not_picked":["HollowMod:ElderbugsWisdom","HollowMod:LifebloodCore"],"picked":"HollowMod:VoidDash","floor":16},{"not_picked":["HollowMod:TaintedHusks","HollowMod:ChannelNail"],"picked":"HollowMod:NewGlowingWomb","floor":17},{"not_picked":["HollowMod:InfectedCysts","HollowMod:SoulSplash"],"picked":"HollowMod:DescendingDark+1","floor":18},{"not_picked":["HollowMod:BaldurShell","HollowMod:DescendingDark"],"picked":"HollowMod:SiblingsShadow","floor":19},{"not_picked":["HollowMod:WraithStrike+1","HollowMod:TaintedHusks"],"picked":"HollowMod:AbyssShriek+1","floor":21},{"not_picked":["HollowMod:FallenFury+1","HollowMod:DreamGate+1"],"picked":"HollowMod:ElderbugsWisdom","floor":24},{"not_picked":["HollowMod:SiblingsSouls","HollowMod:GreatSlash"],"picked":"HollowMod:VengefulVoid+1","floor":25},{"not_picked":["HollowMod:SiblingsSouls","HollowMod:InfectedCysts"],"picked":"HollowMod:WraithStrike","floor":28}],"player_experience":81030,"relics_obtained":[{"floor":6,"key":"Meat on the Bone"},{"floor":8,"key":"Pen Nib"},{"floor":9,"key":"Ancient Tea Set"},{"floor":12,"key":"HornCleat"},{"floor":24,"key":"HollowMod:LumaflyLanternRelic"},{"floor":26,"key":"PreservedInsect"}],"event_choices":[{"damage_healed":0,"gold_gain":0,"player_choice":"Gave Potion","damage_taken":0,"relics_obtained":["HollowMod:StagPassRelic"],"max_hp_gain":0,"max_hp_loss":0,"event_name":"WeMeetAgain","floor":5,"gold_loss":0},{"damage_healed":0,"gold_gain":0,"player_choice":"Copied","damage_taken":0,"max_hp_gain":0,"max_hp_loss":0,"event_name":"Duplicator","floor":22,"gold_loss":0,"cards_obtained":["HollowMod:DescendingDark"]}],"is_beta":false,"boss_relics":[{"not_picked":["Ectoplasm","Velvet Choker"],"picked":"Tiny House"}],"items_purged_floors":[],"is_endless":false,"potions_floor_spawned":[4,8,12,16,18,19,21],"killed_by":"Slavers","ascension_level":0}}