{"host":"u7lm8z2rvb4dg2oo","time":1611722721,"event":{"mods":["AchievementEnabler","BaseMod","Bestiary","Block Reminder","Colored Map","Colored Powertips","Curses Come First","DeckTracker","Googly Eyes","Highlight Path","Minty Spire (QoL Compilation)","Quick Restart","StSLib"],"gold_per_floor":[116,128,139,239,251,251,281,281,306,306,326,361,436,452,452,553,553,573,553,573,583,69,69,103,113,113,146,162,181,181,194,194,299,299,311,329,329,1,1,1,1,1,1,1,36,48,48,61,61,61,61],"floor_reached":50,"language":"ENG","playtime":4054,"items_purged":["Strike_G"],"score":852,"play_id":"e73209f2-f0d9-4f9f-af47-4c68761fe774","local_time":"20210126234521","is_ascension_mode":true,"campfire_choices":[{"data":"Blade Dance","floor":6.0,"key":"SMITH"},{"data":"After Image","floor":8.0,"key":"SMITH"},{"data":"Bouncing Flask","floor":10.0,"key":"SMITH"},{"floor":15.0,"key":"REST"},{"data":"1","floor":23.0,"key":"LIFT"},{"floor":30.0,"key":"REST"},{"data":"2","floor":32.0,"key":"LIFT"},{"data":"3","floor":40.0,"key":"LIFT"},{"data":"Envenom","floor":42.0,"key":"SMITH"},{"floor":49.0,"key":"REST"}],"circlet_count":0,"master_deck":["AscendersBane","Strike_G","Strike_G","Strike_G","Strike_G","Defend_G","Defend_G","Defend_G","Defend_G","Defend_G","Survivor","Neutralize+1","Bouncing Flask+1","Cloak And Dagger","Cloak And Dagger","Blade Dance+1","After Image+1","Infinite Blades","Backflip","PiercingWail","Venomology","Phantasmal Killer","Choke","Bane","Bandage Up","Well Laid Plans","Envenom+1","Caltrops","Die Die Die","Wraith Form v2","Bullet Time","Caltrops+1","Catalyst+1","Madness","Madness","Bandage Up","Blade Dance+1","Bane","Blade Dance","Predator+1"],"relics":["Ring of the Snake","Regal Pillow","Toy Ornithopter","Dream Catcher","HoveringKite","Girya","Centennial Puzzle","Happy Flower","Bird Faced Urn","WristBlade","Ornamental Fan","Bronze Scales","Akabeko","The Courier"],"acts_visited":["Exordium","TheCity","TheBeyond"],"potions_floor_usage":[50,50],"damage_taken":[{"damage":0.0,"enemies":"2 Louse","floor":1.0,"turns":3.0},{"damage":0.0,"enemies":"Cultist","floor":2.0,"turns":3.0},{"damage":4.0,"enemies":"Jaw Worm","floor":3.0,"turns":2.0},{"damage":0.0,"enemies":"2 Fungi Beasts","floor":5.0,"turns":5.0},{"damage":5.0,"enemies":"Gremlin Nob","floor":7.0,"turns":4.0},{"damage":14.0,"enemies":"Exordium Thugs","floor":11.0,"turns":6.0},{"damage":15.0,"enemies":"Lagavulin","floor":12.0,"turns":6.0},{"damage":0.0,"enemies":"Looter","floor":14.0,"turns":4.0},{"damage":8.0,"enemies":"Hexaghost","floor":16.0,"turns":12.0},{"damage":12.0,"enemies":"Spheric Guardian","floor":18.0,"turns":7.0},{"damage":0.0,"enemies":"3 Byrds","floor":20.0,"turns":6.0},{"damage":16.0,"enemies":"Snake Plant","floor":21.0,"turns":5.0},{"damage":0.0,"enemies":"Gremlin Leader","floor":24.0,"turns":2.0},{"damage":2.0,"enemies":"Centurion and Healer","floor":25.0,"turns":4.0},{"damage":45.0,"enemies":"Slavers","floor":27.0,"turns":6.0},{"damage":23.0,"enemies":"Snecko","floor":28.0,"turns":5.0},{"damage":33.0,"enemies":"Cultist and Chosen","floor":29.0,"turns":7.0},{"damage":14.0,"enemies":"Centurion and Healer","floor":31.0,"turns":6.0},{"damage":54.0,"enemies":"Automaton","floor":33.0,"turns":11.0},{"damage":0.0,"enemies":"Orb Walker","floor":35.0,"turns":3.0},{"damage":19.0,"enemies":"3 Darklings","floor":36.0,"turns":5.0},{"damage":0.0,"enemies":"Writhing Mass","floor":37.0,"turns":1.0},{"damage":68.0,"enemies":"Nemesis","floor":45.0,"turns":7.0},{"damage":12.0,"enemies":"Jaw Worm Horde","floor":46.0,"turns":4.0},{"damage":8.0,"enemies":"Transient","floor":48.0,"turns":5.0},{"damage":137,"enemies":"Awakened One","floor":50,"turns":10}],"seed_played":"1057679951735346109","potions_obtained":[{"floor":1.0,"key":"SkillPotion"},{"floor":3.0,"key":"Weak Potion"},{"floor":5.0,"key":"Regen Potion"},{"floor":11.0,"key":"BlessingOfTheForge"},{"floor":14.0,"key":"Block Potion"},{"floor":16.0,"key":"AttackPotion"},{"floor":18.0,"key":"PowerPotion"},{"floor":19.0,"key":"LiquidMemories"},{"floor":21.0,"key":"FearPotion"},{"floor":24.0,"key":"AttackPotion"},{"floor":27.0,"key":"ColorlessPotion"},{"floor":45.0,"key":"SmokeBomb"},{"floor":48.0,"key":"PowerPotion"}],"is_trial":false,"path_per_floor":["M","M","M","?","M","R","E","R","T","R","M","E","?","M","R","B",null,"M","?","M","M","$","R","E","M","T","E","M","M","R","M","R","B",null,"M","M","M","$","?","R","?","R","T","$","E","M","T","M","R","B"],"character_chosen":"THE_SILENT","items_purchased":["Girya","Bandage Up","Well Laid Plans","SteroidPotion","Ornamental Fan"],"campfire_rested":3,"item_purchase_floors":[22,22,22,22,38],"current_hp_per_floor":[63,63,59,59,59,59,68,68,68,68,54,44,33,33,69,62,68,58,58,70,59,59,59,70,70,70,34,31,17,53,51,51,18,57,63,63,70,70,61,61,61,61,61,61,17,26,26,36,70,0,0],"gold":61,"neow_bonus":"UPGRADE_CARD","is_daily":false,"chose_seed":false,"campfire_upgraded":4,"win_rate":0.0,"timestamp":1611722721,"path_taken":["M","M","M","?","M","R","E","R","T","R","?","E","?","M","R","BOSS","M","?","M","M","$","R","E","M","T","E","M","M","R","M","R","BOSS","M","M","M","$","?","R","?","R","T","?","E","M","?","M","R","BOSS"],"items_purchased_type":["Relic","Card","Card","Potion","Relic"],"build_version":"2020-12-22","purchased_purges":1,"victory":false,"max_hp_per_floor":[70,70,70,70,70,70,70,70,70,70,70,70,70,70,70,70,70,70,70,70,70,70,70,70,70,70,70,70,70,70,70,70,70,70,70,70,70,70,70,70,70,70,70,70,70,70,70,70,70,70,70],"card_choices":[{"not_picked":["Underhanded Strike","Flying Knee"],"picked":"Bouncing Flask","floor":1.0},{"not_picked":["Acrobatics","Backflip"],"picked":"Cloak And Dagger","floor":2.0},{"not_picked":["Poisoned Stab","Dodge and Roll"],"picked":"Cloak And Dagger","floor":3.0},{"not_picked":["Setup","Underhanded Strike"],"picked":"Blade Dance","floor":5.0},{"not_picked":["Calculated Gamble","Deflect"],"picked":"After Image","floor":7.0},{"not_picked":["Cloak And Dagger","Acrobatics"],"picked":"Infinite Blades","floor":11.0},{"not_picked":["Underhanded Strike","Tactician"],"picked":"Backflip","floor":12.0},{"not_picked":["Sucker Punch","Bane"],"picked":"PiercingWail","floor":14.0},{"not_picked":["Masterful Stab","Flying Knee"],"picked":"Venomology","floor":15.0},{"not_picked":["A Thousand Cuts","Unload"],"picked":"Phantasmal Killer","floor":16.0},{"not_picked":["Crippling Poison","Backstab"],"picked":"Choke","floor":18.0},{"not_picked":["Underhanded Strike","Slice","Concentrate"],"picked":"SKIP","floor":20.0},{"not_picked":["PiercingWail","Riddle With Holes"],"picked":"Bane","floor":21.0},{"not_picked":["Footwork","Deadly Poison+1"],"picked":"Envenom","floor":24.0},{"not_picked":["Slice+1","Cloak And Dagger+1"],"picked":"Caltrops","floor":25.0},{"not_picked":["Flying Knee+1","Sucker Punch","Dagger Throw"],"picked":"SKIP","floor":27.0},{"not_picked":["All Out Attack+1","Underhanded Strike+1","Skewer"],"picked":"SKIP","floor":28.0},{"not_picked":["Acrobatics","Dagger Throw","Deadly Poison"],"picked":"SKIP","floor":29.0},{"not_picked":["Deadly Poison","Acrobatics"],"picked":"Die Die Die","floor":30.0},{"not_picked":["Dagger Spray","Underhanded Strike+1"],"picked":"Wraith Form v2","floor":31.0},{"not_picked":["Envenom","Unload"],"picked":"Bullet Time","floor":33.0},{"not_picked":["Crippling Poison+1","Flying Knee"],"picked":"Caltrops+1","floor":35.0},{"not_picked":["Blur+1","Cloak And Dagger+1"],"picked":"Catalyst+1","floor":36.0},{"not_picked":["Finesse","Impatience"],"picked":"Bandage Up","floor":41.0},{"not_picked":["Blur","Wraith Form v2"],"picked":"Blade Dance+1","floor":45.0},{"not_picked":["Outmaneuver","Masterful Stab"],"picked":"Bane","floor":46.0},{"not_picked":["Outmaneuver","Backflip+1"],"picked":"Blade Dance","floor":48.0},{"not_picked":["PiercingWail","Setup+1"],"picked":"Predator+1","floor":49.0}],"player_experience":1036310,"relics_obtained":[{"floor":7.0,"key":"Regal Pillow"},{"floor":9.0,"key":"Toy Ornithopter"},{"floor":12.0,"key":"Dream Catcher"},{"floor":24.0,"key":"Centennial Puzzle"},{"floor":26.0,"key":"Happy Flower"},{"floor":27.0,"key":"Bird Faced Urn"},{"floor":43.0,"key":"Bronze Scales"},{"floor":45.0,"key":"Akabeko"},{"floor":47.0,"key":"The Courier"}],"event_choices":[{"damage_healed":0.0,"max_hp_gain":0.0,"max_hp_loss":0.0,"gold_gain":100.0,"event_name":"Golden Shrine","player_choice":"Pray","floor":4.0,"gold_loss":0.0,"damage_taken":0.0},{"damage_healed":0.0,"max_hp_gain":0.0,"max_hp_loss":0.0,"gold_gain":75.0,"event_name":"World of Goop","player_choice":"Gather Gold","floor":13.0,"gold_loss":0.0,"damage_taken":11.0},{"damage_healed":0.0,"max_hp_gain":0.0,"max_hp_loss":0.0,"gold_gain":0.0,"event_name":"The Woman in Blue","player_choice":"Bought 1 Potion","floor":19.0,"gold_loss":0.0,"damage_taken":0.0},{"damage_healed":0.0,"max_hp_gain":0.0,"max_hp_loss":0.0,"gold_gain":0.0,"event_name":"Winding Halls","player_choice":"Embrace Madness","floor":39.0,"gold_loss":0.0,"damage_taken":9.0,"cards_obtained":["Madness","Madness"]},{"damage_healed":0.0,"max_hp_gain":0.0,"max_hp_loss":0.0,"gold_gain":0.0,"event_name":"SensoryStone","player_choice":"Memory 1","floor":41.0,"gold_loss":0.0,"damage_taken":0.0}],"is_beta":false,"boss_relics":[{"not_picked":["Snecko Eye","Pandora\u0027s Box"],"picked":"HoveringKite"},{"not_picked":["Fusion Hammer","SlaversCollar"],"picked":"WristBlade"}],"items_purged_floors":[38],"is_endless":false,"potions_floor_spawned":[1,3,5,11,14,16,18,21,24,27,45,48],"killed_by":"Awakened One","ascension_level":10}}