{"host":"bq4pt811tk9yrmjl","time":1611765337,"event":{"mods":["AchievementEnabler","BaseMod","Colored Map","Colored Powertips","Defuse TimeMaze Blight","Hermit","Minty Spire (QoL Compilation)","StSLib","SuperFastMode"],"gold_per_floor":[115,190,190,190,203,229,229,247,247,12,24,55,67,93,105,217,229,252,275,287,299,311,323,353,365,377,389,1,1,1,11,11,107,107,123,123,136,136,148,148,178,190,269,269,269],"floor_reached":44,"language":"ENG","playtime":981,"items_purged":[],"score":549,"play_id":"9ec4dff9-631f-482a-8e60-a14336e11236","local_time":"20210127143537","is_ascension_mode":true,"campfire_choices":[{"data":"MasterReality","floor":7.0,"key":"SMITH"},{"data":"DevaForm","floor":15.0,"key":"SMITH"},{"data":"Ragnarok","floor":23,"key":"SMITH"},{"data":"BattleHymn","floor":27,"key":"SMITH"},{"data":"Vigilance","floor":29,"key":"SMITH"},{"data":"Wish","floor":32,"key":"SMITH"},{"floor":40,"key":"REST"}],"circlet_count":0,"master_deck":["Strike_P","Strike_P","Defend_P","Defend_P","Defend_P","Defend_P","Eruption","Vigilance+1","Wireheading","Consecrate","MasterReality+1","Ragnarok+1","BattleHymn+1","DevaForm+1","Wish+1","ForeignInfluence+1","ClearTheMind+1","Alpha","Vigilance+1","TalkToTheHand"],"relics":["PureWater","NeowsBlessing","Thread and Needle","FossilizedHelix","MawBank","Empty Cage","MutagenicStrength","Omamori","Shuriken","Calling Bell","Art of War","Darkstone Periapt","Peace Pipe","Anchor","Yang"],"acts_visited":["Exordium","TheCity","TheBeyond"],"potions_floor_usage":[22,22,39,39],"damage_taken":[{"damage":0.0,"enemies":"Small Slimes","floor":1.0,"turns":1.0},{"damage":0.0,"enemies":"2 Louse","floor":5.0,"turns":1.0},{"damage":0.0,"enemies":"3 Sentries","floor":6.0,"turns":2.0},{"damage":3.0,"enemies":"Jaw Worm","floor":8.0,"turns":6.0},{"damage":0.0,"enemies":"Large Slime","floor":11.0,"turns":4.0},{"damage":23.0,"enemies":"Gremlin Nob","floor":12.0,"turns":5.0},{"damage":0.0,"enemies":"2 Fungi Beasts","floor":14.0,"turns":4.0},{"damage":31.0,"enemies":"Hexaghost","floor":16.0,"turns":9.0},{"damage":0,"enemies":"Chosen","floor":18,"turns":5},{"damage":0,"enemies":"Spheric Guardian","floor":19,"turns":3},{"damage":0,"enemies":"Shelled Parasite and Fungi","floor":22,"turns":2},{"damage":27,"enemies":"Cultist and Chosen","floor":24,"turns":7},{"damage":12,"enemies":"Snake Plant","floor":31,"turns":4},{"damage":0,"enemies":"Champ","floor":33,"turns":11},{"damage":17,"enemies":"3 Darklings","floor":35,"turns":3},{"damage":10,"enemies":"3 Shapes","floor":37,"turns":8},{"damage":0,"enemies":"Writhing Mass","floor":39,"turns":4},{"damage":12,"enemies":"Nemesis","floor":41,"turns":7},{"damage":35,"enemies":"Jaw Worm Horde","floor":42,"turns":6},{"damage":0,"enemies":"4 Shapes","floor":44,"turns":1}],"seed_played":"1816908581148093555","potions_obtained":[{"floor":1.0,"key":"SpeedPotion"},{"floor":12.0,"key":"SteroidPotion"},{"floor":14.0,"key":"Dexterity Potion"},{"floor":18,"key":"SmokeBomb"},{"floor":31,"key":"Ambrosia"},{"floor":37,"key":"DuplicationPotion"}],"is_trial":false,"path_per_floor":["M","?","?","?","M","E","R","M","T","$","M","E","$","M","R","B",null,"M","M","?","?","M","R","M","?","T","R","$","R","?","M","R","B",null,"M","?","M","?","M","R","E","M","T","M"],"character_chosen":"WATCHER","items_purchased":["Ragnarok","BattleHymn","Omamori","Shuriken"],"campfire_rested":1,"item_purchase_floors":[10,10,28,28],"current_hp_per_floor":[72,61,66,66,66,66,66,63,63,63,63,40,40,40,40,9,77,77,77,77,77,77,77,50,75,75,75,75,75,75,63,63,63,77,60,60,50,50,50,73,61,26,26,26,26],"gold":269,"neow_bonus":"THREE_ENEMY_KILL","is_daily":false,"chose_seed":false,"campfire_upgraded":6,"win_rate":0.0,"timestamp":1611765337,"path_taken":["M","?","?","?","M","E","R","M","T","$","M","E","?","?","R","BOSS","BOSS","M","M","?","?","M","R","M","?","T","R","$","R","?","M","R","BOSS","M","?","M","?","?","R","E","M","T","M"],"items_purchased_type":["Card","Card","Relic","Relic"],"build_version":"2020-12-22","purchased_purges":0,"victory":false,"max_hp_per_floor":[72,72,77,77,77,77,77,77,77,77,77,77,77,77,77,77,77,77,77,77,77,77,77,77,77,77,77,77,77,77,77,77,77,77,77,77,77,77,77,77,77,77,77,77,77],"card_choices":[{"not_picked":["FlurryOfBlows","CutThroughFate"],"picked":"Wireheading","floor":1.0},{"not_picked":["Halt","Conclude"],"picked":"Consecrate","floor":5.0},{"not_picked":["Wireheading","Worship"],"picked":"MasterReality","floor":6.0},{"not_picked":["BowlingBash","ClearTheMind","CrushJoints"],"picked":"SKIP","floor":8.0},{"not_picked":["EmptyFist","FlyingSleeves","PathToVictory"],"picked":"SKIP","floor":11.0},{"not_picked":["EmptyMind","LikeWater"],"picked":"DevaForm","floor":12.0},{"not_picked":["FlyingSleeves","Prostrate","Protect"],"picked":"SKIP","floor":14.0},{"not_picked":["MasterReality","Blasphemy"],"picked":"Wish","floor":16},{"not_picked":["Consecrate","Crescendo+1"],"picked":"ForeignInfluence+1","floor":18},{"not_picked":["DeceiveReality","Swivel","Indignation"],"picked":"SKIP","floor":19},{"not_picked":["Consecrate","Collect"],"picked":"ClearTheMind+1","floor":24},{"not_picked":["Consecrate+1","Meditate","Wireheading+1"],"picked":"SKIP","floor":31},{"not_picked":["Vault","MasterReality"],"picked":"Alpha","floor":33},{"not_picked":["EmptyMind+1","FlyingSleeves+1","BowlingBash"],"picked":"SKIP","floor":35},{"not_picked":["Pray+1","Evaluate+1","Crescendo"],"picked":"SKIP","floor":37},{"not_picked":["BowlingBash+1","CrushJoints","Perseverance+1"],"picked":"SKIP","floor":39},{"not_picked":["LikeWater+1","Evaluate"],"picked":"TalkToTheHand","floor":41},{"not_picked":["DeusExMachina","SandsOfTime","MentalFortress+1"],"picked":"SKIP","floor":42}],"player_experience":273037,"relics_obtained":[{"floor":6.0,"key":"Thread and Needle"},{"floor":9.0,"key":"FossilizedHelix"},{"floor":12.0,"key":"MawBank"},{"floor":34,"key":"Art of War"},{"floor":34,"key":"Darkstone Periapt"},{"floor":34,"key":"Peace Pipe"},{"floor":41,"key":"Anchor"},{"floor":43,"key":"Yang"}],"event_choices":[{"damage_healed":0.0,"max_hp_gain":0.0,"max_hp_loss":0.0,"gold_gain":75.0,"event_name":"World of Goop","player_choice":"Gather Gold","floor":2.0,"gold_loss":0.0,"damage_taken":11.0},{"damage_healed":0.0,"max_hp_gain":5.0,"max_hp_loss":0.0,"gold_gain":0.0,"event_name":"Big Fish","player_choice":"Donut","floor":3.0,"gold_loss":0.0,"damage_taken":0.0},{"damage_healed":0.0,"max_hp_gain":0.0,"max_hp_loss":0.0,"gold_gain":0.0,"event_name":"Liars Game","player_choice":"Ignored","floor":4.0,"gold_loss":0.0,"damage_taken":0.0},{"damage_healed":0,"gold_gain":0,"player_choice":"Ignored","damage_taken":0,"max_hp_gain":0,"max_hp_loss":0,"event_name":"Vampires","floor":20,"gold_loss":0},{"damage_healed":0,"gold_gain":0,"player_choice":"Inject Mutagens","damage_taken":0,"relics_obtained":["MutagenicStrength"],"max_hp_gain":0,"max_hp_loss":0,"event_name":"Drug Dealer","floor":21,"gold_loss":0},{"damage_healed":25,"gold_gain":0,"player_choice":"Heal","damage_taken":0,"max_hp_gain":0,"max_hp_loss":0,"event_name":"The Library","floor":25,"gold_loss":0},{"damage_healed":0,"gold_gain":0,"player_choice":"Ignored","damage_taken":0,"max_hp_gain":0,"max_hp_loss":0,"event_name":"Tomb of Lord Red Mask","floor":36,"gold_loss":0},{"damage_healed":0,"gold_gain":0,"player_choice":"Copied","damage_taken":0,"max_hp_gain":0,"max_hp_loss":0,"event_name":"Duplicator","floor":38,"gold_loss":0,"cards_obtained":["Vigilance"]}],"is_beta":false,"boss_relics":[{"not_picked":["Coffee Dripper","Runic Pyramid"],"picked":"Empty Cage"},{"not_picked":["Fusion Hammer","Pandora\u0027s Box"],"picked":"Calling Bell"}],"items_purged_floors":[],"is_endless":false,"potions_floor_spawned":[1,12,14,18,22,31,37],"killed_by":"4 Shapes","ascension_level":1}}