{"host":"95ip98gf8c4vrv08","time":1611753380,"event":{"mods":["100% Spire Juice","ATMod(??Mod)","Arknights The Spire","BaseMod","Lobotomy","LobotomyExtend","Minty Spire (QoL Compilation)","Quick Restart","Reimu??????","Relic Stats","Spicy Shops","StSLib","The Bug Knight","??????REMEMod","????"],"gold_per_floor":[118,128,128,88,21,21,21,21,21,21,34,50,80,90,90,189,189,209,209,209,229,249,276,287,304,331,343,343],"floor_reached":27,"language":"ZHS","playtime":1306,"items_purged":[],"score":335,"play_id":"4bab06fe-2ad1-4180-9d10-cb09e03436d9","local_time":"20210127211620","daily_mods":["SealedDeck","Diverse","Terminal"],"is_ascension_mode":false,"campfire_choices":[{"data":"Echo Form","floor":6,"key":"SMITH"},{"data":"DevaForm","floor":10,"key":"SMITH"},{"data":"Moonworks:IndiscriminateFireSupport","floor":15,"key":"SMITH"}],"circlet_count":0,"master_deck":["Demon Form","Wraith Form v2","Echo Form+1","DevaForm+1","Moonworks:Blazing","Deflect","AT_ThistleTea","Consecrate","ats:Cat Scratch","White Noise","AT_DarkMatter","Go for the Eyes","ats:Absolute Focus","Backstab","AT_DarkMatter","InTheNameOfLoveAndHate","Moonworks:IndiscriminateFireSupport+1","HollowMod:GreatSlash","ats:Leaping Hammer","ats:Part Time Job+1","ats:Echo Reverb","Sanctity","Protect","Moonworks:StarBlastingFuse","Hello World+1","Moonworks:NicePresent","DeusExMachina","Dash","Go for the Eyes+1"],"relics":["ats:Sanity","REME_ComplimentaryCards","AT_ATBox","LetterFromLob","PaintedHorse:ReiMu","Akabeko","Frozen Egg 2","Mercury Hourglass","ats:Originium","REME_DuelDisc","Toy Ornithopter","MawBank"],"acts_visited":["Exordium","TheCity"],"potions_floor_usage":[11,27],"damage_taken":[{"damage":0,"enemies":"Cultist","floor":1,"turns":4},{"damage":2,"enemies":"Jaw Worm","floor":2,"turns":2},{"damage":10,"enemies":"Small Slimes","floor":11,"turns":3},{"damage":2,"enemies":"Blue Slaver","floor":12,"turns":3},{"damage":18,"enemies":"Gremlin Nob","floor":13,"turns":5},{"damage":0,"enemies":"Gremlin Gang","floor":14,"turns":1},{"damage":17,"enemies":"The Guardian","floor":16,"turns":7},{"damage":0,"enemies":"3 Byrds","floor":18,"turns":2},{"damage":7,"enemies":"2 Thieves","floor":21,"turns":3},{"damage":17,"enemies":"Snake Plant","floor":22,"turns":4},{"damage":28,"enemies":"Gremlin Leader","floor":23,"turns":6},{"damage":0,"enemies":"3 Cultists","floor":24,"turns":2},{"damage":14,"enemies":"Centurion and Healer","floor":25,"turns":5},{"damage":35,"enemies":"Shelled Parasite and Fungi","floor":27,"turns":6}],"seed_played":"5385213199079852965","potions_obtained":[{"floor":11,"key":"Fruit Juice"},{"floor":13,"key":"Dexterity Potion"},{"floor":22,"key":"SteroidPotion"},{"floor":24,"key":"MagicPotion:ReiMu"},{"floor":25,"key":"Swift Potion"}],"is_trial":true,"path_per_floor":["M","M","?","?","$","R","?","$","T","R","M","M","E","M","R","B",null,"M","?","?","M","M","E","M","M","T","M"],"character_chosen":"DOCTOR_CLASS","items_purchased":["ats:Leaping Hammer"],"campfire_rested":0,"item_purchase_floors":[5],"current_hp_per_floor":[70,68,68,67,66,65,64,63,62,61,56,58,46,46,46,41,59,58,57,56,51,38,20,20,10,10,0,0],"gold":343,"neow_bonus":"","is_daily":false,"chose_seed":false,"campfire_upgraded":3,"win_rate":0.0,"timestamp":1611753380,"path_taken":["M","M","?","?","?","R","?","$","T","R","?","M","E","M","R","BOSS","M","?","?","M","M","E","M","M","T","M"],"items_purchased_type":["Card"],"build_version":"2020-12-22","purchased_purges":0,"victory":false,"max_hp_per_floor":[70,69,68,67,66,65,64,63,62,61,65,64,63,62,61,60,59,58,57,56,55,54,53,52,51,50,50,50],"relic_stats":{"counters":[14,50],"MawBank":12,"obtain_stats":[{"AT_ATBox":0,"ats:Originium":13,"PaintedHorse:ReiMu":4,"REME_DuelDisc":17,"LetterFromLob":1,"ats:Sanity":0,"Frozen Egg 2":9,"MawBank":26,"Akabeko":7,"Toy Ornithopter":23,"REME_ComplimentaryCards":0,"Mercury Hourglass":13},{"AT_ATBox":0,"ats:Originium":5,"PaintedHorse:ReiMu":2,"REME_DuelDisc":7,"LetterFromLob":1,"ats:Sanity":0,"Frozen Egg 2":2,"MawBank":13,"Akabeko":2,"Toy Ornithopter":11,"REME_ComplimentaryCards":0,"Mercury Hourglass":5},{"AT_ATBox":0,"ats:Originium":17,"PaintedHorse:ReiMu":6,"REME_DuelDisc":25,"LetterFromLob":4,"ats:Sanity":0,"Frozen Egg 2":6,"MawBank":44,"Akabeko":6,"Toy Ornithopter":39,"REME_ComplimentaryCards":0,"Mercury Hourglass":17}],"Toy Ornithopter":5,"Mercury Hourglass":[142]},"card_choices":[{"not_picked":["Pummel","Sentinel","HollowMod:DesolateDive"],"picked":"Moonworks:IndiscriminateFireSupport","floor":1},{"not_picked":["HollowMod:SiblingsSouls","HollowMod:HowlingWraiths"],"picked":"HollowMod:GreatSlash","floor":2},{"not_picked":["AT_ThunderBolt+1","HollowMod:VengefulVoid"],"picked":"ats:Part Time Job+1","floor":11},{"not_picked":["Deflect","OrbThrow:ReiMu"],"picked":"ats:Echo Reverb","floor":12},{"not_picked":["HollowMod:InfectedCysts","AT_WindFlip"],"picked":"Sanctity","floor":13},{"not_picked":["HollowMod:CornifersMapStart","CarveReality"],"picked":"Protect","floor":14},{"not_picked":["ats:Fractured Body","HollowMod:PureVessel+1"],"picked":"Moonworks:StarBlastingFuse","floor":16},{"not_picked":["Compile Driver","HollowMod:GoodIntentions","WonderfulDomain:ReiMu"],"picked":"SKIP","floor":18},{"not_picked":["Tantrum","Conquer:ReiMu","AT_WindFlip+1"],"picked":"SKIP","floor":21},{"not_picked":["Bane","SashWhip"],"picked":"Moonworks:NicePresent","floor":22},{"not_picked":["SafetyPray:ReiMu","Seeing Red+1"],"picked":"DeusExMachina","floor":23},{"not_picked":["Moonworks:SelfDestruct","Meditation:ReiMu"],"picked":"Dash","floor":24},{"not_picked":["Flying Knee","Wireheading+1"],"picked":"Go for the Eyes+1","floor":25}],"player_experience":225421,"relics_obtained":[{"floor":1,"key":"LetterFromLob"},{"floor":9,"key":"Frozen Egg 2"},{"floor":13,"key":"Mercury Hourglass"},{"floor":13,"key":"ats:Originium"},{"floor":23,"key":"ats:Originium"},{"floor":23,"key":"Toy Ornithopter"},{"floor":26,"key":"MawBank"}],"event_choices":[{"damage_healed":0,"gold_gain":0,"player_choice":"Leave","damage_taken":0,"max_hp_gain":0,"max_hp_loss":0,"event_name":"The Cleric","floor":3,"gold_loss":0},{"damage_healed":0,"gold_gain":0,"player_choice":"??","damage_taken":0,"relics_obtained":["PaintedHorse:ReiMu"],"max_hp_gain":0,"max_hp_loss":0,"event_name":"yidonshenshe","floor":4,"gold_loss":40},{"cards_removed":["REME_Cut"],"damage_healed":0,"gold_gain":0,"player_choice":"Gave Card","damage_taken":0,"relics_obtained":["Akabeko"],"max_hp_gain":0,"max_hp_loss":0,"event_name":"WeMeetAgain","floor":7,"gold_loss":0},{"damage_healed":0,"gold_gain":0,"player_choice":"Simplicity","damage_taken":0,"max_hp_gain":0,"max_hp_loss":0,"event_name":"Back to Basics","floor":19,"gold_loss":0,"cards_upgraded":[]},{"damage_healed":0,"gold_gain":0,"player_choice":"Read","damage_taken":0,"max_hp_gain":0,"max_hp_loss":0,"event_name":"The Library","floor":20,"gold_loss":0,"cards_obtained":["Hello World"]}],"is_beta":false,"boss_relics":[{"not_picked":["ats:Tactical Delivery","Tiny House"],"picked":"REME_DuelDisc"}],"items_purged_floors":[],"is_endless":true,"potions_floor_spawned":[11,13,22,24,25],"killed_by":"Shelled Parasite and Fungi","ascension_level":0}}