{"host":"z8n47vy4vaymw9pl","time":1611716860,"event":{"mods":["2.2 Compatiblity","Act Like it!","Always Whale","BaseMod","Better Altar","Better Match","Better Note","Better Sensory Stone","Better Skull","Better Third Choice","Colored Map","Colored Powertips","Defuse TimeMaze Blight","Downfall","Energized Spire","Hubris","Minty Spire (QoL Compilation)","Reliquary","Replay The Spire","Robot Space Explorer","Spire Arcade","StSLib","The Blue Laboratory","The Construct","TheSurvivalist","Unceasing Turn Reminder","Wandering Minibosses"],"gold_per_floor":[114,132,150,150,346,376,376,376,376],"floor_reached":8,"language":"ENG","playtime":385,"items_purged":[],"score":56,"play_id":"5ec76276-b3dc-47d8-920e-dfdcea372870","local_time":"20210126190740","is_ascension_mode":false,"campfire_choices":[{"data":"construct:Chainstrike","floor":7,"key":"SMITH"}],"circlet_count":0,"master_deck":["construct:Strike_Gold","construct:Strike_Gold","construct:Strike_Gold","construct:Strike_Gold","construct:Defend_Gold","construct:Defend_Gold","construct:Defend_Gold","construct:Defend_Gold","construct:AttackMode","construct:DefenseMode","construct:FlameCore","construct:Chainstrike+1","construct:SweepLaser","construct:Impenetrable","construct:Boost"],"relics":["construct:ClockworkPhoenix","hubris:ClockworkCow"],"acts_visited":["Exordium"],"potions_floor_usage":[6],"damage_taken":[{"damage":6,"enemies":"2 Louse","floor":1,"turns":3},{"damage":0,"enemies":"Small Slimes","floor":2,"turns":4},{"damage":5,"enemies":"Cultist","floor":3,"turns":4},{"damage":28,"enemies":"Lagavulin","floor":6,"turns":8},{"damage":8,"enemies":"3 Sentries","floor":8,"turns":2}],"seed_played":"1599774944312208778","potions_obtained":[{"floor":1,"key":"hexamod:SoulburnPotion"}],"is_trial":false,"path_per_floor":["M","M","M","?","?","E","R","E"],"character_chosen":"THE_CONSTRUCT_MOD","items_purchased":[],"campfire_rested":0,"item_purchase_floors":[],"current_hp_per_floor":[79,79,74,67,33,5,5,0,0],"gold":376,"neow_bonus":"REMOVE_CARD","is_daily":false,"chose_seed":false,"campfire_upgraded":1,"win_rate":0.0,"timestamp":1611716860,"path_taken":["M","M","M","?","?","E","R","E"],"items_purchased_type":[],"build_version":"2020-12-22","purchased_purges":0,"victory":false,"max_hp_per_floor":[85,85,85,85,85,85,85,85,85],"card_choices":[{"not_picked":["construct:FocusedBeam","construct:ShiftStrike"],"picked":"construct:FlameCore","floor":1},{"not_picked":["construct:Electrocute","construct:ShiftStrike"],"picked":"construct:Chainstrike","floor":2},{"not_picked":["construct:ShiftStrike","construct:Tumble"],"picked":"construct:SweepLaser","floor":3},{"not_picked":["construct:HeavyBolt","construct:OilSpill"],"picked":"construct:Impenetrable","floor":5},{"not_picked":["construct:Versatility","construct:DarkFlames"],"picked":"construct:Boost","floor":6}],"player_experience":664619,"relics_obtained":[{"floor":6,"key":"hubris:ClockworkCow"}],"event_choices":[{"cards_removed":["construct:Strike_Gold"],"damage_healed":0,"gold_gain":0,"player_choice":"Card Removal","damage_taken":7,"max_hp_gain":0,"max_hp_loss":0,"event_name":"Golden Wing","floor":4,"gold_loss":0}],"is_beta":false,"boss_relics":[],"items_purged_floors":[],"is_endless":false,"potions_floor_spawned":[1],"killed_by":"3 Sentries","ascension_level":0}}