{"host":"agela5aetnmltfvm","time":1611758205,"event":{"mods":["BaseMod","Colored Powertips","Hermit","Minty Spire (QoL Compilation)","Rare Cards Sparkle","Replay The Spire","StSLib"],"gold_per_floor":[113,113,131,80,80,106,116,145,199,244,264,279,279,279,295,325,325,325,325],"floor_reached":18,"language":"ZHS","playtime":486,"items_purged":[],"score":149,"play_id":"123d812e-3ee9-45c6-9166-05125fd9beef","local_time":"20210127223645","is_ascension_mode":false,"campfire_choices":[],"circlet_count":0,"master_deck":["hermit:Strike_Hermit","hermit:Strike_Hermit","hermit:Strike_Hermit+1","hermit:Strike_Hermit","hermit:Defend_Hermit+1","hermit:Defend_Hermit","hermit:Defend_Hermit","hermit:Defend_Hermit","hermit:Snapshot","hermit:Covet","hermit:Virtue","hermit:FlashPowder+1","hermit:Determination","hermit:Determination","hermit:LoneWolf+1","hermit:HighCaliber","hermit:ShadowCloak","hermit:Gambit","hermit:TakeAim","hermit:PistolWhip"],"relics":["hermit:Momento","NeowsBlessing","Sundial","Lantern","Replay:Wax Seal","ReplayTheSpireMod:TigerMarble"],"acts_visited":["Exordium"],"potions_floor_usage":[8,8,18,18,18],"damage_taken":[{"damage":0,"enemies":"Jaw Worm","floor":1,"turns":1},{"damage":0,"enemies":"2 Louse","floor":3,"turns":1},{"damage":0,"enemies":"Gremlin Nob","floor":6,"turns":1},{"damage":6,"enemies":"Cultist","floor":7,"turns":4},{"damage":44,"enemies":"Lagavulin","floor":8,"turns":10},{"damage":3,"enemies":"Gremlin Gang","floor":11,"turns":3},{"damage":1,"enemies":"Large Slime","floor":12,"turns":7},{"damage":8,"enemies":"Exordium Thugs","floor":15,"turns":5},{"damage":9,"enemies":"2 Fungi Beasts","floor":16,"turns":3},{"damage":4,"enemies":"Fading Forest","floor":18,"turns":4}],"seed_played":"514349775365636500","potions_obtained":[{"floor":3,"key":"ColorlessPotion"},{"floor":6,"key":"LiquidMemories"},{"floor":7,"key":"Regen Potion"},{"floor":11,"key":"Venom Potion"},{"floor":15,"key":"Block Potion"}],"is_trial":false,"path_per_floor":["M","?","M","$","?","E","M","E","T","T","M","M","PTL","PTL","M","M","R","B"],"character_chosen":"HERMIT","items_purchased":["hermit:Determination"],"campfire_rested":0,"item_purchase_floors":[4],"current_hp_per_floor":[75,60,60,60,60,60,54,25,25,25,22,21,21,21,13,4,4,0,0],"gold":325,"neow_bonus":"THREE_ENEMY_KILL","is_daily":false,"chose_seed":false,"campfire_upgraded":0,"win_rate":0.0,"timestamp":1611758205,"path_taken":["M","?","M","$","?","E","M","E","T","?","M","?","PTL","PTL","M","M","R","BOSS"],"items_purchased_type":["Card"],"build_version":"2020-12-22","purchased_purges":0,"victory":false,"max_hp_per_floor":[75,75,75,75,75,75,75,75,75,75,75,75,75,75,75,75,75,75,75],"card_choices":[{"not_picked":["hermit:SprayPray","hermit:Manifest"],"picked":"hermit:Virtue","floor":1},{"not_picked":["hermit:BodyArmor","hermit:Desperado"],"picked":"hermit:FlashPowder","floor":3},{"not_picked":["hermit:Brawl","hermit:DeadMansHand","hermit:SprayPray"],"picked":"SKIP","floor":6},{"not_picked":["hermit:BodyArmor","hermit:Dive"],"picked":"hermit:LoneWolf","floor":7},{"not_picked":["hermit:Dive","hermit:WideOpen"],"picked":"hermit:HighCaliber","floor":8},{"not_picked":["hermit:Dive","hermit:Glare"],"picked":"hermit:ShadowCloak","floor":11},{"not_picked":["hermit:TakeAim","hermit:HoleUp"],"picked":"hermit:Gambit","floor":12},{"not_picked":["hermit:Desperado","hermit:Malice"],"picked":"hermit:TakeAim","floor":15},{"not_picked":["hermit:WideOpen","hermit:TakeCover"],"picked":"hermit:PistolWhip","floor":16}],"player_experience":533928,"relics_obtained":[{"floor":6,"key":"Sundial"},{"floor":8,"key":"Lantern"},{"floor":9,"key":"Replay:Wax Seal"},{"floor":10,"key":"ReplayTheSpireMod:TigerMarble"}],"event_choices":[{"damage_healed":0,"gold_gain":0,"player_choice":"Entered Light","damage_taken":15,"max_hp_gain":0,"max_hp_loss":0,"event_name":"Shining Light","floor":2,"gold_loss":0,"cards_upgraded":["hermit:Strike_Hermit","hermit:Defend_Hermit"]},{"damage_healed":0,"gold_gain":0,"player_choice":"Grow","damage_taken":0,"max_hp_gain":0,"max_hp_loss":0,"event_name":"Living Wall","floor":5,"gold_loss":0,"cards_upgraded":["hermit:FlashPowder"]},{"damage_healed":0,"gold_gain":0,"player_choice":"Upgraded","damage_taken":0,"max_hp_gain":0,"max_hp_loss":0,"event_name":"Upgrade Shrine","floor":17,"gold_loss":0,"cards_upgraded":["hermit:LoneWolf"]}],"is_beta":false,"boss_relics":[],"items_purged_floors":[],"is_endless":false,"potions_floor_spawned":[3,6,7,11,15],"killed_by":"Fading Forest","ascension_level":0}}