{"host":"Ringo","time":1611745058,"event":{"mods":["BaseMod","Colored Map","Conspire","Dota2Spire","Minty Spire (QoL Compilation)","Replay The Spire","StSLib","[IsaacMod]ÒÔÈö¼âËþ","¡¾ÒÅÎï¿¨ÅÆ¡¿REMEMod"],"gold_per_floor":[115,135,146,172,172,205,234,265,288,317,317,335,367,383,383,454,454,468,488,167,193,193,228,228,262,262,290,325,359,396,522,534,618,630,669,713,565,598,142,169,196,228,255,290,316,348,375,405,405,405,405],"floor_reached":52,"language":"ZHS","playtime":1997,"items_purged":[],"score":3913,"play_id":"2d6ef7b9-2db6-4091-a8fb-1856cc0cb9b2","local_time":"20210127185738","daily_mods":["SealedDeck","Vintage","Diverse","Colorless Cards","Heirloom","Time Dilation","Flight","DeadlyEvents","Elite Swarm","Lethality","Binary"],"is_ascension_mode":true,"campfire_choices":[{"data":"Pommel Strike","floor":11.0,"key":"SMITH"},{"data":"Pommel Strike+1","floor":15.0,"key":"SMITH"},{"data":"Sword Boomerang","floor":24.0,"key":"SMITH"},{"data":"Sword Boomerang+1","floor":32.0,"key":"SMITH"},{"data":"Sword Boomerang+2","floor":49,"key":"SMITH"}],"circlet_count":0,"master_deck":["AscendersBane","Gash","Consecrate","Rage","Rage","Sucker Punch","Slice","Prostrate","Pommel Strike+2","FollowUp","Twin Strike+1","Choke","FlyingSleeves","Sword Boomerang+3","Backflip"],"relics":["Burning Blood","Busted Crown","HushsDoor","REME_ComplimentaryCards","replay:Trail_Library","Charon\u0027s Ashes","BookOfRevelations","Replay:Rubber Ducky","conspire:TopHat","Dream Catcher","BelialBook","HornCleat","Dota2Spire:MagicBottle","Anchor","Dota2Spire:BladeMail","conspire:InfiniteJournal","DoctorsRemote","Dota2Spire:ShivaGuard","Ancient Tea Set","MagicMushroom","Oddly Smooth Stone","Pen Nib","Dota2Spire:Desolator","Red Mask","conspire:Boomerang","REME_HandOfSuture","Boot","REME_IWantAll","Regal Pillow","MawBank","Replay:Multitool","ChampionBelt","Bird Faced Urn","PunchingBag","Sling","MealTicket","Garlic","Replay:Mystery Machine","Gambling Chip","Dota2Spire:UrnOfShadows","Void","Calipers","Blue Candle","ReplayTheSpireMod:TigerMarble","Toxic Egg 2"],"acts_visited":["Exordium","TheCity","TheBeyond"],"potions_floor_usage":[51,51],"damage_taken":[{"damage":0.0,"enemies":"Small Slimes","floor":1.0,"turns":2.0},{"damage":0.0,"enemies":"Jaw Worm","floor":2.0,"turns":1.0},{"damage":0.0,"enemies":"2 Louse","floor":3.0,"turns":1.0},{"damage":0.0,"enemies":"conspire:MimicChest","floor":4.0,"turns":2.0},{"damage":0.0,"enemies":"Gremlin Nob","floor":6.0,"turns":2.0},{"damage":0.0,"enemies":"3 Sentries","floor":7.0,"turns":2.0},{"damage":0.0,"enemies":"Lagavulin","floor":8.0,"turns":3.0},{"damage":0.0,"enemies":"3 Sentries","floor":10.0,"turns":3.0},{"damage":0.0,"enemies":"Blue Slaver","floor":12.0,"turns":1.0},{"damage":0.0,"enemies":"Lagavulin","floor":13.0,"turns":2.0},{"damage":0.0,"enemies":"Looter","floor":14.0,"turns":1.0},{"damage":0.0,"enemies":"Hexaghost","floor":16.0,"turns":2.0},{"damage":0.0,"enemies":"Shell Parasite","floor":18.0,"turns":1.0},{"damage":0.0,"enemies":"3 Byrds","floor":19.0,"turns":2.0},{"damage":0.0,"enemies":"Masked Bandits","floor":21.0,"turns":2.0},{"damage":0.0,"enemies":"Replay:Snechameleon","floor":23.0,"turns":1.0},{"damage":0.0,"enemies":"REME_1_Revenger","floor":25.0,"turns":1.0},{"damage":0.0,"enemies":"conspire:SneckoGhost","floor":27.0,"turns":1.0},{"damage":0.0,"enemies":"Gremlin Leader","floor":28.0,"turns":3.0},{"damage":0.0,"enemies":"Replay:Snechameleon","floor":29.0,"turns":1.0},{"damage":0.0,"enemies":"conspire:SneckoGhost","floor":30.0,"turns":2.0},{"damage":0.0,"enemies":"Replay:Snechameleon","floor":31.0,"turns":1.0},{"damage":0.0,"enemies":"Champ","floor":33.0,"turns":2.0},{"damage":0.0,"enemies":"R_Hoarder","floor":35.0,"turns":2.0},{"damage":0.0,"enemies":"Nemesis","floor":36.0,"turns":3.0},{"damage":0.0,"enemies":"R_Hoarder","floor":38.0,"turns":2.0},{"damage":0.0,"enemies":"Reptomancer","floor":40.0,"turns":1.0},{"damage":0.0,"enemies":"R_Hoarder","floor":41.0,"turns":2.0},{"damage":0.0,"enemies":"Giant Head","floor":42.0,"turns":3.0},{"damage":0.0,"enemies":"Nemesis","floor":44.0,"turns":3.0},{"damage":0.0,"enemies":"Reptomancer","floor":45.0,"turns":2.0},{"damage":0,"enemies":"R_Hoarder","floor":46,"turns":3},{"damage":0,"enemies":"Giant Head","floor":47,"turns":3},{"damage":0,"enemies":"R_Hoarder","floor":48,"turns":3},{"damage":0,"enemies":"Replay:Hell Engine","floor":50,"turns":4},{"damage":0,"enemies":"Awakened One","floor":51,"turns":4}],"seed_played":"8647330707039143772","potions_obtained":[{"floor":1.0,"key":"REME_GoldPotion"},{"floor":4.0,"key":"Explosive Potion"},{"floor":7.0,"key":"Dota2Spire:Clarity"},{"floor":12.0,"key":"LiquidBronze"},{"floor":16.0,"key":"Elixir"}],"is_trial":true,"path_per_floor":["M","M","M","?","?","E","E","E","T","E","R","M","E","M","R","B",null,"M","M","$","?","$","E","R","E","T","E","E","E","E","E","R","B",null,"M","M","$","M","$","E","E","E","T","E","E","E","E","E","R","B","B",null],"character_chosen":"IRONCLAD","items_purchased":["Dota2Spire:Desolator","Sword Boomerang","Sling","Garlic","Replay:Mystery Machine"],"campfire_rested":0,"item_purchase_floors":[20,20,37,39,39],"current_hp_per_floor":[74,75,75,75,75,75,75,75,75,75,75,75,75,75,75,75,82,82,82,82,82,82,82,82,82,82,82,82,82,82,82,82,82,82,82,82,82,82,82,82,82,82,82,82,82,82,82,82,82,82,82],"gold":405,"neow_bonus":"","is_daily":false,"chose_seed":false,"campfire_upgraded":5,"win_rate":0.0,"timestamp":1611745058,"path_taken":["M","M","M","?","?","E","E","E","T","E","R","?","E","M","R","BOSS","M","M","$","?","$","E","R","E","T","E","E","E","E","?","R","BOSS","M","?","$","M","$","E","E","E","T","E","E","E","E","E","R","BOSS","BOSS"],"items_purchased_type":["Relic","Card","Relic","Relic","Relic"],"build_version":"2020-12-18","purchased_purges":0,"victory":true,"max_hp_per_floor":[75,75,75,75,75,75,75,75,75,75,75,75,75,75,75,75,82,82,82,82,82,82,82,82,82,82,82,82,82,82,82,82,82,82,82,82,82,82,82,82,82,82,82,82,82,82,82,82,82,82,82],"card_choices":[],"player_experience":570786,"relics_obtained":[{"floor":1.0,"key":"Replay:Rubber Ducky"},{"floor":2.0,"key":"conspire:TopHat"},{"floor":3.0,"key":"Dream Catcher"},{"floor":4.0,"key":"BelialBook"},{"floor":6.0,"key":"HornCleat"},{"floor":7.0,"key":"Dota2Spire:MagicBottle"},{"floor":8.0,"key":"Anchor"},{"floor":9.0,"key":"Dota2Spire:BladeMail"},{"floor":10.0,"key":"conspire:InfiniteJournal"},{"floor":12.0,"key":"DoctorsRemote"},{"floor":13.0,"key":"Dota2Spire:ShivaGuard"},{"floor":14.0,"key":"Ancient Tea Set"},{"floor":18.0,"key":"Oddly Smooth Stone"},{"floor":19.0,"key":"Pen Nib"},{"floor":21.0,"key":"Red Mask"},{"floor":23.0,"key":"conspire:Boomerang"},{"floor":25.0,"key":"REME_HandOfSuture"},{"floor":26.0,"key":"Boot"},{"floor":27.0,"key":"REME_IWantAll"},{"floor":28.0,"key":"Regal Pillow"},{"floor":29.0,"key":"MawBank"},{"floor":31.0,"key":"Replay:Multitool"},{"floor":35.0,"key":"Bird Faced Urn"},{"floor":36.0,"key":"PunchingBag"},{"floor":38.0,"key":"MealTicket"},{"floor":40.0,"key":"Gambling Chip"},{"floor":41.0,"key":"Prayer Wheel"},{"floor":42.0,"key":"Dota2Spire:UrnOfShadows"},{"floor":43.0,"key":"Void"},{"floor":44.0,"key":"Calipers"},{"floor":45,"key":"PokeGo"},{"floor":46,"key":"Blue Candle"},{"floor":47,"key":"ReplayTheSpireMod:TigerMarble"},{"floor":48,"key":"Toxic Egg 2"}],"event_choices":[{"damage_healed":0.0,"max_hp_gain":0.0,"max_hp_loss":0.0,"gold_gain":0.0,"event_name":"Masked Bandits","player_choice":"Fought Bandits","floor":21.0,"gold_loss":0.0,"damage_taken":0.0}],"is_beta":true,"boss_relics":[{"not_picked":["conspire:RunicOctahedron","Runic Dome"],"picked":"MagicMushroom"},{"not_picked":[]},{"not_picked":["Calling Bell","Snecko Eye"],"picked":"ChampionBelt"},{"not_picked":[]}],"items_purged_floors":[],"is_endless":false,"potions_floor_spawned":[1,4,7,12,14,16,18,25,29,31,35,40,41,44,47],"ascension_level":20}}