{"host":"g2yp6paluzgljz05","time":1611733421,"event":{"mods":["BaseMod","Bestiary","Colored Powertips","DeckTracker","Highlight Path","Minty Spire (QoL Compilation)","Quick Restart"],"gold_per_floor":[112,112,112,0,14,42,42,59,59,75,103,103,119,119,119],"floor_reached":14,"language":"ENG","playtime":515,"items_purged":["Strike_R"],"score":163,"play_id":"a0a673ba-8f55-435e-bb81-8e68d959fc18","local_time":"20210127184341","is_ascension_mode":true,"campfire_choices":[{"data":"True Grit","floor":7,"key":"SMITH"},{"data":"Heavy Blade","floor":12,"key":"SMITH"}],"circlet_count":0,"master_deck":["Strike_R","Strike_R","Strike_R","Strike_R+1","Defend_R","Defend_R+1","Defend_R","Defend_R","Bash","Flex","Warcry","Fire Breathing","Heavy Blade+1","True Grit+1","Warcry","Reaper"],"relics":["Burning Blood","NeowsBlessing","Gremlin Horn","Lantern","Art of War"],"acts_visited":["Exordium"],"potions_floor_usage":[14],"damage_taken":[{"damage":0,"enemies":"Small Slimes","floor":1,"turns":1},{"damage":0,"enemies":"Cultist","floor":5,"turns":1},{"damage":0,"enemies":"3 Sentries","floor":6,"turns":2},{"damage":12,"enemies":"Jaw Worm","floor":8,"turns":2},{"damage":8,"enemies":"Blue Slaver","floor":10,"turns":2},{"damage":36,"enemies":"Gremlin Nob","floor":11,"turns":4},{"damage":11,"enemies":"Looter","floor":13,"turns":3},{"damage":40,"enemies":"Lagavulin","floor":14,"turns":5}],"seed_played":"-5866253414058068246","potions_obtained":[{"floor":5,"key":"SpeedPotion"},{"floor":11,"key":"Energy Potion"},{"floor":13,"key":"Energy Potion"}],"is_trial":false,"path_per_floor":["M","?","?","$","M","E","R","M","T","M","E","R","M","E"],"character_chosen":"IRONCLAD","items_purchased":["Fire Breathing"],"campfire_rested":0,"item_purchase_floors":[4],"current_hp_per_floor":[78,62,62,62,68,74,74,68,68,66,36,36,31,0,0],"gold":119,"neow_bonus":"THREE_ENEMY_KILL","is_daily":false,"chose_seed":false,"campfire_upgraded":2,"win_rate":0.0,"timestamp":1611733421,"path_taken":["M","?","?","$","M","E","R","?","T","M","E","R","M","E"],"items_purchased_type":["Card"],"build_version":"2020-12-22","purchased_purges":1,"victory":false,"max_hp_per_floor":[80,80,80,80,80,80,80,80,80,80,80,80,80,80,80],"card_choices":[{"not_picked":["Metallicize","Rage"],"picked":"Flex","floor":1},{"not_picked":["Headbutt","Infernal Blade"],"picked":"Heavy Blade","floor":5},{"not_picked":["Clothesline","Thunderclap"],"picked":"True Grit","floor":6},{"not_picked":["Warcry","Pummel","Second Wind"],"picked":"SKIP","floor":8},{"not_picked":["Cleave","Hemokinesis","Disarm"],"picked":"SKIP","floor":10},{"not_picked":["Clothesline","Seeing Red"],"picked":"Warcry","floor":11},{"not_picked":["Entrench","Infernal Blade"],"picked":"Reaper","floor":13}],"player_experience":275172,"relics_obtained":[{"floor":6,"key":"Gremlin Horn"},{"floor":9,"key":"Lantern"},{"floor":11,"key":"Art of War"}],"event_choices":[{"damage_healed":0,"gold_gain":0,"player_choice":"Entered Light","damage_taken":16,"max_hp_gain":0,"max_hp_loss":0,"event_name":"Shining Light","floor":2,"gold_loss":0,"cards_upgraded":["Defend_R","Strike_R"]},{"damage_healed":0,"gold_gain":0,"player_choice":"1 cards matched","damage_taken":0,"max_hp_gain":0,"max_hp_loss":0,"event_name":"Match and Keep!","floor":3,"gold_loss":0,"cards_obtained":["Warcry"]}],"is_beta":false,"boss_relics":[],"items_purged_floors":[4],"is_endless":false,"potions_floor_spawned":[5,11,13],"killed_by":"Lagavulin","ascension_level":6}}