{"host":"1gh1pdv85cipbjj7","time":1611771944,"event":{"mods":["BaseMod","Colored Map","Downfall","GifTheSpireLib","Infinite Spire","Minty Spire (QoL Compilation)","Permanent Neow","StSLib","The Jungle"],"gold_per_floor":[99,114,132,35,20,33,33,45,45,65,83,93,93,123,142,142,142,142],"floor_reached":16,"language":"ENG","playtime":1518,"items_purged":[],"score":106,"play_id":"632096ca-ad6d-44df-8d66-7ed2bc76b58c","local_time":"20210127122544","is_ascension_mode":false,"campfire_choices":[{"data":"bronze:Goto","floor":1,"key":"SMITH"},{"floor":9,"key":"REST"}],"circlet_count":0,"master_deck":["bronze:Strike","bronze:Strike","bronze:Strike","bronze:Strike","bronze:Defend","bronze:Defend","bronze:Defend","bronze:Defend","bronze:Replicate","bronze:Goto+1","bronze:CloningBeam","bronze:Frontload","bronze:BronzeArmor","bronze:ItsAFeature","bronze:GetLatest","bronze:FineTuning","bronze:Branch","bronze:Deprecate","bronze:Mutator+1","bronze:Turbo","bronze:Fortify"],"relics":["bronze:BronzeCore","Thread and Needle","Sundial","infinitespire:WardingShard"],"acts_visited":["Exordium"],"potions_floor_usage":[14,16,16],"damage_taken":[{"damage":0,"enemies":"Cultist","floor":2,"turns":3},{"damage":2,"enemies":"Jaw Worm","floor":3,"turns":4},{"damage":1,"enemies":"downfall:FleeingMerchant","floor":4,"turns":4},{"damage":0,"enemies":"downfall:FleeingMerchant","floor":5,"turns":4},{"damage":1,"enemies":"Small Slimes","floor":6,"turns":3},{"damage":17,"enemies":"Gremlin Gang","floor":8,"turns":6},{"damage":3,"enemies":"Exordium Wildlife","floor":10,"turns":5},{"damage":3,"enemies":"Blue Slaver","floor":11,"turns":4},{"damage":3,"enemies":"Gremlin Gang","floor":12,"turns":7},{"damage":6,"enemies":"Lagavulin","floor":14,"turns":6},{"damage":0,"enemies":"2 Fungi Beasts","floor":15,"turns":4},{"damage":37,"enemies":"DF_ARCHETYPE_STREAMLINE","floor":16,"turns":14}],"seed_played":"-2833203334759938583","potions_obtained":[{"floor":2,"key":"bronze:FreeFunctionsPotion"},{"floor":8,"key":"SteroidPotion"},{"floor":10,"key":"SteroidPotion"},{"floor":14,"key":"SneckoOil"},{"floor":15,"key":"FearPotion"}],"is_trial":false,"path_per_floor":["R","M","M","$","$","M","T","M","R","M","M","M","?","E","M","B"],"character_chosen":"THE_AUTOMATON","items_purchased":["bronze:ItsAFeature"],"campfire_rested":1,"item_purchase_floors":[4],"current_hp_per_floor":[49,49,47,46,46,45,45,28,49,46,43,40,40,34,34,0,0,0],"gold":142,"neow_bonus":"ONE_RARE_RELIC","is_daily":false,"chose_seed":false,"campfire_upgraded":1,"win_rate":0.0,"timestamp":1611771944,"path_taken":["R","M","M","?","$","M","T","M","R","M","M","M","?","E","M","BOSS"],"items_purchased_type":["Card"],"build_version":"2020-12-22","purchased_purges":0,"victory":false,"max_hp_per_floor":[70,70,70,70,70,70,70,70,70,70,70,70,70,70,70,70,70,70],"card_choices":[{"not_picked":["bronze:WildBeam","bronze:BugBarrage"],"picked":"bronze:CloningBeam","floor":2},{"not_picked":["bronze:Branch","bronze:Iterate"],"picked":"bronze:Frontload","floor":3},{"not_picked":["bronze:Shield","bronze:DarkDash"],"picked":"bronze:BronzeArmor","floor":4},{"not_picked":["bronze:Frontload","bronze:ForLoop"],"picked":"bronze:GetLatest","floor":5},{"not_picked":["bronze:Overheat","bronze:WildBeam"],"picked":"bronze:FineTuning","floor":6},{"not_picked":["bronze:BuggyMess","bronze:BitShift"],"picked":"bronze:Branch","floor":8},{"not_picked":["bronze:Verify","bronze:ChildClass"],"picked":"bronze:Deprecate","floor":10},{"not_picked":["bronze:BuggyMess","bronze:BugBarrage","bronze:Deprecate"],"picked":"SKIP","floor":11},{"not_picked":["bronze:Philosophize","bronze:BugBarrage"],"picked":"bronze:Mutator","floor":12},{"not_picked":["bronze:Return","bronze:Branch"],"picked":"bronze:Turbo","floor":14},{"not_picked":["bronze:Branch","bronze:BitShift"],"picked":"bronze:Fortify","floor":15}],"player_experience":748971,"relics_obtained":[{"floor":7,"key":"Sundial"},{"floor":14,"key":"infinitespire:WardingShard"}],"event_choices":[],"is_beta":false,"boss_relics":[],"items_purged_floors":[],"is_endless":false,"potions_floor_spawned":[2,8,10,14,15],"killed_by":"DF_ARCHETYPE_STREAMLINE","ascension_level":0}}