{"host":"xnmm48bggm313m0r","time":1611790680,"event":{"mods":["Arknights The Spire","BaseMod","Curses Come First","Hermit","KOR Keyword Fix","Lobotomy","Minty Spire (QoL Compilation)","Replay The Spire","StSLib","The Dragon Tamer"],"gold_per_floor":[99,99,110,125,142,142,142,142,162,162,162,162,162,162],"floor_reached":13,"language":"KOR","playtime":400,"items_purged":[],"score":123,"play_id":"f64a8a96-f886-441a-afc1-e6cd6aa1e776","local_time":"20210128083800","daily_mods":["Heirloom","Time Dilation"],"is_ascension_mode":false,"campfire_choices":[{"data":"Poisoned Stab","floor":6,"key":"SMITH"},{"data":"Flying Knee","floor":10,"key":"SMITH"}],"circlet_count":0,"master_deck":["Demon Form","Wraith Form v2","Echo Form","DevaForm","DTMod:ResonanceForm","Strike_G","Strike_G","Strike_G","Strike_G","Strike_G","Defend_G","Defend_G","Defend_G","Defend_G","Defend_G","Neutralize","DTMod:FlameSlash","Footwork+1","PiercingWail","Flying Knee+1","Poisoned Stab+1","Bane","Dagger Spray"],"relics":["Unceasing Top","replay:Trail_Library","Turnip","Ginger","Peace Pipe"],"acts_visited":["Exordium"],"potions_floor_usage":[],"damage_taken":[{"damage":15,"enemies":"Jaw Worm","floor":3,"turns":6},{"damage":12,"enemies":"Small Slimes","floor":4,"turns":5},{"damage":5,"enemies":"2 Louse","floor":5,"turns":5},{"damage":10,"enemies":"Looter","floor":9,"turns":4},{"damage":44,"enemies":"3 Sentries","floor":13,"turns":2}],"seed_played":"-6204680818926067448","potions_obtained":[],"is_trial":true,"path_per_floor":["WH","?","M","M","M","R","PTL","PTL","M","R","T","WH","E"],"character_chosen":"THE_SILENT","items_purchased":[],"campfire_rested":0,"item_purchase_floors":[],"current_hp_per_floor":[70,70,55,43,38,38,38,38,28,28,28,28,0,0],"gold":162,"neow_bonus":"","is_daily":false,"chose_seed":false,"campfire_upgraded":2,"win_rate":0.0,"timestamp":1611790680,"path_taken":["WH","?","M","M","M","R","PTL","PTL","M","R","T","WH","E"],"items_purchased_type":[],"build_version":"2020-12-22","purchased_purges":0,"victory":false,"max_hp_per_floor":[70,70,70,70,70,70,70,70,70,70,70,70,70,70],"card_choices":[{"not_picked":["Dodge and Roll","Backflip"],"picked":"PiercingWail","floor":3},{"not_picked":["Tactician","Hidden Blade"],"picked":"Flying Knee","floor":4},{"not_picked":["ReplayTheSpireMod:Exploit Weakness","Backflip"],"picked":"Poisoned Stab","floor":5},{"not_picked":["Fluid Movement","Deadly Poison"],"picked":"Bane","floor":9}],"player_experience":138157,"relics_obtained":[{"floor":11,"key":"Peace Pipe"}],"event_choices":[],"is_beta":false,"boss_relics":[],"items_purged_floors":[],"is_endless":true,"potions_floor_spawned":[],"killed_by":"3 Sentries","ascension_level":0}}