{"host":"fuszjwm6fqgjjp4d","time":1611718919,"event":{"mods":["BaseMod","Bestiary","Colored Map","DeckTracker","Minty Spire (QoL Compilation)","Permanent Neow","Relic Sorter","Relic Stats","StSLib"],"gold_per_floor":[116,191,191,203,222,222,222,250,276,288,300,328,340,364,376,388,388],"floor_reached":16,"language":"ENG","playtime":453,"items_purged":[],"score":204,"play_id":"ab10bc76-0f87-44df-b0bb-a9d951c8e947","local_time":"20210126214159","is_ascension_mode":true,"campfire_choices":[{"data":"PathToVictory","floor":7,"key":"SMITH"},{"data":"Eruption","floor":10,"key":"SMITH"},{"data":"EmptyBody","floor":13,"key":"SMITH"},{"data":"Vigilance","floor":15,"key":"SMITH"}],"circlet_count":0,"master_deck":["AscendersBane","Strike_P","Strike_P","Strike_P","Defend_P","Defend_P","Defend_P","Defend_P","Eruption+1","Vigilance+1","PathToVictory+1","EmptyBody+1"],"relics":["PureWater","Dream Catcher","MawBank","FaceOfCleric"],"acts_visited":["Exordium"],"potions_floor_usage":[6,8],"damage_taken":[{"damage":11.0,"enemies":"Small Slimes","floor":1.0,"turns":5.0},{"damage":1.0,"enemies":"Cultist","floor":4.0,"turns":5.0},{"damage":0.0,"enemies":"2 Louse","floor":5.0,"turns":3.0},{"damage":0,"enemies":"Lots of Slimes","floor":6,"turns":1},{"damage":10,"enemies":"Lagavulin","floor":8,"turns":8},{"damage":0,"enemies":"Blue Slaver","floor":12,"turns":2},{"damage":0,"enemies":"Large Slime","floor":14,"turns":4},{"damage":33,"enemies":"Hexaghost","floor":16,"turns":9}],"seed_played":"3477800895248495585","potions_obtained":[{"floor":1.0,"key":"SmokeBomb"},{"floor":4.0,"key":"DistilledChaos"},{"floor":8,"key":"Ambrosia"}],"is_trial":false,"path_per_floor":["M","?","?","M","M","M","R","E","T","R","?","M","R","M","R","B"],"character_chosen":"WATCHER","items_purchased":[],"campfire_rested":0,"item_purchase_floors":[],"current_hp_per_floor":[50,39,39,38,38,38,38,28,28,28,28,29,29,30,30,0,0],"gold":388,"neow_bonus":"THREE_CARDS","is_daily":false,"chose_seed":false,"campfire_upgraded":4,"win_rate":0.0,"timestamp":1611718919,"path_taken":["M","?","?","M","M","?","R","E","T","R","?","?","R","M","R","BOSS"],"items_purchased_type":[],"build_version":"2020-12-22","purchased_purges":0,"victory":false,"max_hp_per_floor":[68,68,68,68,68,68,68,68,68,68,68,69,69,70,70,70,70],"relic_stats":{"Dream Catcher":0,"FaceOfCleric":2,"counters":[8,37],"MawBank":84,"obtain_stats":[{"Dream Catcher":8,"FaceOfCleric":11,"PureWater":0,"MawBank":9},{"Dream Catcher":5,"FaceOfCleric":5,"PureWater":0,"MawBank":5},{"Dream Catcher":22,"FaceOfCleric":22,"PureWater":0,"MawBank":22}]},"card_choices":[{"not_picked":["Halt","Adaptation"],"picked":"PathToVictory","floor":0.0},{"not_picked":["ReachHeaven","FlurryOfBlows"],"picked":"EmptyBody","floor":1.0},{"not_picked":["SashWhip","ClearTheMind","EmptyBody"],"picked":"SKIP","floor":4.0},{"not_picked":["Weave","Sanctity","SignatureMove"],"picked":"SKIP","floor":5.0},{"not_picked":["Crescendo","Wireheading","Consecrate"],"picked":"SKIP","floor":8},{"not_picked":["FlyingSleeves","FlurryOfBlows","Evaluate"],"picked":"SKIP","floor":12},{"not_picked":["JustLucky","CrushJoints","ThirdEye"],"picked":"SKIP","floor":14}],"player_experience":1358795,"relics_obtained":[{"floor":8,"key":"Dream Catcher"},{"floor":9,"key":"MawBank"}],"event_choices":[{"damage_healed":0.0,"max_hp_gain":0.0,"max_hp_loss":0.0,"gold_gain":75.0,"event_name":"World of Goop","player_choice":"Gather Gold","floor":2.0,"gold_loss":0.0,"damage_taken":11.0},{"cards_removed":["Strike_P"],"damage_healed":0.0,"max_hp_gain":0.0,"max_hp_loss":0.0,"gold_gain":0.0,"event_name":"Purifier","player_choice":"Purged","floor":3.0,"gold_loss":0.0,"damage_taken":0.0},{"damage_healed":0,"gold_gain":0,"player_choice":"Trade","damage_taken":0,"relics_obtained":["FaceOfCleric"],"max_hp_gain":0,"max_hp_loss":0,"event_name":"FaceTrader","floor":11,"gold_loss":0}],"is_beta":false,"boss_relics":[],"items_purged_floors":[],"is_endless":false,"potions_floor_spawned":[1,4,8],"killed_by":"Hexaghost","ascension_level":20}}