{"host":"d9m9v0h6vo0edadb","time":1611763340,"event":{"mods":["BaseMod","Hermit","Keyboard Shortcuts","Minty Spire (QoL Compilation)","StSLib","SuperFastMode","The Cursed"],"gold_per_floor":[112,124,124,49,124,124,24,24,24,24,24],"floor_reached":10,"language":"KOR","playtime":115,"items_purged":["Strike_G","Strike_G"],"score":108,"play_id":"3a34b056-53b3-4d35-85ef-d015e34a3cf6","local_time":"20210128010220","is_ascension_mode":true,"campfire_choices":[{"floor":6,"key":"REST"},{"data":"Poisoned Stab","floor":8,"key":"SMITH"}],"circlet_count":0,"master_deck":["AscendersBane","Strike_G","Strike_G","Strike_G","Defend_G","Defend_G","Defend_G","Defend_G","Defend_G","Survivor","Neutralize","Master of Strategy","Acrobatics","Poisoned Stab+1"],"relics":["Ring of the Snake","Molten Egg 2","HornCleat"],"acts_visited":["Exordium"],"potions_floor_usage":[2],"damage_taken":[{"damage":0,"enemies":"2 Louse","floor":1,"turns":4},{"damage":3,"enemies":"Jaw Worm","floor":2,"turns":7},{"damage":50,"enemies":"3 Sentries","floor":10,"turns":10}],"seed_played":"-2206892504470381911","potions_obtained":[{"floor":1,"key":"DuplicationPotion"}],"is_trial":false,"path_per_floor":["M","M","?","$","?","R","$","R","T","E"],"character_chosen":"THE_SILENT","items_purchased":[],"campfire_rested":1,"item_purchase_floors":[],"current_hp_per_floor":[59,56,38,38,27,45,45,45,45,0,0],"gold":24,"neow_bonus":"RANDOM_COLORLESS_2","is_daily":false,"chose_seed":false,"campfire_upgraded":1,"win_rate":0.0,"timestamp":1611763340,"path_taken":["M","M","?","$","?","R","?","R","T","E"],"items_purchased_type":[],"build_version":"2020-12-22","purchased_purges":2,"victory":false,"max_hp_per_floor":[60,60,60,60,60,60,60,60,60,60,60],"card_choices":[{"not_picked":["Thinking Ahead","Transmutation"],"picked":"Master of Strategy","floor":0},{"not_picked":["Poisoned Stab","Quick Slash"],"picked":"Acrobatics","floor":1},{"not_picked":["Backflip","Acrobatics"],"picked":"Poisoned Stab","floor":2}],"player_experience":993648,"relics_obtained":[{"floor":9,"key":"HornCleat"}],"event_choices":[{"damage_healed":0,"gold_gain":0,"player_choice":"Success","damage_taken":18,"relics_obtained":["Molten Egg 2"],"max_hp_gain":0,"max_hp_loss":0,"event_name":"Scrap Ooze","floor":3,"gold_loss":0},{"damage_healed":0,"gold_gain":75,"player_choice":"Gather Gold","damage_taken":11,"max_hp_gain":0,"max_hp_loss":0,"event_name":"World of Goop","floor":5,"gold_loss":0}],"is_beta":false,"boss_relics":[],"items_purged_floors":[4,7],"is_endless":false,"potions_floor_spawned":[1],"killed_by":"3 Sentries","ascension_level":20}}