{"host":"zk71suw73lg2r165","time":1611774534,"event":{"mods":["BaseMod","Colored Map","Minty Spire (QoL Compilation)","Permanent Neow","Relic Stats","StSLib"],"gold_per_floor":[366,516,64,139,157,157,157],"floor_reached":6,"language":"ENG","playtime":151,"items_purged":["Doubt"],"score":68,"play_id":"f40470c4-f7e4-49b6-a736-7795e56bf499","local_time":"20210127140854","is_ascension_mode":true,"campfire_choices":[],"circlet_count":0,"master_deck":["AscendersBane","Strike_B","Strike_B","Strike_B","Strike_B","Defend_B","Defend_B","Defend_B","Defend_B","Zap","Dualcast","Conserve Battery","Ball Lightning","White Noise"],"relics":["Cracked Core","Membership Card","Prayer Wheel","Lantern"],"acts_visited":["Exordium"],"potions_floor_usage":[6],"damage_taken":[{"damage":12,"enemies":"Jaw Worm","floor":1,"turns":3},{"damage":1,"enemies":"2 Louse","floor":5,"turns":3},{"damage":28,"enemies":"Lagavulin","floor":6,"turns":5}],"seed_played":"416907045325452290","potions_obtained":[{"floor":5,"key":"FearPotion"}],"is_trial":false,"path_per_floor":["M","?","$","?","M","E"],"character_chosen":"DEFECT","items_purchased":["Membership Card","Prayer Wheel","Lantern"],"campfire_rested":0,"item_purchase_floors":[3,3,3],"current_hp_per_floor":[52,52,52,41,40,12,12],"gold":157,"neow_bonus":"TWO_FIFTY_GOLD","is_daily":false,"chose_seed":false,"campfire_upgraded":0,"win_rate":0.0,"timestamp":1611774534,"path_taken":["M","?","$","?","M","E"],"items_purchased_type":["Relic","Relic","Relic"],"build_version":"2020-12-22","purchased_purges":1,"victory":false,"max_hp_per_floor":[64,64,64,64,64,64,64],"relic_stats":{"counters":[3,11],"Prayer Wheel":1,"obtain_stats":[{"Lantern":3,"Prayer Wheel":3,"Membership Card":3,"Cracked Core":0},{"Lantern":1,"Prayer Wheel":1,"Membership Card":1,"Cracked Core":0},{"Lantern":3,"Prayer Wheel":3,"Membership Card":3,"Cracked Core":0}]},"card_choices":[{"not_picked":["Turbo","Rip and Tear"],"picked":"Conserve Battery","floor":1},{"not_picked":["Hello World","Heatsinks"],"picked":"Ball Lightning","floor":5},{"not_picked":["Turbo","Cold Snap"],"picked":"White Noise","floor":5}],"player_experience":1390877,"relics_obtained":[],"event_choices":[{"damage_healed":0,"gold_gain":150,"player_choice":"AGREE","damage_taken":0,"max_hp_gain":0,"max_hp_loss":0,"event_name":"Liars Game","floor":2,"gold_loss":0,"cards_obtained":["Doubt"]},{"damage_healed":0,"gold_gain":75,"player_choice":"Gather Gold","damage_taken":11,"max_hp_gain":0,"max_hp_loss":0,"event_name":"World of Goop","floor":4,"gold_loss":0}],"is_beta":false,"boss_relics":[],"items_purged_floors":[3],"is_endless":false,"potions_floor_spawned":[5],"killed_by":"Lagavulin","ascension_level":20}}