{"host":"y76clbnovzmw9ubx","time":1611788325,"event":{"mods":["AchievementEnabler","BaseMod","Minty Spire (QoL Compilation)","Permanent Neow","Relic Stats"],"gold_per_floor":[116,41,41,41,61,61,91,108,108,108,27,55,55,73,73,145,195,214,230,248,263,263,263,295,295,295,323,323,323],"floor_reached":28,"language":"ENG","playtime":1562,"items_purged":[],"score":532,"play_id":"1d7b834f-1d18-4b6b-9ca0-2d493f4bb2b5","local_time":"20210127175845","is_ascension_mode":true,"campfire_choices":[{"data":"Riddle With Holes","floor":6.0,"key":"SMITH"},{"data":"Blade Dance","floor":10.0,"key":"SMITH"},{"data":"Finisher","floor":13.0,"key":"SMITH"},{"data":"Footwork","floor":15.0,"key":"SMITH"},{"floor":23.0,"key":"REST"},{"floor":25,"key":"REST"}],"circlet_count":0,"master_deck":["AscendersBane","Strike_G","Strike_G","Strike_G","Defend_G+1","Defend_G","Defend_G","Defend_G","Defend_G","Survivor","Neutralize","Venomology","Riddle With Holes+1","Slice","Cloak And Dagger","Blade Dance+1","Footwork+1","Finisher+1","Night Terror","Leg Sweep","Backflip+1","Escape Plan","Flechettes","Deflect","Cloak And Dagger","Blade Dance"],"relics":["Ring of the Snake","Ornamental Fan","Meat on the Bone","Tingsha","Tiny House","Mercury Hourglass","Bronze Scales","Bottled Tornado"],"acts_visited":["Exordium","TheCity"],"potions_floor_usage":[28],"damage_taken":[{"damage":5.0,"enemies":"Jaw Worm","floor":1.0,"turns":8.0},{"damage":0.0,"enemies":"Small Slimes","floor":5.0,"turns":3.0},{"damage":8.0,"enemies":"Gremlin Nob","floor":7.0,"turns":3.0},{"damage":0.0,"enemies":"2 Louse","floor":8.0,"turns":2.0},{"damage":6.0,"enemies":"3 Sentries","floor":12.0,"turns":7.0},{"damage":0.0,"enemies":"Looter","floor":14.0,"turns":2.0},{"damage":17.0,"enemies":"The Guardian","floor":16.0,"turns":14.0},{"damage":14.0,"enemies":"Shell Parasite","floor":18.0,"turns":8.0},{"damage":1.0,"enemies":"3 Byrds","floor":19.0,"turns":7.0},{"damage":37.0,"enemies":"3 Cultists","floor":20.0,"turns":8.0},{"damage":22.0,"enemies":"Centurion and Healer","floor":21.0,"turns":6.0},{"damage":17.0,"enemies":"Slavers","floor":24.0,"turns":8.0},{"damage":47,"enemies":"Book of Stabbing","floor":27,"turns":7},{"damage":18,"enemies":"Cultist and Chosen","floor":28,"turns":5}],"seed_played":"-163556164039798184","potions_obtained":[{"floor":1.0,"key":"LiquidMemories"},{"floor":7.0,"key":"SteroidPotion"},{"floor":14.0,"key":"Explosive Potion"},{"floor":17.0,"key":"CultistPotion"},{"floor":20.0,"key":"Energy Potion"},{"floor":21.0,"key":"Strength Potion"}],"is_trial":false,"path_per_floor":["M","?","?","?","M","R","E","M","T","R","$","E","R","M","R","B",null,"M","M","M","M","?","R","E","R","T","E","M"],"character_chosen":"THE_SILENT","items_purchased":["Footwork"],"campfire_rested":2,"item_purchase_floors":[11],"current_hp_per_floor":[54,54,54,47,47,47,39,39,39,39,39,45,45,45,45,40,65,51,50,25,15,15,36,31,52,52,17,0,0],"gold":323,"neow_bonus":"ONE_RANDOM_RARE_CARD","is_daily":false,"chose_seed":false,"campfire_upgraded":4,"win_rate":0.0,"timestamp":1611788325,"path_taken":["M","?","?","?","M","R","E","M","T","R","?","E","R","?","R","BOSS","M","M","M","M","?","R","E","R","T","E","M"],"items_purchased_type":["Card"],"build_version":"2020-12-22","purchased_purges":0,"victory":false,"max_hp_per_floor":[66,66,66,66,66,66,66,66,66,66,66,66,66,66,66,66,71,71,71,71,71,71,71,71,71,71,71,71,71],"relic_stats":{"counters":[14,88],"Ornamental Fan":[164],"Bronze Scales":[63],"Tingsha":[18],"obtain_stats":[{"Tiny House":17,"Ornamental Fan":7,"Bronze Scales":26,"Tingsha":12,"Bottled Tornado":27,"Ring of the Snake":0,"Meat on the Bone":9,"Mercury Hourglass":24},{"Tiny House":7,"Ornamental Fan":3,"Bronze Scales":12,"Tingsha":5,"Bottled Tornado":13,"Ring of the Snake":0,"Meat on the Bone":4,"Mercury Hourglass":12},{"Tiny House":39,"Ornamental Fan":14,"Bronze Scales":76,"Tingsha":23,"Bottled Tornado":83,"Ring of the Snake":0,"Meat on the Bone":16,"Mercury Hourglass":76}],"Ring of the Snake":[28],"Meat on the Bone":72,"Mercury Hourglass":[42]},"card_choices":[{"not_picked":["Cloak And Dagger","Flying Knee"],"picked":"Riddle With Holes","floor":1.0},{"not_picked":["Backflip","Blur"],"picked":"Slice","floor":5.0},{"not_picked":["Accuracy","Catalyst"],"picked":"Cloak And Dagger","floor":7.0},{"not_picked":["Acrobatics","Endless Agony"],"picked":"Blade Dance","floor":8.0},{"not_picked":["Riddle With Holes","Reflex"],"picked":"Finisher","floor":12.0},{"not_picked":["Flying Knee","Distraction","Crippling Poison"],"picked":"SKIP","floor":14.0},{"not_picked":["Glass Knife","Storm of Steel"],"picked":"Night Terror","floor":16.0},{"not_picked":["Dodge and Roll","Deadly Poison"],"picked":"Leg Sweep","floor":17.0},{"not_picked":["PiercingWail","Flying Knee"],"picked":"Backflip+1","floor":18.0},{"not_picked":["Leg Sweep","Heel Hook"],"picked":"Escape Plan","floor":19.0},{"not_picked":["Predator","Acrobatics"],"picked":"Flechettes","floor":20.0},{"not_picked":["Catalyst","Bane"],"picked":"Deflect","floor":21.0},{"not_picked":["Blade Dance","Backflip"],"picked":"Cloak And Dagger","floor":24.0},{"not_picked":["Deadly Poison","Deflect"],"picked":"Blade Dance","floor":27}],"player_experience":3133724,"relics_obtained":[{"floor":7.0,"key":"Ornamental Fan"},{"floor":9.0,"key":"Meat on the Bone"},{"floor":12.0,"key":"Tingsha"},{"floor":24.0,"key":"Mercury Hourglass"},{"floor":26,"key":"Bronze Scales"},{"floor":27,"key":"Bottled Tornado"}],"event_choices":[{"cards_removed":["Strike_G"],"damage_healed":0.0,"max_hp_gain":0.0,"max_hp_loss":0.0,"gold_gain":0.0,"event_name":"The Cleric","player_choice":"Card Removal","floor":2.0,"gold_loss":75.0,"damage_taken":0.0},{"damage_healed":0.0,"max_hp_gain":0.0,"max_hp_loss":0.0,"gold_gain":0.0,"event_name":"Scrap Ooze","player_choice":"Fled","floor":3.0,"gold_loss":0.0,"damage_taken":0.0},{"cards_removed":["Strike_G"],"damage_healed":0.0,"max_hp_gain":0.0,"max_hp_loss":0.0,"gold_gain":0.0,"event_name":"Golden Wing","player_choice":"Card Removal","floor":4.0,"gold_loss":0.0,"damage_taken":7.0},{"damage_healed":0.0,"max_hp_gain":0.0,"max_hp_loss":0.0,"gold_gain":0.0,"event_name":"Cursed Tome","player_choice":"Ignored","floor":22.0,"gold_loss":0.0,"damage_taken":0.0}],"is_beta":false,"boss_relics":[{"not_picked":["Busted Crown","HoveringKite"],"picked":"Tiny House"}],"items_purged_floors":[],"is_endless":false,"potions_floor_spawned":[1,7,14,18,20,21],"killed_by":"Cultist and Chosen","ascension_level":20}}