{"host":"t9zjxed0utvsfjwc","time":1611756366,"event":{"mods":["2.2 Compatiblity","Aspiration","BaseMod","Better Altar","Better Match","Better Note","Better Sensory Stone","Better Skull","Better Third Choice","Block Reminder","Colored Map","Colored Powertips","Custom Start","Downfall","Hermit","Highlight Path","Hubris","Infinite Spire","Minty Spire (QoL Compilation)","Quick Restart","Rare Cards Sparkle","Reliquary","Replay The Spire","StSLib","The Cursed","The Marked","The Runesmith","Unceasing Turn Reminder","everything is the same but u backflip on backflip"],"gold_per_floor":[99,119,137,208,208,44,44,62,74,105,205,220,54,54,74,74,74,74],"floor_reached":16,"language":"ENG","playtime":757,"items_purged":["bronze:Defend"],"score":252,"play_id":"b8ff4595-aec0-4a0a-821a-67419e1d4622","local_time":"20210127140606","is_ascension_mode":false,"campfire_choices":[{"floor":1,"key":"DIG"}],"circlet_count":0,"master_deck":["bronze:Strike","bronze:Strike","bronze:Defend","bronze:Defend","bronze:Defend","bronze:Replicate+1","bronze:Goto+1","bronze:WhirlingStrike","bronze:Separator","bronze:Flail","bronze:CloningBeam","downfall:Haunted","downfall:Haunted","Doubt","bronze:CleanCode","Pain","Languid","bronze:GetLatest","bronze:HyperBeam","bronze:Allocate+1","bronze:Return"],"relics":["bronze:BronzeCore","reliquary:Buckler","aspiration:Lifesprig","reliquary:QuartzCube","aspiration:FetidBarrel","Du-Vu Doll","Darkstone Periapt","infinitespire:Satchel"],"acts_visited":["Exordium"],"potions_floor_usage":[6,8,13],"damage_taken":[{"damage":1,"enemies":"Cultist","floor":2,"turns":3},{"damage":5,"enemies":"Small Slimes","floor":3,"turns":3},{"damage":10,"enemies":"downfall:FleeingMerchant","floor":6,"turns":4},{"damage":6,"enemies":"Jaw Worm","floor":8,"turns":2},{"damage":13,"enemies":"Red Slaver","floor":9,"turns":2},{"damage":35,"enemies":"Lagavulin","floor":10,"turns":5},{"damage":12,"enemies":"Exordium Thugs","floor":12,"turns":3},{"damage":23,"enemies":"downfall:FleeingMerchant","floor":13,"turns":4},{"damage":0,"enemies":"2 Fungi Beasts","floor":15,"turns":3},{"damage":23,"enemies":"IC_STATUS_ARCHETYPE","floor":16,"turns":2}],"seed_played":"2462579165852677000","potions_obtained":[{"floor":3,"key":"Regen Potion"},{"floor":8,"key":"Fruit Juice"},{"floor":12,"key":"Swift Potion"},{"floor":15,"key":"PowerPotion"}],"is_trial":false,"path_per_floor":["R_BF","M","M","T","?","$","T","M","M","E","?","M","$","?","M","B"],"character_chosen":"THE_AUTOMATON","items_purchased":["bronze:Flail","infinitespire:Satchel"],"campfire_rested":0,"item_purchase_floors":[6,13],"current_hp_per_floor":[70,69,64,64,64,65,65,64,51,16,51,39,16,16,16,0,0,0],"gold":74,"neow_bonus":"RANDOM_COMMON_RELIC","is_daily":false,"chose_seed":false,"campfire_upgraded":0,"win_rate":0.0,"timestamp":1611756366,"path_taken":["R_BF","M","M","?","?","?","T","?","M","E","?","M","$","?","M","BOSS"],"items_purchased_type":["Card","Relic"],"build_version":"2020-12-22","purchased_purges":1,"victory":false,"max_hp_per_floor":[70,70,70,70,70,70,70,75,75,75,110,110,110,110,110,110,110,110],"card_choices":[{"not_picked":["bronze:MaxOutput","bronze:OilSpill"],"picked":"bronze:WhirlingStrike","floor":2},{"not_picked":["bronze:Repair","bronze:DelayedGuard"],"picked":"bronze:Separator","floor":3},{"not_picked":["bronze:Branch","bronze:Philosophize","bronze:CleanCode"],"picked":"SKIP","floor":6},{"not_picked":["bronze:CutThrough","bronze:BugBarrage","bronze:Iterate"],"picked":"SKIP","floor":8},{"not_picked":["bronze:Deprecate","bronze:OilSpill","bronze:Branch"],"picked":"SKIP","floor":9},{"not_picked":["bronze:Optimize","bronze:DarkDash"],"picked":"bronze:CloningBeam","floor":10},{"not_picked":["bronze:BugBarrage","bronze:CloningBeam"],"picked":"bronze:GetLatest","floor":12},{"not_picked":["bronze:Shield","bronze:ClassDefault"],"picked":"bronze:HyperBeam","floor":13},{"not_picked":["bronze:Frontload","bronze:CloningBeam"],"picked":"bronze:Return","floor":15}],"player_experience":442031,"relics_obtained":[{"floor":1,"key":"aspiration:Lifesprig"},{"floor":4,"key":"reliquary:QuartzCube"},{"floor":7,"key":"aspiration:FetidBarrel"},{"floor":10,"key":"Du-Vu Doll"}],"event_choices":[{"cards_removed":["bronze:Strike"],"damage_healed":0,"gold_gain":0,"player_choice":"Card Removal","damage_taken":0,"max_hp_gain":0,"max_hp_loss":0,"event_name":"The Cleric","floor":5,"gold_loss":0}],"is_beta":false,"boss_relics":[],"items_purged_floors":[6],"is_endless":false,"potions_floor_spawned":[3,8,12,15],"killed_by":"IC_STATUS_ARCHETYPE","ascension_level":0}}