{"host":"1ic909zu6a2p5j4b","time":1611717381,"event":{"mods":["2.2 Compatiblity","AchievementEnabler","BaseMod","Colored Powertips","Custom Start","DeckTracker","Faster Ascension Climbing","Highlight Path","Minty Spire (QoL Compilation)","Permanent Neow","Quick Restart","Rare Cards Sparkle","Relic Sorter","Relic Stats","SuperFastMode","Synergy Search"],"gold_per_floor":[444,469,520,520,520,520,604,616,653,713,812,721,760,850,850,1081,1081,1138,1174,1174,1264,1297,1390,1390,793,816,918,918,1002,1053,1113,1113,1362,1362,1371,1428,1640,257,307,418,418,529,565,604,646,646,780,882,882,891],"floor_reached":51,"language":"ENG","playtime":1366,"items_purged":[],"score":3262,"play_id":"27f3bfe9-c719-4559-a0f5-c84f1b18231c","local_time":"20210126231621","daily_mods":["Time Dilation","DeadlyEvents","Binary","Cursed Run","Elite Swarm","Lethality","Midas","Terminal","Uncertain Future"],"is_ascension_mode":true,"campfire_choices":[{"data":"1","floor":6,"key":"LIFT"},{"data":"2","floor":8,"key":"LIFT"},{"data":"3","floor":15,"key":"LIFT"},{"floor":24,"key":"REST"},{"floor":32,"key":"REST"},{"floor":41,"key":"REST"},{"data":"Barricade+1","floor":46,"key":"PURGE"},{"floor":49,"key":"REST"}],"circlet_count":0,"master_deck":["Apotheosis+1","DevaForm+1","Fasting2+1","TalkToTheHand+1","Choke+1","Burst+1","After Image+1","After Image+1","After Image+1","After Image+1","After Image+1","Inflame+1","Inflame+1","Seeing Red+1","Seeing Red+1","Seeing Red+1","Seeing Red+1","Seeing Red+1","Seeing Red+1","Body Slam+1","Body Slam+1","Body Slam+1","Body Slam+1","Exhume+1","Exhume+1","Flame Barrier+1","Flame Barrier+1","Flame Barrier+1","Offering+1","Offering+1","Offering+1","Offering+1","Offering+1","Limit Break+1","Limit Break+1","Limit Break+1","Limit Break+1","Entrench+1","Entrench+1","Entrench+1","Entrench+1","Entrench+1","Entrench+1","Power Through+1","Power Through+1","Power Through+1","Power Through+1","Power Through+1","Sentinel+1","Sentinel+1","Sentinel+1","Sentinel+1","Sentinel+1","Battle Trance+1","Intimidate+1","Ghostly Armor+1","Ghostly Armor+1","Ghostly Armor+1","Ghostly Armor+1","Ghostly Armor+1","Ghostly Armor+1","Ghostly Armor+1","True Grit+1","True Grit+1","True Grit+1","True Grit+1","True Grit+1","True Grit+1","Shrug It Off+1","Shrug It Off+1","Shrug It Off+1","Havoc+1","Havoc+1","Havoc+1","Havoc+1","Havoc+1","Havoc+1","Shrug It Off+1","Shrug It Off+1","Shrug It Off+1","Shrug It Off+1","Shrug It Off+1","Defend_R+1","Defend_R+1","Defend_R+1","Defend_R+1","Fiend Fire+1","Fiend Fire+1","Fiend Fire+1","Fiend Fire+1","Fiend Fire+1","Reckless Charge+1","Reckless Charge+1","Reckless Charge+1","Reckless Charge+1","Reckless Charge+1","Reckless Charge+1","Reckless Charge+1","Reckless Charge+1","Reckless Charge+1","Reckless Charge+1","Barricade+1","Corruption+1","Juggernaut+1","Metallicize+1","Dark Embrace+1","Feel No Pain+1","Feel No Pain+1","Impervious+1","Fire Breathing+1","Evolve+1","Amplify+1","Echo Form+1","CurseOfTheBell","Feel No Pain+1","Shame","Disarm+1","Reaper+1","Clumsy","Clothesline+1","Corruption+1","Fire Breathing+1","Armaments+1","Armaments+1","Juggernaut+1","Double Tap+1","Metallicize+1","Pommel Strike+1","DevaForm+1","Corruption+1","Sever Soul+1","Fiend Fire+1","Limit Break+1","Fiend Fire+1","Armaments+1","Uppercut+1","Shame","Double Tap+1","Uppercut+1","Headbutt+1","Armaments+1","Double Tap+1","Body Slam+1","Discovery+1","Magnetism+1","Carnage+1","Havoc+1","Rupture+1","Fasting2+1","Impervious+1","Injury","Clothesline+1","Regret","Double Tap+1","Clumsy"],"relics":["Cursed Key","Darkstone Periapt","Du-Vu Doll","Black Star","Bottled Flame","Charon\u0027s Ashes","Chemical X","Bottled Lightning","Bottled Tornado","Bag of Marbles","Bag of Preparation","Bird Faced Urn","Blood Vial","Champion Belt","Cracked Core","Frozen Egg 2","Frozen Eye","FossilizedHelix","Gambling Chip","Gremlin Horn","HandDrill","Ice Cream","Incense Burner","Molten Egg 2","Mummified Hand","Ornamental Fan","Orichalcum","OrangePellets","Old Coin","Oddly Smooth Stone","PreservedInsect","Red Skull","Shuriken","Toxic Egg 2","SacredBark","Whetstone","War Paint","PureWater","Matryoshka","Inserter","Juzu Bracelet","Lantern","Lizard Tail","Calling Bell","Regal Pillow","Pantograph","Girya","Kunai","Toy Ornithopter","Nunchaku","MawBank","Happy Flower","Omamori","Peace Pipe","White Beast Statue","Bronze Scales","Question Card","Letter Opener","CaptainsWheel","CeramicFish","Dead Branch","StrikeDummy","Turnip","Potion Belt","Tiny Chest","Boot","SsserpentHead","Art of War","Centennial Puzzle","Runic Pyramid","Calipers","Self Forming Clay","Blue Candle","DollysMirror","Mark of the Bloom","TungstenRod","Unceasing Top","Thread and Needle","InkBottle","MealTicket","The Courier","Mango","Torii"],"acts_visited":["Exordium","TheCity","TheBeyond"],"potions_floor_usage":[44],"damage_taken":[{"damage":0,"enemies":"Cultist","floor":1,"turns":1},{"damage":0,"enemies":"Jaw Worm","floor":3,"turns":1},{"damage":0,"enemies":"Gremlin Nob","floor":7,"turns":1},{"damage":0,"enemies":"Small Slimes","floor":10,"turns":1},{"damage":0,"enemies":"3 Sentries","floor":11,"turns":2},{"damage":0,"enemies":"Blue Slaver","floor":13,"turns":1},{"damage":0,"enemies":"Gremlin Nob","floor":14,"turns":1},{"damage":0,"enemies":"The Guardian","floor":16,"turns":3},{"damage":0,"enemies":"Shell Parasite","floor":18,"turns":1},{"damage":0,"enemies":"Spheric Guardian","floor":19,"turns":1},{"damage":0,"enemies":"Book of Stabbing","floor":21,"turns":1},{"damage":0,"enemies":"Snake Plant","floor":22,"turns":1},{"damage":0,"enemies":"Slavers","floor":23,"turns":1},{"damage":0,"enemies":"Book of Stabbing","floor":27,"turns":1},{"damage":0,"enemies":"Gremlin Leader","floor":29,"turns":1},{"damage":0,"enemies":"Snecko","floor":30,"turns":1},{"damage":0,"enemies":"Centurion and Healer","floor":31,"turns":1},{"damage":0,"enemies":"Champ","floor":33,"turns":1},{"damage":0,"enemies":"Orb Walker","floor":35,"turns":1},{"damage":0,"enemies":"3 Shapes","floor":36,"turns":1},{"damage":0,"enemies":"2 Orb Walkers","floor":37,"turns":1},{"damage":0,"enemies":"Nemesis","floor":40,"turns":1},{"damage":0,"enemies":"Reptomancer","floor":42,"turns":1},{"damage":0,"enemies":"Jaw Worm Horde","floor":44,"turns":1},{"damage":0,"enemies":"4 Shapes","floor":45,"turns":1},{"damage":0,"enemies":"Nemesis","floor":48,"turns":1},{"damage":0,"enemies":"Awakened One","floor":50,"turns":2}],"seed_played":"8163715393008355288","potions_obtained":[{"floor":1,"key":"Fire Potion"},{"floor":3,"key":"Block Potion"},{"floor":27,"key":"Regen Potion"},{"floor":29,"key":"Swift Potion"},{"floor":44,"key":"Fruit Juice"},{"floor":48,"key":"Dexterity Potion"}],"is_trial":true,"path_per_floor":["M","T","M","?","?","R","E","R","T","M","E","$","M","E","R","B",null,"M","M","?","E","M","E","R","$","T","E","?","E","M","M","R","B",null,"M","M","?","$","?","E","R","E","T","M","M","R","T","E","R","B",null],"character_chosen":"IRONCLAD","items_purchased":["Fire Breathing+1","Armaments+1","StrikeDummy","Turnip","Self Forming Clay","Blue Candle","Double Tap+1","Body Slam+1","Discovery+1","Magnetism+1","Carnage+1","Havoc+1","Rupture+1","DollysMirror"],"campfire_rested":4,"item_purchase_floors":[12,12,25,25,38,38,38,38,38,38,38,38,38,38],"current_hp_per_floor":[78,84,83,82,57,57,59,59,65,67,71,71,73,77,77,76,75,74,73,72,71,70,69,68,67,66,65,64,63,62,61,60,65,64,63,62,61,60,59,58,57,56,56,56,56,56,56,56,56,56],"gold":891,"neow_bonus":"","is_daily":false,"chose_seed":false,"campfire_upgraded":0,"win_rate":0.0,"timestamp":1611717381,"path_taken":["M","?","M","?","?","R","E","R","T","M","E","$","M","E","R","BOSS","M","M","?","?","M","E","R","$","T","E","?","E","M","M","R","BOSS","M","M","?","$","?","E","R","E","T","M","M","R","?","E","R","BOSS"],"items_purchased_type":["Card","Card","Relic","Relic","Relic","Relic","Card","Card","Card","Card","Card","Card","Card","Relic"],"build_version":"2020-12-22","purchased_purges":0,"victory":true,"max_hp_per_floor":[79,84,83,82,81,80,79,78,83,82,81,80,79,78,77,76,75,74,73,72,71,70,69,68,67,66,65,64,63,62,61,60,65,64,63,62,61,60,59,58,57,56,61,70,69,68,73,86,85,90],"relic_stats":{"Mark of the Bloom":218,"Gremlin Horn":[12,13],"CeramicFish":225,"Whetstone":["Fiend Fire","Body Slam"],"Boot":[0],"Blood Vial":12,"Lizard Tail":0,"Centennial Puzzle":[0],"MealTicket":0,"HandDrill":[10],"Kunai":[4],"Happy Flower":[9],"counters":[27,31],"Dead Branch":[146],"Blue Candle":[1],"Charon\u0027s Ashes":[980],"Letter Opener":[90],"War Paint":["Shrug It Off","Defend_R"],"Question Card":19,"OrangePellets":[1],"Shuriken":[4],"Bird Faced Urn":[6],"Bronze Scales":[3],"Black Star":10,"obtain_stats":[{"Ice Cream":0,"Mark of the Bloom":39,"Calipers":37,"Gremlin Horn":0,"CeramicFish":23,"Whetstone":0,"Bottled Tornado":0,"Boot":27,"Old Coin":0,"Blood Vial":0,"Lizard Tail":0,"Centennial Puzzle":29,"DollysMirror":38,"MealTicket":43,"HandDrill":0,"Kunai":2,"Toxic Egg 2":0,"Girya":0,"Happy Flower":9,"Dead Branch":23,"Blue Candle":38,"Oddly Smooth Stone":0,"Charon\u0027s Ashes":0,"Letter Opener":21,"War Paint":0,"Question Card":14,"Du-Vu Doll":0,"OrangePellets":0,"Bottled Flame":0,"Shuriken":0,"Bird Faced Urn":0,"Bronze Scales":14,"Molten Egg 2":0,"Black Star":0,"StrikeDummy":25,"Unceasing Top":40,"Darkstone Periapt":0,"Lantern":0,"Regal Pillow":0,"Torii":48,"SacredBark":0,"Mango":48,"Bag of Preparation":0,"Incense Burner":0,"Juzu Bracelet":0,"Cursed Key":0,"Frozen Eye":0,"SsserpentHead":28,"Nunchaku":7,"Matryoshka":0,"Mummified Hand":0,"Gambling Chip":0,"Pantograph":0,"Tiny Chest":27,"Chemical X":0,"Cracked Core":0,"Red Skull":0,"InkBottle":42,"Runic Pyramid":34,"Potion Belt":26,"Inserter":0,"Self Forming Clay":38,"Thread and Needle":42,"PreservedInsect":0,"The Courier":47,"Omamori":9,"Frozen Egg 2":0,"Orichalcum":0,"MawBank":7,"White Beast Statue":11,"Calling Bell":0,"Peace Pipe":11,"CaptainsWheel":21,"Ornamental Fan":0,"Turnip":25,"Bag of Marbles":0,"Art of War":29,"Bottled Lightning":0,"Champion Belt":0,"PureWater":0,"FossilizedHelix":0,"Toy Ornithopter":2,"TungstenRod":40},{"Ice Cream":0,"Mark of the Bloom":21,"Calipers":21,"Gremlin Horn":0,"CeramicFish":13,"Whetstone":0,"Bottled Tornado":0,"Boot":14,"Old Coin":0,"Blood Vial":0,"Lizard Tail":0,"Centennial Puzzle":15,"DollysMirror":21,"MealTicket":23,"HandDrill":0,"Kunai":1,"Toxic Egg 2":0,"Girya":0,"Happy Flower":3,"Dead Branch":13,"Blue Candle":21,"Oddly Smooth Stone":0,"Charon\u0027s Ashes":0,"Letter Opener":11,"War Paint":0,"Question Card":7,"Du-Vu Doll":0,"OrangePellets":0,"Bottled Flame":0,"Shuriken":0,"Bird Faced Urn":0,"Bronze Scales":7,"Molten Egg 2":0,"Black Star":0,"StrikeDummy":13,"Unceasing Top":22,"Darkstone Periapt":0,"Lantern":0,"Regal Pillow":0,"Torii":26,"SacredBark":0,"Mango":26,"Bag of Preparation":0,"Incense Burner":0,"Juzu Bracelet":0,"Cursed Key":0,"Frozen Eye":0,"SsserpentHead":14,"Nunchaku":3,"Matryoshka":0,"Mummified Hand":0,"Gambling Chip":0,"Pantograph":0,"Tiny Chest":14,"Chemical X":0,"Cracked Core":0,"Red Skull":0,"InkBottle":23,"Runic Pyramid":18,"Potion Belt":13,"Inserter":0,"Self Forming Clay":21,"Thread and Needle":23,"PreservedInsect":0,"The Courier":25,"Omamori":3,"Frozen Egg 2":0,"Orichalcum":0,"MawBank":3,"White Beast Statue":5,"Calling Bell":0,"Peace Pipe":5,"CaptainsWheel":11,"Ornamental Fan":0,"Turnip":13,"Bag of Marbles":0,"Art of War":15,"Bottled Lightning":0,"Champion Belt":0,"PureWater":0,"FossilizedHelix":0,"Toy Ornithopter":1,"TungstenRod":22},{"Ice Cream":0,"Mark of the Bloom":24,"Calipers":24,"Gremlin Horn":0,"CeramicFish":16,"Whetstone":0,"Bottled Tornado":0,"Boot":17,"Old Coin":0,"Blood Vial":0,"Lizard Tail":0,"Centennial Puzzle":18,"DollysMirror":24,"MealTicket":26,"HandDrill":0,"Kunai":1,"Toxic Egg 2":0,"Girya":0,"Happy Flower":3,"Dead Branch":16,"Blue Candle":24,"Oddly Smooth Stone":0,"Charon\u0027s Ashes":0,"Letter Opener":14,"War Paint":0,"Question Card":8,"Du-Vu Doll":0,"OrangePellets":0,"Bottled Flame":0,"Shuriken":0,"Bird Faced Urn":0,"Bronze Scales":8,"Molten Egg 2":0,"Black Star":0,"StrikeDummy":16,"Unceasing Top":25,"Darkstone Periapt":0,"Lantern":0,"Regal Pillow":0,"Torii":29,"SacredBark":0,"Mango":29,"Bag of Preparation":0,"Incense Burner":0,"Juzu Bracelet":0,"Cursed Key":0,"Frozen Eye":0,"SsserpentHead":17,"Nunchaku":3,"Matryoshka":0,"Mummified Hand":0,"Gambling Chip":0,"Pantograph":0,"Tiny Chest":17,"Chemical X":0,"Cracked Core":0,"Red Skull":0,"InkBottle":26,"Runic Pyramid":21,"Potion Belt":16,"Inserter":0,"Self Forming Clay":24,"Thread and Needle":26,"PreservedInsect":0,"The Courier":28,"Omamori":3,"Frozen Egg 2":0,"Orichalcum":0,"MawBank":3,"White Beast Statue":6,"Calling Bell":0,"Peace Pipe":6,"CaptainsWheel":14,"Ornamental Fan":0,"Turnip":16,"Bag of Marbles":0,"Art of War":18,"Bottled Lightning":0,"Champion Belt":0,"PureWater":0,"FossilizedHelix":0,"Toy Ornithopter":1,"TungstenRod":25}],"Unceasing Top":[0],"Darkstone Periapt":42,"Regal Pillow":5,"Torii":0,"Bag of Preparation":[48],"Juzu Bracelet":1,"Cursed Key":5,"SsserpentHead":150,"Nunchaku":[4],"Mummified Hand":[80],"Gambling Chip":[0],"Pantograph":0,"Tiny Chest":1,"Chemical X":[0],"InkBottle":[4],"Inserter":[15],"Self Forming Clay":[0],"PreservedInsect":407,"Orichalcum":[6],"MawBank":60,"Peace Pipe":2,"Ornamental Fan":[16],"Turnip":[0],"Art of War":[0],"Champion Belt":[48],"Toy Ornithopter":0,"TungstenRod":1},"card_choices":[{"not_picked":["Combust+1"],"picked":"Feel No Pain+1","floor":1},{"not_picked":["Perfected Strike+1"],"picked":"Disarm+1","floor":3},{"not_picked":["Offering+1"],"picked":"Reaper+1","floor":7},{"not_picked":["Heavy Blade+1"],"picked":"Clothesline+1","floor":10},{"not_picked":["Impervious+1"],"picked":"Corruption+1","floor":11},{"not_picked":["Seeing Red+1"],"picked":"Armaments+1","floor":13},{"not_picked":["Limit Break+1"],"picked":"Juggernaut+1","floor":14},{"not_picked":["Barricade+1","Juggernaut+1"],"picked":"Double Tap+1","floor":16},{"not_picked":["Armaments+1","Warcry+1"],"picked":"Metallicize+1","floor":18},{"not_picked":["Entrench+1","Body Slam+1"],"picked":"Pommel Strike+1","floor":19},{"not_picked":["Juggernaut+1","Feed+1"],"picked":"Corruption+1","floor":21},{"not_picked":["Hemokinesis+1","Rage+1"],"picked":"Sever Soul+1","floor":22},{"not_picked":["Feed+1","Bludgeon+1"],"picked":"Fiend Fire+1","floor":23},{"not_picked":["Demon Form+1","Reaper+1"],"picked":"Limit Break+1","floor":27},{"not_picked":["Juggernaut+1","Demon Form+1"],"picked":"Fiend Fire+1","floor":29},{"not_picked":["Shockwave+1","Uppercut+1"],"picked":"Armaments+1","floor":30},{"not_picked":["Flex+1","Perfected Strike+1"],"picked":"Uppercut+1","floor":31},{"not_picked":["Juggernaut+1","Exhume+1"],"picked":"Double Tap+1","floor":33},{"not_picked":["Flame Barrier+1","Clothesline+1"],"picked":"Uppercut+1","floor":35},{"not_picked":["Sever Soul+1","Dual Wield+1"],"picked":"Headbutt+1","floor":36},{"not_picked":["Whirlwind+1","Combust+1"],"picked":"Armaments+1","floor":37},{"not_picked":["Exhume+1","Fiend Fire+1"],"picked":"Barricade+1","floor":40},{"not_picked":["Feed+1","Limit Break+1"],"picked":"Impervious+1","floor":42},{"not_picked":["Warcry+1","Metallicize+1","Carnage+1"],"picked":"SKIP","floor":44},{"not_picked":["Carnage+1","Iron Wave+1"],"picked":"Clothesline+1","floor":45},{"not_picked":["Berserk+1","Barricade+1"],"picked":"Double Tap+1","floor":48}],"player_experience":11,"relics_obtained":[{"floor":0,"key":"Regal Pillow"},{"floor":0,"key":"Pantograph"},{"floor":0,"key":"Girya"},{"floor":2,"key":"Kunai"},{"floor":2,"key":"Toy Ornithopter"},{"floor":7,"key":"Nunchaku"},{"floor":7,"key":"MawBank"},{"floor":9,"key":"Happy Flower"},{"floor":9,"key":"Omamori"},{"floor":11,"key":"Peace Pipe"},{"floor":11,"key":"White Beast Statue"},{"floor":14,"key":"Bronze Scales"},{"floor":14,"key":"Question Card"},{"floor":21,"key":"Letter Opener"},{"floor":21,"key":"CaptainsWheel"},{"floor":23,"key":"CeramicFish"},{"floor":23,"key":"Dead Branch"},{"floor":26,"key":"Potion Belt"},{"floor":27,"key":"Tiny Chest"},{"floor":27,"key":"Boot"},{"floor":29,"key":"Art of War"},{"floor":29,"key":"Centennial Puzzle"},{"floor":37,"key":"Calipers"},{"floor":40,"key":"TungstenRod"},{"floor":40,"key":"Unceasing Top"},{"floor":42,"key":"Thread and Needle"},{"floor":42,"key":"InkBottle"},{"floor":43,"key":"MealTicket"},{"floor":47,"key":"The Courier"},{"floor":48,"key":"Mango"},{"floor":48,"key":"Torii"}],"event_choices":[{"damage_healed":0,"gold_gain":0,"player_choice":"Leave","damage_taken":0,"max_hp_gain":0,"max_hp_loss":0,"event_name":"The Cleric","floor":4,"gold_loss":0},{"damage_healed":0,"gold_gain":0,"player_choice":"Entered Light","damage_taken":25,"max_hp_gain":0,"max_hp_loss":0,"event_name":"Shining Light","floor":5,"gold_loss":0,"cards_upgraded":["Sentinel","Offering"]},{"damage_healed":0,"gold_gain":0,"player_choice":"Copied","damage_taken":0,"max_hp_gain":0,"max_hp_loss":0,"event_name":"Duplicator","floor":20,"gold_loss":0,"cards_obtained":["DevaForm"]},{"damage_healed":0,"gold_gain":0,"player_choice":"Trade","damage_taken":0,"relics_obtained":["SsserpentHead"],"max_hp_gain":0,"max_hp_loss":0,"event_name":"FaceTrader","floor":28,"gold_loss":0},{"damage_healed":0,"gold_gain":0,"player_choice":"Fight","damage_taken":0,"max_hp_gain":0,"max_hp_loss":0,"event_name":"Mysterious Sphere","floor":37,"gold_loss":0},{"damage_healed":0,"gold_gain":0,"player_choice":"Upgrade","damage_taken":0,"relics_obtained":["Mark of the Bloom"],"max_hp_gain":0,"max_hp_loss":0,"event_name":"MindBloom","floor":39,"gold_loss":0,"cards_upgraded":["Apotheosis","DevaForm","Fasting2","TalkToTheHand","Choke","Burst","After Image","After Image","After Image","After Image","After Image","Inflame","Inflame","Seeing Red","Seeing Red","Seeing Red","Seeing Red","Seeing Red","Seeing Red","Body Slam","Body Slam","Body Slam","Exhume","Exhume","Flame Barrier","Flame Barrier","Flame Barrier","Offering","Offering","Offering","Offering","Limit Break","Limit Break","Limit Break","Limit Break","Entrench","Entrench","Entrench","Entrench","Entrench","Entrench","Power Through","Power Through","Power Through","Power Through","Power Through","Sentinel","Sentinel","Sentinel","Sentinel","Battle Trance","Intimidate","Ghostly Armor","Ghostly Armor","Ghostly Armor","Ghostly Armor","Ghostly Armor","Ghostly Armor","Ghostly Armor","True Grit","True Grit","True Grit","True Grit","True Grit","True Grit","Shrug It Off","Shrug It Off","Havoc","Havoc","Havoc","Havoc","Havoc","Havoc","Shrug It Off","Shrug It Off","Shrug It Off","Shrug It Off","Shrug It Off","Defend_R","Defend_R","Defend_R","Fiend Fire","Fiend Fire","Fiend Fire","Fiend Fire","Reckless Charge","Reckless Charge","Reckless Charge","Reckless Charge","Reckless Charge","Reckless Charge","Reckless Charge","Reckless Charge","Reckless Charge","Reckless Charge","Barricade","Corruption","Juggernaut","Metallicize","Dark Embrace","Feel No Pain","Feel No Pain","Impervious","Fire Breathing","Evolve","Amplify","Echo Form"]}],"is_beta":false,"boss_relics":[{"not_picked":[]},{"not_picked":["Empty Cage","Astrolabe"],"picked":"Runic Pyramid"}],"items_purged_floors":[],"is_endless":false,"potions_floor_spawned":[1,3,7,13,14,16,18,19,21,22,23,27,29,30,31,33,35,36,37,40,42,44,45,48],"ascension_level":20}}