{"host":"jumrmhf584hajrnz","time":1611770999,"event":{"mods":["BaseMod","Duelist Mod","GifTheSpireLib","Minty Spire (QoL Compilation)","Quick Restart","StSLib"],"gold_per_floor":[137,156,156,156,68,95,20,46,46,46,73,85,85,103,103,180,180,196,249,262,262,278,278,303,303,330,343,343,355,355,69,69,69,69],"floor_reached":33,"language":"ENG","playtime":1463,"items_purged":["theDuelist:VampireCurse","theDuelist:CurseDarkness"],"score":641,"play_id":"001adc6a-5c8c-4547-9d39-2deeec74c161","local_time":"20210127190959","is_ascension_mode":true,"campfire_choices":[{"floor":10,"key":"REST"},{"floor":13,"key":"RECALL"},{"floor":15,"key":"REST"},{"floor":23,"key":"REST"},{"floor":25,"key":"REST"},{"floor":32,"key":"REST"}],"circlet_count":0,"master_deck":["theDuelist:BigFire","AscendersBane","theDuelist:BeaverWarrior","theDuelist:BeaverWarrior","theDuelist:CastleWalls","theDuelist:GiantSoldier","theDuelist:GiantSoldier","theDuelist:ScrapFactory","theDuelist:Sparks","theDuelist:Sparks","theDuelist:GravityAxe","theDuelist:BerserkerCrush","theDuelist:CrystalRaigeki","theDuelist:Eva","theDuelist:InfernoFireBlast","theDuelist:BigFire","theDuelist:HappyLover","theDuelist:MeteorDestruction","theDuelist:WormApocalypse","theDuelist:CrystalRaigeki","theDuelist:KamionTimelord","theDuelist:ImperialOrder+1","theDuelist:Electrowhip+1","theDuelist:ScrapFactory+1","theDuelist:MiraculousDescent","theDuelist:SpellShatteringArrow","Writhe","theDuelist:MythicalBeast","theDuelist:BigFire","theDuelist:ScrapFactory","theDuelist:Sparks","theDuelist:Sparks","theDuelist:GravityAxe","theDuelist:BerserkerCrush","theDuelist:InfernoFireBlast","theDuelist:BigFire","theDuelist:MeteorDestruction","theDuelist:Electrowhip+1","theDuelist:ScrapFactory+1","theDuelist:SpellShatteringArrow","Clumsy","theDuelist:Hinotama"],"relics":["theDuelist:MillenniumPuzzle","theDuelist:CardPoolRelic","theDuelist:CardPoolBasicRelic","theDuelist:BoosterPackPoolRelic","theDuelist:CardPoolAddRelic","theDuelist:CardPoolMinusRelic","theDuelist:CardPoolSaveRelic","theDuelist:CardPoolOptionsRelic","theDuelist:MillenniumScale","Shuriken","Meat on the Bone","theDuelist:MetronomeRelicB","Fusion Hammer","Pen Nib","Lantern","Bronze Scales","Strawberry","Membership Card"],"acts_visited":["Exordium","TheCity"],"potions_floor_usage":[27],"damage_taken":[{"damage":0,"enemies":"Cultist","floor":1,"turns":3},{"damage":0,"enemies":"2 Louse","floor":2,"turns":2},{"damage":14,"enemies":"Lagavulin","floor":6,"turns":7},{"damage":12,"enemies":"3 Sentries","floor":8,"turns":4},{"damage":42,"enemies":"Gremlin Nob","floor":11,"turns":5},{"damage":0,"enemies":"Small Slimes","floor":12,"turns":2},{"damage":0,"enemies":"3 Louse","floor":14,"turns":2},{"damage":42,"enemies":"Slime Boss","floor":16,"turns":8},{"damage":9,"enemies":"Shell Parasite","floor":18,"turns":5},{"damage":19,"enemies":"2 Thieves","floor":20,"turns":3},{"damage":0,"enemies":"Cultist and Chosen","floor":22,"turns":3},{"damage":21,"enemies":"Book of Stabbing","floor":24,"turns":4},{"damage":8,"enemies":"Centurion and Healer","floor":27,"turns":3},{"damage":2,"enemies":"Snake Plant","floor":29,"turns":4},{"damage":100,"enemies":"Collector","floor":33,"turns":6}],"seed_played":"-5108457881402540704","potions_obtained":[{"floor":1,"key":"theDuelist:ReducerPotion"},{"floor":6,"key":"theDuelist:DebuffFuryPotion"},{"floor":8,"key":"theDuelist:BurningPotionB"},{"floor":16,"key":"theDuelist:BottledKuriboh"},{"floor":24,"key":"Energy Potion"},{"floor":27,"key":"SteroidPotion"}],"is_trial":false,"path_per_floor":["M","M","?","?","$","E","$","E","T","R","E","M","R","M","R","B",null,"M","T","M","?","M","R","E","R","T","M","?","M","?","$","R","B"],"character_chosen":"THE_DUELIST","items_purchased":["theDuelist:Eva","theDuelist:InfernoFireBlast","Membership Card","theDuelist:Hinotama"],"campfire_rested":5,"item_purchase_floors":[5,5,31,31],"current_hp_per_floor":[63,63,63,63,63,49,49,37,37,58,28,40,40,40,61,31,60,51,51,44,44,44,65,44,65,65,57,64,62,62,62,77,0,0],"gold":69,"neow_bonus":"TRANSFORM_CARD","is_daily":false,"chose_seed":false,"campfire_upgraded":0,"win_rate":0.0,"timestamp":1611770999,"path_taken":["M","?","?","?","$","E","$","E","T","R","E","M","R","M","R","BOSS","M","?","M","?","M","R","E","R","T","M","?","?","?","?","R","BOSS"],"items_purchased_type":["Card","Card","Relic","Card"],"build_version":"2020-12-22","purchased_purges":2,"victory":false,"max_hp_per_floor":[70,70,70,70,70,70,70,70,70,70,70,70,70,70,70,70,70,70,70,70,70,70,70,70,70,70,70,77,77,77,77,77,77,77],"card_choices":[{"not_picked":["theDuelist:SpiritHarp","theDuelist:SolarWindJammer","theDuelist:Sangan","theDuelist:MiraculousDescent"],"picked":"theDuelist:BerserkerCrush","floor":1},{"not_picked":["theDuelist:PsychicShockwave","theDuelist:Reinforcements","theDuelist:MiraculousDescent","theDuelist:PineappleBlast"],"picked":"theDuelist:CrystalRaigeki","floor":2},{"not_picked":["theDuelist:Hinotama","theDuelist:VenomShot","theDuelist:SangaEarth","theDuelist:CoreBlaster"],"picked":"theDuelist:BigFire","floor":6},{"not_picked":["theDuelist:RainbowNeos","theDuelist:GreyGreedOni","theDuelist:RainbowKuriboh","theDuelist:RedHeadedOni"],"picked":"theDuelist:HappyLover","floor":8},{"not_picked":["theDuelist:CombinationAttack","theDuelist:PowerKaishin","theDuelist:DarkBurningAttack","theDuelist:FluteKuriboh"],"picked":"theDuelist:MeteorDestruction","floor":11},{"not_picked":["theDuelist:CoreBlaster","theDuelist:Downbeat","theDuelist:SpellShatteringArrow","theDuelist:SolarWindJammer"],"picked":"theDuelist:WormApocalypse","floor":12},{"not_picked":["theDuelist:Sangan","theDuelist:LegendarySword"],"picked":"theDuelist:CrystalRaigeki","floor":14},{"not_picked":["theDuelist:RainbowNeos","theDuelist:HappyLover","theDuelist:Eva","theDuelist:RainbowKuriboh"],"picked":"theDuelist:KamionTimelord","floor":16},{"not_picked":["theDuelist:WhiteHowling","theDuelist:GravityAxe","theDuelist:ElectromagneticShield","theDuelist:GridRod"],"picked":"theDuelist:ImperialOrder+1","floor":18},{"not_picked":["theDuelist:WhiteHowling","theDuelist:GravityAxe","theDuelist:ElectromagneticShield"],"picked":"theDuelist:Electrowhip+1","floor":20},{"not_picked":["theDuelist:VenomShot","theDuelist:MeteorDestruction","theDuelist:MagicalStone","theDuelist:FusionWeapon"],"picked":"theDuelist:ScrapFactory+1","floor":22},{"not_picked":["theDuelist:WhiteHowling","theDuelist:ImperialOrder+1","theDuelist:ElectromagneticShield"],"picked":"theDuelist:MiraculousDescent","floor":24},{"not_picked":["theDuelist:ScrapFactory","theDuelist:Eva","theDuelist:PowerWall","theDuelist:CrossAttack"],"picked":"theDuelist:SpellShatteringArrow","floor":27},{"not_picked":["theDuelist:WhiteMagicalHat","theDuelist:SangaEarth","theDuelist:FrontierWiseman","theDuelist:HappyLover"],"picked":"theDuelist:MythicalBeast","floor":29}],"player_experience":1605842,"relics_obtained":[{"floor":6,"key":"Shuriken"},{"floor":8,"key":"Meat on the Bone"},{"floor":11,"key":"theDuelist:MetronomeRelicB"},{"floor":19,"key":"Pen Nib"},{"floor":24,"key":"Lantern"},{"floor":26,"key":"Bronze Scales"}],"event_choices":[{"damage_healed":0,"gold_gain":0,"player_choice":"Traded Final Flame for Tremendous Fire","duelist":true,"damage_taken":0,"max_hp_gain":0,"max_hp_loss":0,"event_name":"Card Trader","floor":3,"gold_loss":0},{"damage_healed":0,"gold_gain":0,"player_choice":"Took item - Received: Millennium Scale","duelist":true,"damage_taken":0,"max_hp_gain":0,"max_hp_loss":0,"event_name":"Millennium Items","floor":4,"gold_loss":0},{"damage_healed":0,"gold_gain":0,"player_choice":"Ignored","damage_taken":0,"max_hp_gain":0,"max_hp_loss":0,"event_name":"Vampires","floor":21,"gold_loss":0},{"damage_healed":0,"gold_gain":0,"player_choice":"Opened","damage_taken":0,"relics_obtained":["Strawberry"],"max_hp_gain":0,"max_hp_loss":0,"event_name":"The Mausoleum","floor":28,"gold_loss":0,"cards_obtained":["Writhe"]},{"damage_healed":0,"gold_gain":0,"player_choice":"Intellect - dupe all spells","duelist":true,"damage_taken":0,"max_hp_gain":0,"max_hp_loss":0,"event_name":"Aknamkanon\u0027s Tomb","floor":30,"gold_loss":0}],"is_beta":false,"boss_relics":[{"not_picked":["Pandora\u0027s Box","Coffee Dripper"],"picked":"Fusion Hammer"}],"items_purged_floors":[7,31],"is_endless":false,"potions_floor_spawned":[1,6,8,16,24,27],"killed_by":"Collector","ascension_level":20}}