{"host":"61r95uy0hn86b9iu","time":1611783985,"event":{"mods":["AchievementEnabler","BaseMod","Better Vampires","BetterRewards","Colored Powertips","Hubris","Minty Spire (QoL Compilation)","Shop Mod","StSLib"],"gold_per_floor":[119,38,38,38,38,38,74,74,98,12,45,45,80,96,96,191,191,207,6,26,26,26],"floor_reached":21,"language":"ENG","playtime":439,"items_purged":[],"score":604,"play_id":"31c4acf9-8738-482f-887e-7eb003cbb5e6","local_time":"20210127154625","is_ascension_mode":true,"campfire_choices":[{"data":"Sunder","floor":6,"key":"SMITH"},{"floor":15,"key":"REST"}],"circlet_count":0,"master_deck":["AscendersBane","Strike_B","Strike_B","Strike_B","Strike_B","Defend_B","Defend_B","Defend_B","Defend_B","Zap","Dualcast","Sunder+1","Melter","Defragment","Consume","Static Discharge","Echo Form","CurseOfTheBell","Defragment","Conserve Battery","Coolheaded"],"relics":["Cracked Core","PreservedInsect","Chemical X","Juzu Bracelet","MerchantsRug","Golden Idol","hubris:DeckOfHolding","hubris:SoftwareUpdate","Blood Vial","Nunchaku","Ginger","Art of War","Eternal Feather","Shovel","Membership Card"],"acts_visited":["Exordium","TheCity"],"potions_floor_usage":[13,21],"damage_taken":[{"damage":0,"enemies":"Small Slimes","floor":1,"turns":2},{"damage":30,"enemies":"Lagavulin","floor":7,"turns":4},{"damage":14,"enemies":"Gremlin Nob","floor":11,"turns":3},{"damage":0,"enemies":"3 Sentries","floor":13,"turns":3},{"damage":7,"enemies":"Jaw Worm","floor":14,"turns":3},{"damage":28,"enemies":"Hexaghost","floor":16,"turns":9},{"damage":32,"enemies":"Shell Parasite","floor":18,"turns":4},{"damage":27,"enemies":"Spheric Guardian","floor":20,"turns":4},{"damage":7,"enemies":"3 Cultists","floor":21,"turns":2}],"seed_played":"-911026388793061265","potions_obtained":[{"floor":7,"key":"Ancient Potion"},{"floor":11,"key":"Explosive Potion"},{"floor":16,"key":"PowerPotion"}],"is_trial":false,"path_per_floor":["M","$","?","?","?","R","E","T","T","$","E","$","E","M","R","B",null,"M","$","M","M"],"character_chosen":"DEFECT","items_purchased":["PreservedInsect","Chemical X","Juzu Bracelet","MerchantsRug","Sunder","Defragment","Membership Card","Defragment","Conserve Battery"],"campfire_rested":1,"item_purchase_floors":[0,0,0,0,2,10,19,19,19],"current_hp_per_floor":[50,50,50,50,55,55,25,25,25,25,13,13,15,10,32,6,59,29,29,4,0,0],"gold":26,"neow_bonus":"","is_daily":false,"chose_seed":false,"campfire_upgraded":1,"win_rate":0.0,"timestamp":1611783985,"path_taken":["M","$","?","?","?","R","E","?","T","?","E","$","E","M","R","BOSS","M","$","M","M"],"items_purchased_type":["Relic","Relic","Relic","Relic","Card","Card","Relic","Card","Card"],"build_version":"2020-12-22","purchased_purges":0,"victory":false,"max_hp_per_floor":[71,71,71,71,76,76,76,76,76,76,76,76,76,76,76,76,76,76,76,76,76,76],"card_choices":[{"not_picked":["Rebound","Genetic Algorithm","Hologram"],"picked":"SKIP","floor":1},{"not_picked":["Turbo","Gash"],"picked":"Melter","floor":7},{"not_picked":["Compile Driver","Beam Cell","Cold Snap"],"picked":"SKIP","floor":11},{"not_picked":["Genetic Algorithm","White Noise"],"picked":"Consume","floor":13},{"not_picked":["Streamline","Stack"],"picked":"Static Discharge","floor":14},{"not_picked":["Seek","Core Surge"],"picked":"Echo Form","floor":16},{"not_picked":["Gash","Barrage","Skim"],"picked":"SKIP","floor":18},{"not_picked":["Steam Power","Ball Lightning+1"],"picked":"Coolheaded","floor":20}],"player_experience":3323072,"relics_obtained":[{"floor":7,"key":"hubris:DeckOfHolding"},{"floor":8,"key":"hubris:SoftwareUpdate"},{"floor":9,"key":"Blood Vial"},{"floor":11,"key":"Nunchaku"},{"floor":13,"key":"Ginger"},{"floor":17,"key":"Art of War"},{"floor":17,"key":"Eternal Feather"},{"floor":17,"key":"Shovel"}],"event_choices":[{"damage_healed":0,"gold_gain":0,"player_choice":"Take Wound","damage_taken":0,"relics_obtained":["Golden Idol"],"max_hp_gain":0,"max_hp_loss":0,"event_name":"Golden Idol","floor":3,"gold_loss":0,"cards_obtained":["Injury"]},{"cards_removed":["Injury"],"damage_healed":0,"gold_gain":0,"player_choice":"Forget","damage_taken":0,"max_hp_gain":0,"max_hp_loss":0,"event_name":"Living Wall","floor":4,"gold_loss":0},{"damage_healed":0,"gold_gain":0,"player_choice":"Donut","damage_taken":0,"max_hp_gain":5,"max_hp_loss":0,"event_name":"Big Fish","floor":5,"gold_loss":0}],"is_beta":false,"boss_relics":[{"not_picked":["hubris:BlackHole","hubris:GrandSneckoEye"],"picked":"Calling Bell"}],"items_purged_floors":[],"is_endless":false,"potions_floor_spawned":[7,11,16],"killed_by":"3 Cultists","ascension_level":18}}