{"host":"w4itzgfiflucot85","time":1611725158,"event":{"mods":["2.2 Compatiblity","BaseMod","Bestiary","Better Note","BetterRewards","Colored Map","Conspire","Highlight Path","Infinite Spire","Minty Spire (QoL Compilation)","Permanent Neow","Replay The Spire","StSLib","The Bug Knight","The Dragon Tamer","The Jungle"],"gold_per_floor":[114,149,161,161,161,191,204,204,252,281,297,313,345,345,345,449,449,449,449,449,374,299,299,299,299,299,299,299,299,299,48,48,48,48,48,48,48,48,48,48,48,48,48,48,48,48,48,48,48,48,48,28,28],"floor_reached":52,"language":"ENG","playtime":2764,"items_purged":["Strike_B","Defend_B"],"score":1470,"play_id":"81a34a5d-5dc0-4b5e-8fa5-9e81e9d74e75","local_time":"20210127002558","is_ascension_mode":true,"campfire_choices":[{"data":"Hologram","floor":8,"key":"SMITH"},{"data":"Biased Cognition","floor":15,"key":"SMITH"},{"data":"Coolheaded","floor":23,"key":"SMITH"},{"data":"Echo Form","floor":32,"key":"SMITH"},{"data":"Coolheaded","floor":49,"key":"SMITH"}],"circlet_count":0,"master_deck":["Defend_B","Defend_B","Defend_B","Zap","Dualcast","Hologram","Lockon","Static Discharge","Hologram+1","Electrodynamics","Ball Lightning","Coolheaded+1","Glacier","Coolheaded+1","Biased Cognition+1","Echo Form+1","Ghostly","Ghostly","Ghostly","Ghostly","Ghostly","Glacier+1","Defragment+1","Biased Cognition","conspire:SharedLibrary","ReplayTheSpireMod:System Scan","Defend_B","Defend_B","Defend_B","Zap","Dualcast","Hologram","Lockon","Static Discharge","Hologram+1","Electrodynamics","Ball Lightning","Coolheaded+1","Glacier","Coolheaded","Biased Cognition+1","Echo Form+1","Ghostly","Ghostly","Ghostly","Ghostly","Ghostly","Glacier+1","Defragment+1","Biased Cognition","conspire:SharedLibrary","ReplayTheSpireMod:System Scan","Parasite","Skim","Ball Lightning","infinitespire:UltimateForm"],"relics":["conspire:SpecialSausage","Lizard Tail","Bag of Preparation","Blood Vial","Snack Pack","conspire:GiftBox","Ectoplasm","Prayer Wheel","Replay:Multitool","conspire:BottledYoYo","OrangePellets","Runic Dome","CeramicFish","Eternal Feather","infinitespire:SolderingIron","Mirror","Busted Crown"],"acts_visited":["Exordium","TheCity","TheBeyond","Exordium"],"potions_floor_usage":[6],"damage_taken":[{"damage":1,"enemies":"Jaw Worm","floor":1,"turns":4},{"damage":6,"enemies":"2 Louse","floor":3,"turns":3},{"damage":20,"enemies":"Lagavulin","floor":6,"turns":6},{"damage":0,"enemies":"Small Slimes","floor":7,"turns":2},{"damage":18,"enemies":"Gremlin Nob","floor":10,"turns":3},{"damage":2,"enemies":"Gremlin Gang","floor":11,"turns":5},{"damage":1,"enemies":"2 Fungi Beasts","floor":12,"turns":2},{"damage":5,"enemies":"Lagavulin","floor":13,"turns":6},{"damage":0,"enemies":"Hexaghost","floor":16,"turns":7},{"damage":0,"enemies":"Shell Parasite","floor":18,"turns":9},{"damage":0,"enemies":"conspire:Head Lice","floor":24,"turns":6},{"damage":0,"enemies":"Chosen","floor":25,"turns":5},{"damage":1,"enemies":"Snecko","floor":27,"turns":5},{"damage":0,"enemies":"conspire:HollyBat","floor":28,"turns":8},{"damage":0,"enemies":"Gremlin Leader","floor":29,"turns":6},{"damage":0,"enemies":"Champ","floor":33,"turns":8},{"damage":0,"enemies":"3 Shapes","floor":35,"turns":4},{"damage":0,"enemies":"3 Darklings","floor":37,"turns":3},{"damage":0,"enemies":"Maw","floor":38,"turns":5},{"damage":0,"enemies":"4 Shapes","floor":39,"turns":4},{"damage":0,"enemies":"Nemesis","floor":40,"turns":9},{"damage":18,"enemies":"Nightmare","floor":42,"turns":8},{"damage":0,"enemies":"Giant Head","floor":44,"turns":11},{"damage":0,"enemies":"3 Darklings","floor":46,"turns":3},{"damage":0,"enemies":"Writhing Mass","floor":47,"turns":5},{"damage":2,"enemies":"Sphere and 2 Shapes","floor":48,"turns":6},{"damage":0,"enemies":"LordOfAnnihilation","floor":50,"turns":16},{"damage":0,"enemies":"Cultist","floor":52,"turns":4}],"seed_played":"-4184248046887250724","potions_obtained":[{"floor":3,"key":"FocusPotion"},{"floor":7,"key":"Venom Potion"},{"floor":10,"key":"Block Potion"},{"floor":11,"key":"Block Potion"},{"floor":12,"key":"infinitespire:BlackPotion"}],"is_trial":false,"path_per_floor":["M","?","M","?","?","E","M","R","T","E","M","M","E","?","R","B",null,"M","?","?","?","$","R","E","M","T","M","M","E","?","$","R","B",null,"M","?","M","M","M","E","?","NM","T","E","?","M","M","M","R","B",null,"M"],"character_chosen":"DEFECT","items_purchased":["OrangePellets"],"campfire_rested":0,"item_purchase_floors":[31],"current_hp_per_floor":[74,56,50,50,50,30,30,30,30,14,14,15,12,12,12,18,75,75,75,37,37,37,37,37,37,37,36,37,37,37,37,37,37,37,37,37,37,37,37,37,37,19,19,27,27,29,31,31,37,37,37,37,37],"gold":28,"neow_bonus":"BOSS_RELIC","is_daily":false,"chose_seed":false,"campfire_upgraded":5,"win_rate":0.0,"timestamp":1611725158,"path_taken":["M","?","M","?","?","E","?","R","T","E","M","M","E","?","R","BOSS","M","?","?","?","$","R","E","M","T","M","M","E","?","$","R","BOSS","M","?","M","M","?","E","?","NM","T","E","?","M","M","?","R","BOSS","M"],"items_purchased_type":["Relic"],"build_version":"2020-12-22","purchased_purges":2,"victory":false,"max_hp_per_floor":[75,75,75,75,75,75,75,75,75,75,75,75,75,75,75,75,75,75,75,37,37,37,37,37,37,37,37,37,37,37,37,37,37,37,37,37,37,37,37,37,37,37,37,37,37,37,37,37,37,37,37,37,37],"card_choices":[{"not_picked":["Double Energy","Go for the Eyes"],"picked":"Hologram","floor":1},{"not_picked":["Reprogram","Chill"],"picked":"Lockon","floor":2},{"not_picked":["Leap","Compile Driver"],"picked":"Static Discharge","floor":3},{"not_picked":["Static Discharge","Rebound"],"picked":"Electrodynamics","floor":6},{"not_picked":["Steam","Sweeping Beam"],"picked":"Ball Lightning","floor":7},{"not_picked":["Panic Button","Beam Cell"],"picked":"Coolheaded","floor":10},{"not_picked":["Steam","ReplayTheSpireMod:Reroute Power"],"picked":"Glacier","floor":11},{"not_picked":["Steam Power","Storm"],"picked":"Coolheaded","floor":12},{"not_picked":["Meteor Strike","Echo Form"],"picked":"Biased Cognition","floor":13},{"not_picked":["Steam","FTL"],"picked":"Echo Form","floor":13},{"not_picked":["Amplify","Machine Learning"],"picked":"ReplayTheSpireMod:Fabricate Wheel","floor":16},{"not_picked":["Genetic Algorithm","ReplayGash+1","Gash"],"picked":"SKIP","floor":18},{"not_picked":["White Noise","Gash+1","Go for the Eyes+1"],"picked":"SKIP","floor":18},{"not_picked":["Hyperbeam","Coolheaded","Aggregate"],"picked":"SKIP","floor":24},{"not_picked":["Hologram","Coolheaded"],"picked":"Glacier+1","floor":25},{"not_picked":["Conserve Battery","Leap","Skim"],"picked":"SKIP","floor":25},{"not_picked":["BasicCrystalCard+1","Coolheaded+1","Melter"],"picked":"SKIP","floor":27},{"not_picked":["Redo","Gash","Compile Driver"],"picked":"SKIP","floor":27},{"not_picked":["Stack","Steam","Recycle"],"picked":"SKIP","floor":28},{"not_picked":["conspire:Rain","Scrape+1","Turbo"],"picked":"SKIP","floor":28},{"not_picked":["ReplayTheSpireMod:Repulse","ReplayTheSpireMod:GoodbyeWorld"],"picked":"Defragment+1","floor":29},{"not_picked":["Amplify","Hyperbeam"],"picked":"Biased Cognition","floor":33},{"not_picked":["Go for the Eyes+1","Reinforced Body+1"],"picked":"conspire:SharedLibrary","floor":35},{"not_picked":["Ball Lightning+1","Hologram+1","Gash+1"],"picked":"SKIP","floor":35},{"not_picked":["Recycle+1","Reprogram","Coolheaded+1"],"picked":"SKIP","floor":37},{"not_picked":["Go for the Eyes","Beam Cell","Amplify"],"picked":"SKIP","floor":37},{"not_picked":["Turbo+1","Sunder+1","Time Bomb"],"picked":"SKIP","floor":38},{"not_picked":["Coolheaded+1","ReplayTheSpireMod:Reroute Power+1","Aggregate"],"picked":"SKIP","floor":38},{"not_picked":["ReplayTheSpireMod:Repulse+1","Panic Button"],"picked":"ReplayTheSpireMod:System Scan","floor":39},{"not_picked":["Auto Shields+1","ReplayTheSpireMod:Repulse","BootSequence"],"picked":"SKIP","floor":39},{"not_picked":["Hologram+1","Stack","Sweeping Beam+1"],"picked":"SKIP","floor":40},{"not_picked":["ReplaySolidLightProjector","Rebound","Recycle+1"],"picked":"SKIP","floor":42},{"not_picked":["ReplaySolidLightProjector+1","Fusion","BasicCrystalCard+1"],"picked":"SKIP","floor":44},{"not_picked":["Barrage+1","Static Discharge"],"picked":"Rip and Tear","floor":46},{"not_picked":["Scrape","Doom and Gloom+1","Aggregate"],"picked":"SKIP","floor":46},{"not_picked":["Ball Lightning+1","Hello World+1"],"picked":"Skim","floor":47},{"not_picked":["Leap","Aggregate","ReplayTheSpireMod:GoodbyeWorld"],"picked":"SKIP","floor":47},{"not_picked":["ReplaySort","Static Discharge"],"picked":"Ball Lightning","floor":48},{"not_picked":["ReplayTheSpireMod:Reroute Power+1","Leap","Fusion+1"],"picked":"SKIP","floor":48},{"not_picked":["infinitespire:Menacing","ReplayTheSpireMod:Echoes of Time"],"picked":"infinitespire:UltimateForm","floor":50},{"not_picked":["Barrage"],"picked":"SKIP","floor":52},{"not_picked":["Turbo"],"picked":"SKIP","floor":52}],"player_experience":143611,"relics_obtained":[{"floor":2,"key":"Lizard Tail"},{"floor":6,"key":"Bag of Preparation"},{"floor":9,"key":"Blood Vial"},{"floor":10,"key":"Snack Pack"},{"floor":13,"key":"conspire:GiftBox"},{"floor":24,"key":"Replay:Multitool"},{"floor":29,"key":"conspire:BottledYoYo"},{"floor":40,"key":"CeramicFish"},{"floor":42,"key":"Eternal Feather"},{"floor":43,"key":"infinitespire:SolderingIron"},{"floor":44,"key":"Mirror"}],"event_choices":[{"damage_healed":0,"gold_gain":0,"player_choice":"Leave","damage_taken":0,"max_hp_gain":0,"max_hp_loss":0,"event_name":"conspire:Investor","floor":4,"gold_loss":0},{"damage_healed":0,"gold_gain":0,"cards_transformed":["Strike_B"],"player_choice":"Transformed","damage_taken":0,"max_hp_gain":0,"max_hp_loss":0,"event_name":"Transmorgrifier","floor":5,"gold_loss":0,"cards_obtained":["Hologram"]},{"damage_healed":0,"gold_gain":0,"player_choice":"Became a Ghost","damage_taken":0,"max_hp_gain":0,"max_hp_loss":38,"event_name":"Ghosts","floor":20,"gold_loss":0,"cards_obtained":["Ghostly","Ghostly","Ghostly","Ghostly","Ghostly"]},{"cards_removed":["Strike_B"],"damage_healed":0,"gold_gain":0,"player_choice":"Gave Gold","damage_taken":0,"max_hp_gain":0,"max_hp_loss":0,"event_name":"Beggar","floor":21,"gold_loss":75},{"cards_removed":["Strike_B"],"damage_healed":0,"gold_gain":0,"player_choice":"Elegance","damage_taken":0,"max_hp_gain":0,"max_hp_loss":0,"event_name":"Back to Basics","floor":30,"gold_loss":0},{"damage_healed":0,"gold_gain":100,"player_choice":"Pray","damage_taken":0,"max_hp_gain":0,"max_hp_loss":0,"event_name":"Golden Shrine","floor":36,"gold_loss":0},{"damage_healed":0,"gold_gain":0,"player_choice":"Memory 1","damage_taken":0,"max_hp_gain":0,"max_hp_loss":0,"event_name":"SensoryStone","floor":41,"gold_loss":0}],"is_beta":false,"boss_relics":[{"not_picked":["ReplayTheSpireMod:DimensionalGlitch","Ring of Chaos"],"picked":"Ectoplasm"},{"not_picked":["Replay:Ancient Bell","Astrolabe"],"picked":"Runic Dome"},{"not_picked":["Runic Pyramid","Velvet Choker"],"picked":"Busted Crown"}],"items_purged_floors":[22,31],"is_endless":true,"potions_floor_spawned":[3,7,10,11,12,24,25,27,28,33,37,40,42,44,46,50],"killed_by":"Cultist","ascension_level":4}}