{"host":"jumrmhf584hajrnz","time":1611774343,"event":{"mods":["BaseMod","Duelist Mod","GifTheSpireLib","Minty Spire (QoL Compilation)","Quick Restart","StSLib"],"gold_per_floor":[392,392,392,40,53,80,80,113,113,140,151,168,185,213,225,310,322,354,376,388,411,434,446,446],"floor_reached":23,"language":"ENG","playtime":1220,"items_purged":[],"score":496,"play_id":"45436f7c-de96-40aa-b268-7d657a410b7d","local_time":"20210127200543","is_ascension_mode":true,"campfire_choices":[{"floor":7,"key":"RECALL"},{"floor":15,"key":"REST"}],"circlet_count":0,"master_deck":["AscendersBane","theDuelist:BeaverWarrior","theDuelist:BeaverWarrior","theDuelist:CastleWalls","theDuelist:CastleWalls","theDuelist:FinalFlame","theDuelist:GiantSoldier","theDuelist:GiantSoldier","theDuelist:ScrapFactory","theDuelist:Sparks","theDuelist:Sparks","theDuelist:LightningBlade+1","theDuelist:GravityAxe","theDuelist:HappyLover","theDuelist:ElectromagneticShield","theDuelist:ForbiddenLance","theDuelist:GilfordLegend","theDuelist:GravityLash+1","theDuelist:Electrowhip+1","theDuelist:ForbiddenLance+1","theDuelist:SwordsConcealing+1","theDuelist:KamionTimelord","theDuelist:BigFire+1","theDuelist:BerserkerCrush+1","theDuelist:GridRod+1","theDuelist:RainbowNeos+1"],"relics":["theDuelist:MillenniumPuzzle","theDuelist:CardPoolRelic","theDuelist:CardPoolBasicRelic","theDuelist:BoosterPackPoolRelic","theDuelist:CardPoolAddRelic","theDuelist:CardPoolMinusRelic","theDuelist:CardPoolSaveRelic","theDuelist:CardPoolOptionsRelic","Pantograph","Calipers","theDuelist:BoosterPackSpellEgg","theDuelist:MetronomeRelicD","Nunchaku","MawBank","Sozu"],"acts_visited":["Exordium","TheCity"],"potions_floor_usage":[8,14,14,16],"damage_taken":[{"damage":6,"enemies":"2 Louse","floor":1,"turns":4},{"damage":0,"enemies":"Jaw Worm","floor":5,"turns":3},{"damage":12,"enemies":"3 Sentries","floor":6,"turns":5},{"damage":19,"enemies":"Gremlin Nob","floor":8,"turns":4},{"damage":7,"enemies":"Lagavulin","floor":10,"turns":5},{"damage":0,"enemies":"Cultist","floor":11,"turns":3},{"damage":4,"enemies":"Looter","floor":12,"turns":2},{"damage":0,"enemies":"Red Slaver","floor":13,"turns":1},{"damage":0,"enemies":"Gremlin Nob","floor":14,"turns":2},{"damage":22,"enemies":"The Guardian","floor":16,"turns":10},{"damage":0,"enemies":"Chosen","floor":18,"turns":2},{"damage":0,"enemies":"Spheric Guardian","floor":19,"turns":3},{"damage":28,"enemies":"Snake Plant","floor":21,"turns":3},{"damage":0,"enemies":"Snecko","floor":22,"turns":4},{"damage":35,"enemies":"Gremlin Leader","floor":23,"turns":4}],"seed_played":"8820126616626558336","potions_obtained":[{"floor":5,"key":"theDuelist:SealedPackD"},{"floor":10,"key":"theDuelist:OrbBottle"},{"floor":13,"key":"theDuelist:VoidBottle"},{"floor":14,"key":"theDuelist:VoidBottle"}],"is_trial":false,"path_per_floor":["M","?","?","$","M","E","R","E","T","E","M","M","M","E","R","B",null,"M","M","?","M","M","E"],"character_chosen":"THE_DUELIST","items_purchased":["Pantograph","theDuelist:GravityAxe"],"campfire_rested":1,"item_purchase_floors":[4,4],"current_hp_per_floor":[57,57,57,57,57,45,45,26,26,19,19,15,15,15,33,36,56,56,56,56,28,28,0,0],"gold":446,"neow_bonus":"TWO_FIFTY_GOLD","is_daily":false,"chose_seed":false,"campfire_upgraded":0,"win_rate":0.0,"timestamp":1611774343,"path_taken":["M","?","?","$","M","E","R","E","T","E","M","?","?","E","R","BOSS","M","M","?","M","?","E"],"items_purchased_type":["Relic","Card"],"build_version":"2020-12-22","purchased_purges":0,"victory":false,"max_hp_per_floor":[63,63,63,63,63,63,63,63,63,63,63,63,63,63,63,63,63,63,63,63,63,63,63,63],"card_choices":[{"not_picked":["theDuelist:PineappleBlast","theDuelist:FeatherShot"],"picked":"theDuelist:LightningBlade","floor":1},{"not_picked":["theDuelist:MiracleFertilizer","theDuelist:Downbeat","theDuelist:DarkFactory","theDuelist:ScrapFactory"],"picked":"theDuelist:HappyLover","floor":5},{"not_picked":["theDuelist:WhiteHowling","theDuelist:GravityAxe","theDuelist:MiraculousDescent"],"picked":"theDuelist:ElectromagneticShield","floor":6},{"not_picked":["theDuelist:PineappleBlast","theDuelist:LightningBlade","theDuelist:GridRod","theDuelist:Mathematician"],"picked":"theDuelist:ForbiddenLance","floor":8},{"not_picked":["theDuelist:FutureFusion+1","theDuelist:MagicCylinder","theDuelist:ObeliskTormentor","theDuelist:PotGenerosity+1"],"picked":"theDuelist:GilfordLegend","floor":10},{"not_picked":["theDuelist:SwordsConcealing+1","theDuelist:PineappleBlast","theDuelist:LightLaser+1","theDuelist:GridRod+1"],"picked":"theDuelist:GravityLash+1","floor":11},{"not_picked":["theDuelist:ImperialOrder","theDuelist:GravityAxe+1","theDuelist:MiraculousDescent"],"picked":"theDuelist:Electrowhip+1","floor":12},{"not_picked":["theDuelist:PineappleBlast","theDuelist:KamionTimelord"],"picked":"theDuelist:ForbiddenLance+1","floor":13},{"not_picked":["theDuelist:Wildfire+1","theDuelist:ForbiddenLance+1"],"picked":"theDuelist:SwordsConcealing+1","floor":14},{"not_picked":["theDuelist:Wildfire+1","theDuelist:SwordsRevealing+1","theDuelist:LightLaser+1","theDuelist:ForbiddenLance+1"],"picked":"theDuelist:KamionTimelord","floor":16},{"not_picked":["theDuelist:SwordDeepSeated+1","theDuelist:RainbowNeos","theDuelist:WormApocalypse","theDuelist:AncientGearFist+1"],"picked":"theDuelist:BigFire+1","floor":18},{"not_picked":["theDuelist:DoubleTool+1","theDuelist:CoreBlaster+1","theDuelist:CombinationAttack+1","theDuelist:BigFire+1"],"picked":"theDuelist:BerserkerCrush+1","floor":19},{"not_picked":["theDuelist:ImperialOrder","theDuelist:GravityAxe+1","theDuelist:ElectromagneticShield+1","theDuelist:MiraculousDescent"],"picked":"theDuelist:GridRod+1","floor":21},{"not_picked":["theDuelist:SilverApples","theDuelist:Tuningware","theDuelist:WormApocalypse","theDuelist:DarkBurningMagic+1"],"picked":"theDuelist:RainbowNeos+1","floor":22}],"player_experience":1605842,"relics_obtained":[{"floor":6,"key":"Calipers"},{"floor":8,"key":"theDuelist:BoosterPackSpellEgg"},{"floor":9,"key":"theDuelist:MetronomeRelicD"},{"floor":10,"key":"Nunchaku"},{"floor":14,"key":"MawBank"}],"event_choices":[{"damage_healed":0,"gold_gain":0,"player_choice":"Leave","duelist":true,"damage_taken":0,"max_hp_gain":0,"max_hp_loss":0,"event_name":"Tomb of the Nameless","floor":2,"gold_loss":0},{"damage_healed":0,"gold_gain":0,"player_choice":"Grow","damage_taken":0,"max_hp_gain":0,"max_hp_loss":0,"event_name":"Living Wall","floor":3,"gold_loss":0,"cards_upgraded":["theDuelist:LightningBlade"]},{"damage_healed":0,"gold_gain":0,"player_choice":"Got Potions","damage_taken":0,"max_hp_gain":0,"max_hp_loss":0,"event_name":"Lab","floor":20,"gold_loss":0}],"is_beta":false,"boss_relics":[{"not_picked":["Astrolabe","Snecko Eye"],"picked":"Sozu"}],"items_purged_floors":[],"is_endless":false,"potions_floor_spawned":[5,10,13,14,18,19],"killed_by":"Gremlin Leader","ascension_level":20}}