{"host":"gbkezel2j61cgxyt","time":1611732157,"event":{"mods":["Aspiration","BaseMod","Better Skull","Better Third Choice","ChefMod","GifTheSpireLib","GungeonMod","Hermit","Highlight Path","Hubris","Infinite Spire","Marisa????????","Minty Spire (QoL Compilation)","Rare Cards Sparkle","Relic Stats","Replay The Spire","StSLib","The Cursed","The Marked","The Necromancer","The Servant 0.9.4","The Wild Card","Yakumo Yukari mod"],"gold_per_floor":[112,123,141,141,151,151,165,165,165,165,179,144,144,159,159,263,263,278,296,330,330,349,349,376,376,427,291,301,319,319,319],"floor_reached":30,"language":"ENG","playtime":2150,"items_purged":[],"score":244,"play_id":"299936c0-a252-445d-ae1a-f8719277623d","local_time":"20210127072237","is_ascension_mode":false,"campfire_choices":[{"data":"chefmod:TodaysSpecial","floor":6,"key":"SMITH"},{"data":"chefmod:IcePick","floor":8,"key":"SMITH"},{"data":"chefmod:BaoBuns","floor":10,"key":"SMITH"},{"floor":15,"key":"RECALL"},{"floor":23,"key":"REST"},{"floor":25,"key":"REST"}],"circlet_count":0,"master_deck":["chefmod:Strike","chefmod:Strike","chefmod:Strike","chefmod:Strike","chefmod:QuickThaw","chefmod:Defend","chefmod:Defend","chefmod:Defend","chefmod:Defend","chefmod:TodaysSpecial+1","chefmod:ColdSteel","chefmod:BaoBuns+1","chefmod:Defrost","chefmod:IcePick+1","chefmod:FireUp","chefmod:FarmersMarket","chefmod:Sorbet","chefmod:CandyBowl","CurseOfTheBell","chefmod:Flambe","chefmod:FullBurn+1","chefmod:HotSoup","chefmod:FreezeSolid","chefmod:FullCourseMeal","chefmod:DinoKale","chefmod:Escargot+1"],"relics":["chefmod:TrustyPot","Happy Flower","Calling Bell","Bag of Preparation","Replay:Accelerometer","Calipers","Red Mask","aspiration:TomeofQuesting","infinitespire:PuzzleCube"],"acts_visited":["Exordium","TheCity"],"potions_floor_usage":[16,20,20,20],"damage_taken":[{"damage":0,"enemies":"Jaw Worm","floor":1,"turns":4},{"damage":6,"enemies":"infinitespire:Voidling","floor":2,"turns":3},{"damage":0,"enemies":"Cultist","floor":3,"turns":3},{"damage":5,"enemies":"2 Fungi Beasts","floor":5,"turns":5},{"damage":1,"enemies":"3 Louse","floor":7,"turns":3},{"damage":4,"enemies":"Exordium Thugs","floor":11,"turns":4},{"damage":15,"enemies":"Exordium Wildlife","floor":14,"turns":5},{"damage":54,"enemies":"Fading Forest","floor":16,"turns":11},{"damage":6,"enemies":"Shell Parasite","floor":18,"turns":5},{"damage":14,"enemies":"Chosen","floor":19,"turns":6},{"damage":13,"enemies":"Masked Bandits","floor":20,"turns":5},{"damage":13,"enemies":"3 Cultists","floor":22,"turns":5},{"damage":49,"enemies":"Gremlin Leader","floor":24,"turns":8},{"damage":3,"enemies":"Centurion and Healer","floor":28,"turns":6},{"damage":71,"enemies":"Chosen and Byrds","floor":29,"turns":11},{"damage":3,"enemies":"Shelled Parasite and Fungi","floor":30,"turns":1}],"seed_played":"-7234855949867770850","potions_obtained":[{"floor":1,"key":"Strength Potion"},{"floor":5,"key":"Fire Potion"},{"floor":14,"key":"AttackPotion"},{"floor":16,"key":"Block Potion"},{"floor":19,"key":"Weak Potion"},{"floor":22,"key":"FairyPotion"},{"floor":28,"key":"Dexterity Potion"}],"is_trial":false,"path_per_floor":["M","M","M","?","M","R","M","R","T","R","M","?","$","M","R","B",null,"M","M","?","?","M","R","E","R","T","$","M","M","M"],"character_chosen":"THE_CHEF","items_purchased":["Happy Flower","chefmod:FullCourseMeal"],"campfire_rested":2,"item_purchase_floors":[13,27],"current_hp_per_floor":[83,81,81,81,76,76,75,75,75,75,71,83,73,58,58,30,83,77,63,50,58,45,69,20,44,44,44,41,1,0,0],"gold":319,"neow_bonus":"TEN_PERCENT_HP_BONUS","is_daily":false,"chose_seed":false,"campfire_upgraded":3,"win_rate":0.0,"timestamp":1611732157,"path_taken":["M","M","M","?","M","R","M","R","T","R","M","?","?","?","R","BOSS","M","M","?","?","M","R","E","R","T","$","?","M","M"],"items_purchased_type":["Relic","Card"],"build_version":"2020-12-22","purchased_purges":0,"victory":false,"max_hp_per_floor":[83,83,83,83,83,83,83,83,83,83,83,83,83,83,83,83,83,83,83,83,83,83,83,83,83,83,83,83,83,83,83],"relic_stats":{"Happy Flower":[21],"counters":[16,85],"Bag of Preparation":[16],"obtain_stats":[{"Calling Bell":17,"chefmod:TrustyPot":0,"Replay:Accelerometer":17,"Calipers":17,"Happy Flower":13,"aspiration:TomeofQuesting":24,"DemoMod:GlassGuonStoneRelic":1,"Bag of Preparation":17,"Red Mask":20,"infinitespire:PuzzleCube":26},{"Calling Bell":8,"chefmod:TrustyPot":0,"Replay:Accelerometer":8,"Calipers":8,"Happy Flower":6,"aspiration:TomeofQuesting":13,"DemoMod:GlassGuonStoneRelic":1,"Bag of Preparation":8,"Red Mask":11,"infinitespire:PuzzleCube":13},{"Calling Bell":38,"chefmod:TrustyPot":0,"Replay:Accelerometer":38,"Calipers":38,"Happy Flower":22,"aspiration:TomeofQuesting":67,"DemoMod:GlassGuonStoneRelic":4,"Bag of Preparation":38,"Red Mask":54,"infinitespire:PuzzleCube":67}]},"card_choices":[{"not_picked":["chefmod:FiveAlarmChili","chefmod:CayenneCloud"],"picked":"chefmod:ColdSteel","floor":1},{"not_picked":["chefmod:NewMenu","chefmod:Flambe"],"picked":"chefmod:BaoBuns","floor":2},{"not_picked":["chefmod:Puree","chefmod:FryPan"],"picked":"chefmod:Defrost","floor":3},{"not_picked":["chefmod:Gelato","chefmod:Cleavers"],"picked":"chefmod:IcePick","floor":5},{"not_picked":["chefmod:HotSoup","chefmod:Puree"],"picked":"chefmod:FireUp","floor":7},{"not_picked":["chefmod:FireUp","chefmod:Defrost"],"picked":"chefmod:FarmersMarket","floor":11},{"not_picked":["chefmod:ZaruSoba","chefmod:SpaghettiCarbonara"],"picked":"chefmod:Sorbet","floor":14},{"not_picked":["chefmod:RaidPantry","chefmod:RisingDough"],"picked":"chefmod:CandyBowl","floor":16},{"not_picked":["chefmod:SliceAndDice","chefmod:Julienne"],"picked":"chefmod:Flambe","floor":18},{"not_picked":["chefmod:Granita","chefmod:HotSoup"],"picked":"chefmod:FullBurn+1","floor":19},{"not_picked":["chefmod:SliceAndDice","chefmod:AllYouCanEat"],"picked":"chefmod:HotSoup","floor":20},{"not_picked":["chefmod:PotatoGratin","chefmod:FireUp","chefmod:TastyDistraction"],"picked":"SKIP","floor":22},{"not_picked":["chefmod:FireUp+1","chefmod:Gelato+1"],"picked":"chefmod:FreezeSolid","floor":24},{"not_picked":["chefmod:Defrost+1","chefmod:CleanHouse"],"picked":"chefmod:DinoKale","floor":28},{"not_picked":["chefmod:FiveAlarmChili","chefmod:FreezeSolid+1"],"picked":"chefmod:Escargot+1","floor":29}],"player_experience":580679,"relics_obtained":[{"floor":17,"key":"Bag of Preparation"},{"floor":17,"key":"Replay:Accelerometer"},{"floor":17,"key":"Calipers"},{"floor":20,"key":"Red Mask"},{"floor":24,"key":"aspiration:TomeofQuesting"},{"floor":26,"key":"infinitespire:PuzzleCube"}],"event_choices":[{"damage_healed":20,"gold_gain":0,"player_choice":"Healed","damage_taken":0,"max_hp_gain":0,"max_hp_loss":0,"event_name":"The Cleric","floor":12,"gold_loss":35},{"damage_healed":0,"gold_gain":0,"player_choice":"Fought Bandits","damage_taken":0,"max_hp_gain":0,"max_hp_loss":0,"event_name":"Masked Bandits","floor":20,"gold_loss":0}],"is_beta":false,"boss_relics":[{"not_picked":["Black Star","Kintsugi"],"picked":"Calling Bell"}],"items_purged_floors":[],"is_endless":false,"potions_floor_spawned":[1,5,14,16,19,22,28],"killed_by":"Shelled Parasite and Fungi","ascension_level":0}}