{"host":"2qyxu97h6u4ukicb","time":1611707827,"event":{"mods":["AchievementEnabler","BaseMod","BetterRewards","Colored Map","Colored Powertips","Minty Spire (QoL Compilation)","Replay The Spire","Shop Mod","StSLib"],"gold_per_floor":[118,118,132,132,132,167,186,186,186,186,205,205,220,261,261,384,384,403,318,318,329,339,339,339],"floor_reached":23,"language":"ENG","playtime":1529,"items_purged":[],"score":226,"play_id":"e124c70c-1858-4b04-bef6-5a5ba3fe36f5","local_time":"20210126183707","is_ascension_mode":false,"campfire_choices":[{"data":"Blade Dance","floor":12,"key":"SMITH"},{"floor":15,"key":"REST"}],"circlet_count":0,"master_deck":["Strike_G","Strike_G","Strike_G+1","Strike_G","Strike_G","Defend_G","Defend_G","Defend_G","Defend_G","Defend_G","Survivor","Neutralize","Accuracy+1","Noxious Fumes","Hidden Blade","Cloak And Dagger","Injury","Blade Dance+1","Unload","Fluid Movement+1"],"relics":["Ring of the Snake","NeowsBlessing","Divine Protection","HornCleat","Bloody Idol","Tiny Chest","Dream Catcher"],"acts_visited":["Exordium","TheCity"],"potions_floor_usage":[7,14,16,23],"damage_taken":[{"damage":0,"enemies":"Jaw Worm","floor":1,"turns":1},{"damage":0,"enemies":"Small Slimes","floor":3,"turns":1},{"damage":0,"enemies":"Replay:BlueRogue","floor":6,"turns":1},{"damage":0,"enemies":"2 Louse","floor":7,"turns":1},{"damage":4,"enemies":"Exordium Wildlife","floor":11,"turns":6},{"damage":0,"enemies":"Large Slime","floor":13,"turns":3},{"damage":4,"enemies":"Gremlin Nob","floor":14,"turns":4},{"damage":38,"enemies":"The Guardian","floor":16,"turns":11},{"damage":0,"enemies":"3 Byrds","floor":18,"turns":5},{"damage":0,"enemies":"Shell Parasite","floor":21,"turns":5},{"damage":38,"enemies":"3 Cultists","floor":22,"turns":7},{"damage":45,"enemies":"Slavers","floor":23,"turns":4}],"seed_played":"109426655527014338","potions_obtained":[{"floor":1,"key":"Explosive Potion"},{"floor":13,"key":"CunningPotion"},{"floor":14,"key":"SteroidPotion"},{"floor":18,"key":"Elixir"},{"floor":21,"key":"PowerPotion"}],"is_trial":false,"path_per_floor":["M","?","M","?","?","E","M","?","T","$","M","R","M","E","R","B",null,"M","?","?","M","M","E"],"character_chosen":"THE_SILENT","items_purchased":[],"campfire_rested":1,"item_purchase_floors":[],"current_hp_per_floor":[70,70,70,70,58,58,58,58,58,58,54,54,54,50,70,32,70,70,70,70,70,37,0,0],"gold":339,"neow_bonus":"THREE_ENEMY_KILL","is_daily":false,"chose_seed":false,"campfire_upgraded":1,"win_rate":0.0,"timestamp":1611707827,"path_taken":["M","?","M","?","?","E","M","?","T","?","M","R","M","E","R","BOSS","M","?","?","M","M","E"],"items_purchased_type":[],"build_version":"2020-12-22","purchased_purges":0,"victory":false,"max_hp_per_floor":[70,70,70,70,70,70,70,70,70,70,70,70,70,70,70,70,70,70,70,70,70,70,70,70],"card_choices":[{"not_picked":["Reflex","Sucker Punch"],"picked":"Accuracy","floor":1},{"not_picked":["Terror","Fluid Movement"],"picked":"Noxious Fumes","floor":3},{"not_picked":["Flying Knee","Well Laid Plans"],"picked":"Hidden Blade","floor":6},{"not_picked":["Endless Agony","Expertise"],"picked":"Cloak And Dagger","floor":7},{"not_picked":["Dagger Spray","ReplayTheSpireMod:Exploit Weakness"],"picked":"Blade Dance","floor":11},{"not_picked":["Poisoned Stab","Quick Slash","Blur"],"picked":"SKIP","floor":13},{"not_picked":["Eviscerate","PiercingWail","Cloak And Dagger"],"picked":"SKIP","floor":14},{"not_picked":["Doppelganger","Storm of Steel"],"picked":"Unload","floor":16},{"not_picked":["Poisoned Stab+1","Deadly Poison"],"picked":"Fluid Movement+1","floor":18},{"not_picked":["Endless Agony+1","Bane","Expertise"],"picked":"SKIP","floor":21},{"not_picked":["Toxin Wave","Bane","Dagger Throw"],"picked":"SKIP","floor":22}],"player_experience":742354,"relics_obtained":[{"floor":6,"key":"HornCleat"},{"floor":14,"key":"Tiny Chest"}],"event_choices":[{"damage_healed":0,"gold_gain":0,"player_choice":"Grow","damage_taken":0,"max_hp_gain":0,"max_hp_loss":0,"event_name":"Living Wall","floor":2,"gold_loss":0,"cards_upgraded":["Accuracy"]},{"damage_healed":0,"gold_gain":0,"player_choice":"Success","damage_taken":12,"relics_obtained":["Divine Protection"],"max_hp_gain":0,"max_hp_loss":0,"event_name":"Scrap Ooze","floor":5,"gold_loss":0},{"damage_healed":0,"gold_gain":0,"player_choice":"Take Wound","damage_taken":0,"relics_obtained":["Golden Idol"],"max_hp_gain":0,"max_hp_loss":0,"event_name":"Golden Idol","floor":8,"gold_loss":0,"cards_obtained":["Injury"]},{"damage_healed":0,"gold_gain":0,"player_choice":"Obtained Relic","damage_taken":0,"relics_obtained":["Dream Catcher"],"max_hp_gain":0,"max_hp_loss":0,"event_name":"Addict","floor":19,"gold_loss":85},{"damage_healed":0,"gold_gain":0,"player_choice":"Gave Idol","damage_taken":0,"relics_obtained":["Bloody Idol"],"max_hp_gain":0,"max_hp_loss":0,"event_name":"Forgotten Altar","floor":20,"relics_lost":["Golden Idol"],"gold_loss":0}],"is_beta":false,"boss_relics":[{"not_picked":["Astrolabe","Replay:Bronze Core","ChewingGum"]}],"items_purged_floors":[],"is_endless":false,"potions_floor_spawned":[1,13,14,18,21],"killed_by":"Slavers","ascension_level":0}}