{"host":"kg61lsvem4dxoat8","time":1611742621,"event":{"mods":["BaseMod","Minty Spire (QoL Compilation)","Quick Restart","Relic Stats","slay the spire mod where everything is the same but ironclad has a cowboy hat"],"gold_per_floor":[114,114,39,39,51,86,86,102,125,152,169,2,22,38,38,117,117,134,148,148,198,212,237,9,9,9,23,23,57,7,23,23,98,98,118,118,68,68,68,68,93,93,119,145,156,49,69,85,85,85],"floor_reached":51,"language":"ENG","playtime":1733,"items_purged":["Strike_G","Strike_G","Strike_G","Flechettes+1"],"score":1561,"play_id":"e944295a-175b-45e9-a836-f3989eb82643","local_time":"20210127181701","is_ascension_mode":true,"campfire_choices":[{"data":"After Image","floor":7.0,"key":"SMITH"},{"floor":15.0,"key":"REST"},{"data":"Blade Dance","floor":25.0,"key":"SMITH"},{"floor":32.0,"key":"REST"},{"data":"Blade Dance","floor":40.0,"key":"SMITH"},{"data":"1","floor":42.0,"key":"LIFT"},{"data":"2","floor":49.0,"key":"LIFT"}],"circlet_count":0,"master_deck":["AscendersBane","Defend_G+1","Defend_G+1","Survivor","Neutralize","Accuracy+1","After Image+1","Blade Dance+1","Blade Dance+1","Bullet Time","Blade Dance+1","Calculated Gamble","After Image","Cloak And Dagger+1","After Image","Burst+1","Escape Plan+1","Finesse","Cloak And Dagger+1"],"relics":["Ring of the Snake","NeowsBlessing","Regal Pillow","War Paint","Smiling Mask","Sling","Empty Cage","MutagenicStrength","Du-Vu Doll","Tough Bandages","Matryoshka","Astrolabe","Girya","Sundial","Bag of Marbles","Pear"],"acts_visited":["Exordium","TheCity","TheBeyond"],"potions_floor_usage":[50,50],"damage_taken":[{"damage":0.0,"enemies":"Small Slimes","floor":1.0,"turns":1.0},{"damage":0.0,"enemies":"2 Louse","floor":5.0,"turns":1.0},{"damage":0.0,"enemies":"3 Sentries","floor":6.0,"turns":2.0},{"damage":3.0,"enemies":"Cultist","floor":8.0,"turns":6.0},{"damage":25.0,"enemies":"Gremlin Nob","floor":10.0,"turns":4.0},{"damage":5.0,"enemies":"Lots of Slimes","floor":11.0,"turns":4.0},{"damage":0.0,"enemies":"Large Slime","floor":13.0,"turns":3.0},{"damage":0.0,"enemies":"2 Fungi Beasts","floor":14.0,"turns":3.0},{"damage":14.0,"enemies":"Slime Boss","floor":16.0,"turns":12.0},{"damage":16.0,"enemies":"2 Thieves","floor":18.0,"turns":4.0},{"damage":1.0,"enemies":"Shell Parasite","floor":19.0,"turns":6.0},{"damage":0.0,"enemies":"Snecko","floor":22.0,"turns":5.0},{"damage":18.0,"enemies":"Book of Stabbing","floor":23.0,"turns":5.0},{"damage":0.0,"enemies":"Centurion and Healer","floor":27.0,"turns":4.0},{"damage":0.0,"enemies":"Gremlin Leader","floor":29.0,"turns":4.0},{"damage":0.0,"enemies":"Snake Plant","floor":31.0,"turns":4.0},{"damage":15.0,"enemies":"Collector","floor":33.0,"turns":10.0},{"damage":8.0,"enemies":"3 Darklings","floor":35.0,"turns":5.0},{"damage":0.0,"enemies":"Mind Bloom Boss Battle","floor":41.0,"turns":5.0},{"damage":0.0,"enemies":"Giant Head","floor":44.0,"turns":4.0},{"damage":0.0,"enemies":"3 Shapes","floor":45.0,"turns":4.0},{"damage":0.0,"enemies":"Writhing Mass","floor":47.0,"turns":7.0},{"damage":0.0,"enemies":"Jaw Worm Horde","floor":48.0,"turns":3.0},{"damage":44,"enemies":"Awakened One","floor":50,"turns":11}],"seed_played":"1456422163557620749","potions_obtained":[{"floor":1.0,"key":"SkillPotion"},{"floor":10.0,"key":"Block Potion"},{"floor":11.0,"key":"LiquidBronze"},{"floor":14.0,"key":"Dexterity Potion"},{"floor":23.0,"key":"EssenceOfSteel"},{"floor":27.0,"key":"PowerPotion"},{"floor":29.0,"key":"FearPotion"},{"floor":33.0,"key":"Energy Potion"},{"floor":35.0,"key":"SteroidPotion"}],"is_trial":false,"path_per_floor":["M","?","$","?","M","E","R","M","T","E","M","$","M","M","R","B",null,"M","M","?","?","M","E","$","R","T","M","?","E","$","M","R","B",null,"M","?","$","?","$","R","?","R","T","E","M","$","M","M","R","B",null],"character_chosen":"THE_SILENT","items_purchased":["Sling","After Image","Finesse"],"campfire_rested":2,"item_purchase_floors":[12,24,46],"current_hp_per_floor":[59,39,39,39,39,39,39,36,36,11,6,6,6,6,40,26,56,40,39,39,39,39,21,21,21,21,21,21,21,21,21,55,40,60,52,52,52,52,52,52,52,52,52,62,62,62,62,62,62,18],"gold":85,"neow_bonus":"THREE_ENEMY_KILL","is_daily":false,"chose_seed":false,"campfire_upgraded":3,"win_rate":0.0,"timestamp":1611742621,"path_taken":["M","?","$","?","M","E","R","M","T","E","M","$","?","?","R","BOSS","M","M","?","?","M","E","$","R","T","?","?","E","$","M","R","BOSS","M","?","$","?","$","R","?","R","T","E","?","$","M","M","R","BOSS"],"items_purchased_type":["Relic","Card","Card"],"build_version":"2020-12-22","purchased_purges":4,"victory":true,"max_hp_per_floor":[66,66,66,66,66,66,66,66,66,66,66,66,66,66,66,66,66,66,66,66,66,66,66,66,66,66,66,66,66,66,66,66,66,66,66,66,66,66,66,66,66,66,66,76,76,76,76,76,76,76],"relic_stats":{"Regal Pillow":30,"Tough Bandages":[66],"counters":[24,117],"Sundial":[6],"Astrolabe":["All Out Attack","Flechettes","Burst"],"War Paint":["Blade Dance","Defend_G"],"Smiling Mask":225,"obtain_stats":[{"Girya":41,"Regal Pillow":6,"Pear":44,"NeowsBlessing":0,"Astrolabe":34,"War Paint":9,"Smiling Mask":10,"Sling":12,"Empty Cage":17,"Du-Vu Doll":23,"Tough Bandages":26,"Matryoshka":29,"Sundial":43,"MutagenicStrength":20,"Bag of Marbles":43,"Ring of the Snake":0},{"Girya":19,"Regal Pillow":3,"Pear":20,"NeowsBlessing":0,"Astrolabe":17,"War Paint":4,"Smiling Mask":5,"Sling":6,"Empty Cage":9,"Du-Vu Doll":13,"Tough Bandages":13,"Matryoshka":15,"Sundial":19,"MutagenicStrength":11,"Bag of Marbles":19,"Ring of the Snake":0},{"Girya":88,"Regal Pillow":4,"Pear":92,"NeowsBlessing":0,"Astrolabe":78,"War Paint":10,"Smiling Mask":14,"Sling":18,"Empty Cage":36,"Du-Vu Doll":56,"Tough Bandages":56,"Matryoshka":64,"Sundial":88,"MutagenicStrength":46,"Bag of Marbles":88,"Ring of the Snake":0}],"Ring of the Snake":[48]},"card_choices":[{"not_picked":["Bouncing Flask","Catalyst"],"picked":"Accuracy","floor":1.0},{"not_picked":["Deflect","Sucker Punch","Slice"],"picked":"SKIP","floor":5.0},{"not_picked":["Noxious Fumes","Slice"],"picked":"After Image","floor":6.0},{"not_picked":["Expertise","Dagger Throw"],"picked":"Blade Dance","floor":8.0},{"not_picked":["PiercingWail","Envenom"],"picked":"Blade Dance","floor":10.0},{"not_picked":["Dagger Spray","Dagger Throw","Backflip"],"picked":"SKIP","floor":11.0},{"not_picked":["Skewer","Poisoned Stab","Underhanded Strike"],"picked":"SKIP","floor":13.0},{"not_picked":["Quick Slash","Flechettes","Slice"],"picked":"SKIP","floor":14.0},{"not_picked":["Adrenaline","Tools of the Trade"],"picked":"Bullet Time","floor":16.0},{"not_picked":["Underhanded Strike","Outmaneuver","Poisoned Stab"],"picked":"SKIP","floor":18.0},{"not_picked":["Bane","Flechettes+1"],"picked":"Blade Dance","floor":19.0},{"not_picked":["Endless Agony","Poisoned Stab","Crippling Poison"],"picked":"SKIP","floor":22.0},{"not_picked":["Riddle With Holes","Outmaneuver"],"picked":"Calculated Gamble","floor":23.0},{"not_picked":["Poisoned Stab","Slice"],"picked":"Cloak And Dagger+1","floor":27.0},{"not_picked":["Endless Agony","Leg Sweep","Masterful Stab"],"picked":"SKIP","floor":29.0},{"not_picked":["Calculated Gamble+1","PiercingWail","Flechettes"],"picked":"SKIP","floor":31.0},{"not_picked":["Bullet Time","Doppelganger"],"picked":"After Image","floor":33.0},{"not_picked":["Poisoned Stab+1","Dodge and Roll","Choke+1"],"picked":"SKIP","floor":35.0},{"not_picked":["Flying Knee+1","Backflip"],"picked":"Escape Plan+1","floor":44.0},{"not_picked":["Heel Hook+1","Poisoned Stab","Dodge and Roll+1"],"picked":"SKIP","floor":45.0},{"not_picked":["Outmaneuver","Crippling Poison+1","Bane+1"],"picked":"SKIP","floor":47.0},{"not_picked":["Bouncing Flask","Slice"],"picked":"Cloak And Dagger+1","floor":48.0}],"player_experience":1406835,"relics_obtained":[{"floor":6.0,"key":"Regal Pillow"},{"floor":9.0,"key":"War Paint"},{"floor":10.0,"key":"Smiling Mask"},{"floor":23.0,"key":"Du-Vu Doll"},{"floor":26.0,"key":"Tough Bandages"},{"floor":29.0,"key":"Matryoshka"},{"floor":41.0,"key":"Girya"},{"floor":43.0,"key":"Sundial"},{"floor":43.0,"key":"Bag of Marbles"},{"floor":44.0,"key":"Pear"}],"event_choices":[{"damage_healed":0.0,"max_hp_gain":0.0,"max_hp_loss":0.0,"gold_gain":0.0,"event_name":"Shining Light","player_choice":"Entered Light","floor":2.0,"gold_loss":0.0,"damage_taken":20.0,"cards_upgraded":["Defend_G","Defend_G"]},{"damage_healed":0.0,"max_hp_gain":0.0,"max_hp_loss":0.0,"gold_gain":0.0,"event_name":"Accursed Blacksmith","player_choice":"Forge","floor":4.0,"gold_loss":0.0,"damage_taken":0.0,"cards_upgraded":["Accuracy"]},{"damage_healed":0.0,"max_hp_gain":0.0,"max_hp_loss":0.0,"gold_gain":0.0,"event_name":"Drug Dealer","player_choice":"Inject Mutagens","floor":20.0,"gold_loss":0.0,"damage_taken":0.0,"relics_obtained":["MutagenicStrength"]},{"damage_healed":0.0,"max_hp_gain":0.0,"max_hp_loss":0.0,"gold_gain":50.0,"event_name":"Golden Shrine","player_choice":"Pray","floor":21.0,"gold_loss":0.0,"damage_taken":0.0},{"damage_healed":0.0,"max_hp_gain":0.0,"max_hp_loss":0.0,"gold_gain":0.0,"event_name":"Vampires","player_choice":"Ignored","floor":28.0,"gold_loss":0.0,"damage_taken":0.0},{"damage_healed":0.0,"max_hp_gain":0.0,"max_hp_loss":0.0,"gold_gain":0.0,"event_name":"Tomb of Lord Red Mask","player_choice":"Ignored","floor":36.0,"gold_loss":0.0,"damage_taken":0.0},{"cards_removed":["All Out Attack"],"damage_healed":0.0,"max_hp_gain":0.0,"max_hp_loss":0.0,"gold_gain":0.0,"event_name":"Falling","player_choice":"Removed Attack","floor":38.0,"gold_loss":0.0,"damage_taken":0.0},{"damage_healed":0.0,"max_hp_gain":0.0,"max_hp_loss":0.0,"gold_gain":0.0,"event_name":"MindBloom","player_choice":"Fight","floor":41.0,"gold_loss":0.0,"damage_taken":0.0}],"is_beta":false,"boss_relics":[{"not_picked":["HoveringKite","SacredBark"],"picked":"Empty Cage"},{"not_picked":["Pandora\u0027s Box","Velvet Choker"],"picked":"Astrolabe"}],"items_purged_floors":[3,24,30,37],"is_endless":false,"potions_floor_spawned":[1,10,11,14,23,27,29,33,35,41,48],"ascension_level":19}}