{"host":"3qkmyeoym75lj4wn","time":1611713285,"event":{"mods":["2.2 Compatiblity","Act Like it!","BaseMod","Bestiary","Block Reminder","Colored Powertips","Highlight Path","Minty Spire (QoL Compilation)","Permanent Neow","Rare Cards Sparkle","Relic Stats","StSLib"],"gold_per_floor":[119,13,30,49,49,83,14,14,14,25,53,67,84,113,113,187,187,203,203,222,234,1,1,16,16,16,16,34,34,34,66,66,143,143,161,181,191,516,477,503,503,473,523,523,538,538,157,157,157,157,157],"floor_reached":50,"language":"ENG","playtime":1587,"items_purged":["Strike_B","Doom and Gloom"],"score":1000,"play_id":"b840b96e-2d41-48db-91af-93e76b223cbf","local_time":"20210127020805","is_ascension_mode":true,"campfire_choices":[{"data":"Go for the Eyes","floor":8.0,"key":"SMITH"},{"data":"Chill","floor":15.0,"key":"SMITH"},{"data":"Zap","floor":23.0,"key":"SMITH"},{"data":"Good Instincts","floor":25.0,"key":"SMITH"},{"data":"Glacier","floor":27.0,"key":"SMITH"},{"floor":30.0,"key":"REST"},{"floor":32.0,"key":"REST"},{"floor":41,"key":"DIG"},{"floor":44,"key":"RECALL"},{"floor":49,"key":"DIG"}],"circlet_count":0,"master_deck":["AscendersBane","Defend_B","Defend_B","Defend_B","Defend_B","Zap+1","Dualcast","Dramatic Entrance","Go for the Eyes+1","Good Instincts+1","Ball Lightning","Compile Driver","Chill+1","Glacier+1","Rainbow","Skim+1","Electrodynamics+1","Static Discharge+1","Storm","Zap+1","Cold Snap","Reboot+1","Biased Cognition","CurseOfTheBell","Glacier","Capacitor","Biased Cognition","Steam+1"],"relics":["Cracked Core","Cables","Meat on the Bone","Oddly Smooth Stone","Odd Mushroom","Astrolabe","MealTicket","Vajra","Bottled Flame","Calling Bell","Regal Pillow","Shuriken","Shovel","Old Coin","Bottled Lightning","Lantern","Mercury Hourglass","PreservedInsect"],"acts_visited":["Exordium","TheCity","TheBeyond"],"potions_floor_usage":[40,50,50],"damage_taken":[{"damage":0.0,"enemies":"Cultist","floor":1.0,"turns":3.0},{"damage":2.0,"enemies":"2 Louse","floor":3.0,"turns":2.0},{"damage":7.0,"enemies":"Jaw Worm","floor":4.0,"turns":2.0},{"damage":14.0,"enemies":"Gremlin Nob","floor":6.0,"turns":3.0},{"damage":0.0,"enemies":"3 Louse","floor":10.0,"turns":3.0},{"damage":14.0,"enemies":"Lagavulin","floor":11.0,"turns":5.0},{"damage":15.0,"enemies":"Exordium Thugs","floor":12.0,"turns":4.0},{"damage":0.0,"enemies":"Lots of Slimes","floor":13.0,"turns":2.0},{"damage":0.0,"enemies":"The Mushroom Lair","floor":14.0,"turns":3.0},{"damage":14.0,"enemies":"The Guardian","floor":16.0,"turns":9.0},{"damage":6.0,"enemies":"Spheric Guardian","floor":18.0,"turns":3.0},{"damage":11.0,"enemies":"3 Byrds","floor":20.0,"turns":3.0},{"damage":0.0,"enemies":"3 Cultists","floor":21.0,"turns":4.0},{"damage":20.0,"enemies":"Shelled Parasite and Fungi","floor":24.0,"turns":5.0},{"damage":4.0,"enemies":"Snake Plant","floor":28.0,"turns":3.0},{"damage":26.0,"enemies":"Book of Stabbing","floor":31.0,"turns":6.0},{"damage":18.0,"enemies":"Collector","floor":33.0,"turns":8.0},{"damage":2.0,"enemies":"Orb Walker","floor":35.0,"turns":3.0},{"damage":9.0,"enemies":"3 Darklings","floor":36.0,"turns":4.0},{"damage":34.0,"enemies":"Maw","floor":37.0,"turns":7.0},{"damage":6,"enemies":"Mind Bloom Boss Battle","floor":38,"turns":7},{"damage":78,"enemies":"Nemesis","floor":40,"turns":7},{"damage":4,"enemies":"4 Shapes","floor":45,"turns":2},{"damage":58,"enemies":"Awakened One","floor":50,"turns":5}],"seed_played":"5514321398511424681","potions_obtained":[{"floor":1.0,"key":"Swift Potion"},{"floor":4.0,"key":"FairyPotion"},{"floor":10.0,"key":"AttackPotion"},{"floor":12.0,"key":"Energy Potion"},{"floor":24.0,"key":"PotionOfCapacity"},{"floor":28.0,"key":"FocusPotion"},{"floor":35.0,"key":"DistilledChaos"},{"floor":42,"key":"PotionOfCapacity"},{"floor":42,"key":"EssenceOfDarkness"}],"is_trial":false,"path_per_floor":["M","$","M","M","?","E","?","R","T","M","E","M","M","?","R","B",null,"M","?","M","M","$","R","M","R","T","R","M","?","R","E","R","B",null,"M","M","M","?","$","E","R","?","T","R","M","?","$","?","R","B"],"character_chosen":"DEFECT","items_purchased":["Good Instincts","MealTicket","Capacitor","Mercury Hourglass"],"campfire_rested":2,"item_purchase_floors":[2,22,39,47],"current_hp_per_floor":[64,64,62,55,55,41,41,41,41,41,39,36,36,36,36,34,62,56,56,45,45,45,45,37,37,37,37,45,45,66,40,61,43,64,62,53,31,37,52,30,30,30,30,30,38,38,53,53,53,0,0],"gold":157,"neow_bonus":"RANDOM_COLORLESS","is_daily":false,"chose_seed":false,"campfire_upgraded":5,"win_rate":0.0,"timestamp":1611713285,"path_taken":["M","$","M","M","?","E","?","R","T","M","E","M","M","?","R","BOSS","M","?","?","M","$","R","M","R","T","R","M","?","R","E","R","BOSS","M","M","?","?","?","E","R","?","T","R","?","?","$","?","R","BOSS"],"items_purchased_type":["Card","Relic","Card","Relic"],"build_version":"2020-12-22","purchased_purges":2,"victory":false,"max_hp_per_floor":[71,71,71,71,71,71,71,71,71,71,71,71,71,71,71,71,71,71,71,71,71,71,71,71,71,71,71,71,71,71,71,71,71,71,71,71,71,71,71,71,71,71,71,71,71,71,71,71,71,71,71],"relic_stats":{"Regal Pillow":0,"Shovel":2,"counters":[24,103],"Shuriken":[6],"Astrolabe":["Skim","Electrodynamics","Static Discharge"],"MealTicket":30,"PreservedInsect":0,"obtain_stats":[{"Regal Pillow":34,"Lantern":41,"Astrolabe":17,"Oddly Smooth Stone":11,"Vajra":26,"PreservedInsect":49,"Odd Mushroom":14,"Cables":6,"Old Coin":38,"Mercury Hourglass":47,"Calling Bell":34,"Bottled Flame":31,"Shovel":34,"Shuriken":34,"MealTicket":22,"Bottled Lightning":40,"Cracked Core":0,"Meat on the Bone":9},{"Regal Pillow":17,"Lantern":22,"Astrolabe":10,"Oddly Smooth Stone":6,"Vajra":14,"PreservedInsect":23,"Odd Mushroom":9,"Cables":4,"Old Coin":21,"Mercury Hourglass":23,"Calling Bell":17,"Bottled Flame":16,"Shovel":17,"Shuriken":17,"MealTicket":13,"Bottled Lightning":22,"Cracked Core":0,"Meat on the Bone":4},{"Regal Pillow":68,"Lantern":96,"Astrolabe":36,"Oddly Smooth Stone":18,"Vajra":51,"PreservedInsect":98,"Odd Mushroom":27,"Cables":10,"Old Coin":89,"Mercury Hourglass":98,"Calling Bell":68,"Bottled Flame":60,"Shovel":68,"Shuriken":68,"MealTicket":46,"Bottled Lightning":96,"Cracked Core":0,"Meat on the Bone":10}],"Cables":[77,46,20,8,3],"Meat on the Bone":108,"Mercury Hourglass":[39]},"card_choices":[{"not_picked":["Deep Breath","Swift Strike"],"picked":"Dramatic Entrance","floor":0.0},{"not_picked":["Chaos","Streamline"],"picked":"Go for the Eyes","floor":1.0},{"not_picked":["Rip and Tear","Chill"],"picked":"Ball Lightning","floor":3.0},{"not_picked":["Self Repair","Undo"],"picked":"Compile Driver","floor":4.0},{"not_picked":["BootSequence","Multi-Cast"],"picked":"Chill","floor":6.0},{"not_picked":["Leap","Streamline"],"picked":"Ball Lightning","floor":10.0},{"not_picked":["Cold Snap","Consume"],"picked":"Doom and Gloom","floor":11.0},{"not_picked":["Conserve Battery","Coolheaded"],"picked":"Glacier","floor":12.0},{"not_picked":["Steam Power","Rebound"],"picked":"Rainbow","floor":13.0},{"not_picked":["Compile Driver","Leap","Steam Power"],"picked":"SKIP","floor":18.0},{"not_picked":["Sweeping Beam","Hologram"],"picked":"Cold Snap","floor":20.0},{"not_picked":["Melter+1","Sunder","Turbo"],"picked":"SKIP","floor":21.0},{"not_picked":["Turbo","Streamline","Melter"],"picked":"SKIP","floor":24.0},{"not_picked":["Turbo","Recycle"],"picked":"Reboot","floor":28.0},{"not_picked":["Auto Shields","Tempest","Beam Cell"],"picked":"SKIP","floor":31.0},{"not_picked":["Seek","All For One"],"picked":"Biased Cognition","floor":33.0},{"not_picked":["Heatsinks","Streamline"],"picked":"Glacier","floor":35.0},{"not_picked":["Coolheaded+1","Go for the Eyes","Recycle+1"],"picked":"SKIP","floor":36.0},{"not_picked":["Gash","Redo","Stack"],"picked":"SKIP","floor":37},{"not_picked":["Tempest","Genetic Algorithm"],"picked":"Biased Cognition","floor":40},{"not_picked":["Sunder","Storm"],"picked":"Steam+1","floor":45}],"player_experience":1708278,"relics_obtained":[{"floor":6.0,"key":"Cables"},{"floor":9.0,"key":"Meat on the Bone"},{"floor":11.0,"key":"Oddly Smooth Stone"},{"floor":14.0,"key":"Odd Mushroom"},{"floor":26.0,"key":"Vajra"},{"floor":31.0,"key":"Bottled Flame"},{"floor":34.0,"key":"Regal Pillow"},{"floor":34.0,"key":"Shuriken"},{"floor":34.0,"key":"Shovel"},{"floor":38,"key":"Old Coin"},{"floor":40,"key":"Bottled Lightning"},{"floor":41,"key":"Lantern"},{"floor":49,"key":"PreservedInsect"}],"event_choices":[{"damage_healed":0.0,"max_hp_gain":0.0,"max_hp_loss":0.0,"gold_gain":0.0,"event_name":"Living Wall","player_choice":"Grow","floor":5.0,"gold_loss":0.0,"damage_taken":0.0,"cards_upgraded":["Zap"]},{"damage_healed":0.0,"max_hp_gain":0.0,"max_hp_loss":0.0,"gold_gain":0.0,"event_name":"World of Goop","player_choice":"Left Gold","floor":7.0,"gold_loss":69.0,"damage_taken":0.0},{"damage_healed":0.0,"max_hp_gain":0.0,"max_hp_loss":0.0,"gold_gain":0.0,"event_name":"Mushrooms","player_choice":"Fought Mushrooms","floor":14.0,"gold_loss":0.0,"damage_taken":0.0},{"damage_healed":0.0,"max_hp_gain":0.0,"max_hp_loss":0.0,"gold_gain":0.0,"event_name":"Match and Keep!","player_choice":"2 cards matched","floor":19.0,"gold_loss":0.0,"damage_taken":0.0,"cards_obtained":["Storm","Zap"]},{"damage_healed":0.0,"max_hp_gain":0.0,"max_hp_loss":0.0,"gold_gain":0.0,"event_name":"Accursed Blacksmith","player_choice":"Forge","floor":29.0,"gold_loss":0.0,"damage_taken":0.0,"cards_upgraded":["Reboot"]},{"damage_healed":0,"gold_gain":0,"player_choice":"Fight","damage_taken":0,"max_hp_gain":0,"max_hp_loss":0,"event_name":"MindBloom","floor":38,"gold_loss":0},{"damage_healed":0,"gold_gain":0,"player_choice":"Bought 2 Potions","damage_taken":0,"max_hp_gain":0,"max_hp_loss":0,"event_name":"The Woman in Blue","floor":42,"gold_loss":0},{"damage_healed":0,"gold_gain":0,"player_choice":"Ignored","damage_taken":0,"max_hp_gain":0,"max_hp_loss":0,"event_name":"Mysterious Sphere","floor":46,"gold_loss":0},{"cards_removed":["Ball Lightning"],"damage_healed":0,"gold_gain":0,"player_choice":"Removed Attack","damage_taken":0,"max_hp_gain":0,"max_hp_loss":0,"event_name":"Falling","floor":48,"gold_loss":0}],"is_beta":false,"boss_relics":[{"not_picked":["Snecko Eye","SacredBark"],"picked":"Astrolabe"},{"not_picked":["Black Star","Velvet Choker"],"picked":"Calling Bell"}],"items_purged_floors":[22,47],"is_endless":false,"potions_floor_spawned":[1,4,10,12,14,24,28,35,36],"killed_by":"Awakened One","ascension_level":20}}