{"host":"gzk4gkgy3zij1c51","time":1611769698,"event":{"mods":["BaseMod","Colored Map","Downfall","Highlight Path","Marked Mod","Minty Spire (QoL Compilation)","Relic Stats","StSLib","everything is the same but u backflip on backflip"],"gold_per_floor":[99,117,130,149,149,149,149,159,175,75,75,93,4,15,34,34,34,34],"floor_reached":16,"language":"ENG","playtime":1124,"items_purged":[],"score":120,"play_id":"e5437ed5-bf8d-4fe1-92d5-3ccb12f30fb4","local_time":"20210127174818","is_ascension_mode":true,"campfire_choices":[{"data":"champ:Taunt","floor":1,"key":"SMITH"},{"floor":6,"key":"RECALL"},{"data":"champ:Endure","floor":10,"key":"SMITH"}],"circlet_count":0,"master_deck":["champ:Strike","champ:Strike","champ:Strike","champ:Strike","champ:Defend","champ:Defend","champ:Defend","champ:Defend","champ:Execute","champ:Taunt+1","Mind Blast","champ:FlashCut","champ:Endure+1","champ:Encircle","champ:PerfectedStrike","champ:VampiricStrike","Regret","champ:BladeFlurry","champ:GutPunch","champ:AdrenalArmor","champ:StanceDance","champ:Duel"],"relics":["champ:ChampionCrown","White Beast Statue","downfall:HeartBlessingRed","Girya"],"acts_visited":["Exordium"],"potions_floor_usage":[9,12,13,13,16,16,16],"damage_taken":[{"damage":20,"enemies":"2 Louse","floor":2,"turns":3},{"damage":23,"enemies":"Jaw Worm","floor":3,"turns":5},{"damage":10,"enemies":"Small Slimes","floor":4,"turns":4},{"damage":10,"enemies":"Exordium Wildlife","floor":8,"turns":3},{"damage":9,"enemies":"3 Louse","floor":9,"turns":3},{"damage":13,"enemies":"Gremlin Gang","floor":12,"turns":4},{"damage":21,"enemies":"downfall:FleeingMerchant","floor":13,"turns":4},{"damage":43,"enemies":"Large Slime","floor":14,"turns":4},{"damage":0,"enemies":"Blue Slaver","floor":15,"turns":2},{"damage":86,"enemies":"SI_SHIV_ARCHETYPE","floor":16,"turns":8}],"seed_played":"693861724578511433","potions_obtained":[{"floor":2,"key":"champ:CounterPotion"},{"floor":8,"key":"BlessingOfTheForge"},{"floor":9,"key":"Strength Potion"},{"floor":12,"key":"Slimebound:ThreeZeroPotion"},{"floor":13,"key":"EssenceOfSteel"},{"floor":14,"key":"Swift Potion"}],"is_trial":false,"path_per_floor":["R","M","M","M","?","R","T","M","M","R","?","M","$","M","M","B"],"character_chosen":"THE_CHAMP","items_purchased":["champ:AdrenalArmor","PowerPotion"],"campfire_rested":0,"item_purchase_floors":[13,13],"current_hp_per_floor":[90,80,77,77,87,87,87,87,78,78,78,75,69,51,51,0,0,0],"gold":34,"neow_bonus":"RANDOM_COLORLESS","is_daily":false,"chose_seed":false,"campfire_upgraded":2,"win_rate":0.0,"timestamp":1611769698,"path_taken":["R","M","M","M","?","R","T","M","M","R","?","M","$","M","M","BOSS"],"items_purchased_type":["Card","Potion"],"build_version":"2020-12-22","purchased_purges":0,"victory":false,"max_hp_per_floor":[90,90,90,90,100,100,100,100,100,100,100,100,100,100,100,100,100,100],"relic_stats":{"counters":[10,40],"obtain_stats":[{"Girya":11,"downfall:HeartBlessingRed":10,"champ:ChampionCrown":0,"White Beast Statue":7},{"Girya":5,"downfall:HeartBlessingRed":5,"champ:ChampionCrown":0,"White Beast Statue":3},{"Girya":18,"downfall:HeartBlessingRed":18,"champ:ChampionCrown":0,"White Beast Statue":12}]},"card_choices":[{"not_picked":["Blind","Swift Strike"],"picked":"Mind Blast","floor":0},{"not_picked":["champ:BerserkersShout","champ:PerfectedStrike"],"picked":"champ:FlashCut","floor":2},{"not_picked":["champ:Lariat","champ:Circumvent"],"picked":"champ:Endure","floor":3},{"not_picked":["champ:Haymaker","champ:Shatter"],"picked":"champ:Encircle","floor":4},{"not_picked":["champ:EnGarde","champ:CrookedStrike"],"picked":"champ:PerfectedStrike","floor":8},{"not_picked":["champ:Circumvent","champ:DefensiveShout"],"picked":"champ:VampiricStrike","floor":9},{"not_picked":["champ:FlashCut","champ:EndlessRage"],"picked":"champ:BladeFlurry","floor":12},{"not_picked":["champ:PerfectedStrike","champ:CrookedStrike"],"picked":"champ:GutPunch","floor":13},{"not_picked":["champ:Shatter","champ:EndlessRage"],"picked":"champ:StanceDance","floor":14},{"not_picked":["champ:StanceDance","champ:DeathBlow"],"picked":"champ:Duel","floor":15}],"player_experience":1079758,"relics_obtained":[{"floor":7,"key":"White Beast Statue"}],"event_choices":[{"damage_healed":0,"gold_gain":0,"player_choice":"Box","damage_taken":0,"relics_obtained":["Girya"],"max_hp_gain":0,"max_hp_loss":0,"event_name":"Big Fish","floor":11,"gold_loss":0,"cards_obtained":["Regret"]}],"is_beta":false,"boss_relics":[],"items_purged_floors":[],"is_endless":false,"potions_floor_spawned":[2,8,9,12,13,14,15],"killed_by":"SI_SHIV_ARCHETYPE","ascension_level":5}}