{"host":"0awa854l6bexpjrv","time":1611723756,"event":{"mods":["BaseMod","Block Reminder","Colored Map","Colored Powertips","Downfall","Highlight Path","Minty Spire (QoL Compilation)","Quick Restart","Rare Cards Sparkle","StSLib","SuperFastMode"],"gold_per_floor":[0,15,70,90,102,102,102,120,120,133,143,17,17,17,36,133,133,133,152,168,53,53,66,89,100,100,113,127,77,77,97,111,111,111,111],"floor_reached":33,"language":"ENG","playtime":2354,"items_purged":["bronze:Strike","bronze:Defend"],"score":245,"play_id":"2cd6eb5b-13db-47f9-a0e9-262dbe81edbb","local_time":"20210126210236","is_ascension_mode":false,"campfire_choices":[{"data":"bronze:Goto","floor":1.0,"key":"SMITH"},{"floor":6.0,"key":"REST"},{"floor":9.0,"key":"REST"},{"data":"bronze:Flail","floor":13.0,"key":"SMITH"},{"data":"bronze:HyperBeam","floor":18.0,"key":"SMITH"}],"circlet_count":0,"master_deck":["bronze:Defend","bronze:Defend","bronze:Defend","bronze:Replicate","bronze:Goto+1","bronze:Overheat","bronze:DigitalCarnage","bronze:Safeguard","bronze:BronzeOrb","bronze:Fortify","bronze:Turbo","bronze:DigitalCarnage","bronze:Invalidate","bronze:Flail+1","bronze:Terminator","bronze:HyperBeam+1","bronze:DelayedSlice+1","bronze:Deprecate","bronze:BugBarrage+1","bronze:Goto","bronze:Flail","bronze:Repulsor+1","bronze:RecursiveStrike","bronze:Constructor+1","bronze:Branch+1"],"relics":["bronze:BronzeCore","Question Card","Gambling Chip","Philosopher\u0027s Stone","Bag of Marbles","Enchiridion","Eternal Feather"],"acts_visited":["Exordium","TheCity"],"potions_floor_usage":[33,33],"damage_taken":[{"damage":0.0,"enemies":"Jaw Worm","floor":2.0,"turns":3.0},{"damage":35.0,"enemies":"Lagavulin Event","floor":3.0,"turns":6.0},{"damage":0.0,"enemies":"Cultist","floor":4.0,"turns":1.0},{"damage":0.0,"enemies":"Small Slimes","floor":5.0,"turns":4.0},{"damage":5.0,"enemies":"3 Louse","floor":8.0,"turns":3.0},{"damage":2.0,"enemies":"Blue Slaver","floor":10.0,"turns":3.0},{"damage":0.0,"enemies":"2 Fungi Beasts","floor":11.0,"turns":1.0},{"damage":0.0,"enemies":"downfall:FleeingMerchant","floor":12.0,"turns":4.0},{"damage":8.0,"enemies":"Red Slaver","floor":15.0,"turns":2.0},{"damage":24.0,"enemies":"WA_ARCHETYPE_RETAIN","floor":16.0,"turns":5.0},{"damage":0.0,"enemies":"Shell Parasite","floor":19.0,"turns":1.0},{"damage":6.0,"enemies":"Chosen","floor":20.0,"turns":2.0},{"damage":0.0,"enemies":"downfall:FleeingMerchant","floor":21.0,"turns":4.0},{"damage":0,"enemies":"Centurion and Healer","floor":23,"turns":2},{"damage":18,"enemies":"Snake Plant","floor":25,"turns":3},{"damage":1,"enemies":"Cultist and Chosen","floor":27,"turns":3},{"damage":3,"enemies":"Centurion and Healer","floor":28,"turns":3},{"damage":0,"enemies":"3 Cultists","floor":31,"turns":3},{"damage":0,"enemies":"Snake Plant","floor":32,"turns":2},{"damage":67,"enemies":"DF_ARCHETYPE_CLAW","floor":33,"turns":5}],"seed_played":"-8847731188927183108","potions_obtained":[{"floor":4.0,"key":"SmokeBomb"},{"floor":8.0,"key":"AttackPotion"},{"floor":10.0,"key":"Block Potion"},{"floor":16.0,"key":"hexamod:SoulburnPotion"},{"floor":19.0,"key":"bronze:BurnAndBuffPotion"}],"is_trial":false,"path_per_floor":["R","M","?","M","M","R","T","M","R","M","M","$","R","?","M","B",null,"R","M","M","$","?","M","T","M","?","M","M","?","T","M","M","B"],"character_chosen":"THE_AUTOMATON","items_purchased":["bronze:Flail"],"campfire_rested":2,"item_purchase_floors":[12],"current_hp_per_floor":[70,70,35,35,35,56,56,51,70,68,68,68,68,68,60,36,70,70,70,64,64,64,64,64,46,30,29,26,54,54,54,54,0,0,0],"gold":111,"neow_bonus":"REMOVE_TWO","is_daily":false,"chose_seed":false,"campfire_upgraded":3,"win_rate":0.0,"timestamp":1611723756,"path_taken":["R","M","?","M","M","R","T","M","R","M","M","$","R","?","M","BOSS","R","M","M","$","?","?","T","M","?","M","M","?","?","M","M","BOSS"],"items_purchased_type":["Card"],"build_version":"2020-12-22","purchased_purges":2,"victory":false,"max_hp_per_floor":[70,70,70,70,70,70,70,70,70,70,70,70,70,70,70,70,70,70,70,70,70,70,70,70,70,70,70,70,70,70,70,70,70,70,70],"card_choices":[{"not_picked":["bronze:BitShift","bronze:BuggyMess"],"picked":"bronze:Overheat","floor":2.0},{"not_picked":["bronze:Safeguard","bronze:Boost","bronze:Iterate"],"picked":"bronze:DigitalCarnage","floor":3.0},{"not_picked":["bronze:BronzeArmor","bronze:Turbo","bronze:Separator"],"picked":"bronze:Safeguard","floor":4.0},{"not_picked":["bronze:DigitalCarnage","bronze:Branch","bronze:BitShift"],"picked":"bronze:BronzeOrb","floor":5.0},{"not_picked":["bronze:SpaghettiCode","bronze:BronzeArmor","bronze:BugBarrage"],"picked":"bronze:Fortify","floor":8.0},{"not_picked":["bronze:BronzeArmor","bronze:OilSpill","bronze:Return"],"picked":"bronze:Turbo","floor":10.0},{"not_picked":["bronze:Overheat","bronze:BitShift","bronze:InfiniteBeams"],"picked":"bronze:DigitalCarnage","floor":11.0},{"not_picked":["bronze:Frontload","bronze:Philosophize","bronze:Branch"],"picked":"bronze:Invalidate","floor":12.0},{"not_picked":["bronze:DarkDash","bronze:OilSpill","bronze:Constructor"],"picked":"bronze:Terminator","floor":15.0},{"not_picked":["bronze:Virus","bronze:Format","bronze:FindAndReplace"],"picked":"bronze:HyperBeam","floor":16.0},{"not_picked":["bronze:BuggyMess+1","bronze:FineTuning+1","bronze:DelayedGuard"],"picked":"bronze:DelayedSlice+1","floor":19.0},{"not_picked":["bronze:Philosophize","bronze:BugBarrage","bronze:NullPointer+1"],"picked":"bronze:Deprecate","floor":20.0},{"not_picked":["bronze:BuggyMess","bronze:Invalidate","bronze:Overheat"],"picked":"bronze:BugBarrage+1","floor":21.0},{"not_picked":["bronze:Turbo","bronze:WhirlingStrike","bronze:Iterate","bronze:BugBarrage"],"picked":"SKIP","floor":23},{"not_picked":["bronze:BuggyMess","bronze:Separator+1","bronze:DelayedSlice"],"picked":"bronze:Repulsor+1","floor":25},{"not_picked":["bronze:CloningBeam","bronze:Deprecate","bronze:Turbo+1"],"picked":"bronze:RecursiveStrike","floor":27},{"not_picked":["bronze:DelayedSlice","bronze:DelayedGuard","bronze:WildBeam+1"],"picked":"bronze:Constructor+1","floor":28},{"not_picked":["bronze:ForceShield","bronze:Frontload","bronze:DelayedGuard+1","bronze:Branch"],"picked":"SKIP","floor":31},{"not_picked":["bronze:WhirlingStrike","bronze:BitShift","bronze:Turbo+1"],"picked":"bronze:Branch+1","floor":32}],"player_experience":641943,"relics_obtained":[{"floor":7.0,"key":"Gambling Chip"},{"floor":24,"key":"Bag of Marbles"},{"floor":26,"key":"Enchiridion"},{"floor":30,"key":"Eternal Feather"}],"event_choices":[{"cards_removed":["bronze:Strike"],"damage_healed":0.0,"max_hp_gain":0.0,"max_hp_loss":0.0,"gold_gain":0.0,"event_name":"The Cleric","player_choice":"Card Removal","floor":14.0,"gold_loss":0.0,"damage_taken":0.0}],"is_beta":false,"boss_relics":[{"not_picked":["Tiny House","Runic Dome"],"picked":"Philosopher\u0027s Stone"}],"items_purged_floors":[12,21],"is_endless":false,"potions_floor_spawned":[4,8,10,15,16,19,27,32],"killed_by":"DF_ARCHETYPE_CLAW","ascension_level":0}}