{"host":"msmkw03x1o7nq45i","time":1611770466,"event":{"mods":["AchievementEnabler","BaseMod","Bestiary","Colored Powertips","GifTheSpireLib","Highlight Path","Minty Spire (QoL Compilation)","Random Character Button","StSLib","everything is the same but u backflip on backflip"],"gold_per_floor":[366,209,227,227,3,32,51,51,101,112,62,81,112,128,128,128,128],"floor_reached":16,"language":"ENG","playtime":804,"items_purged":[],"score":190,"play_id":"d33afa0c-7416-4fb0-a091-14fc14fd42ac","local_time":"20210127200106","is_ascension_mode":true,"campfire_choices":[{"data":"Ball Lightning","floor":15,"key":"SMITH"}],"circlet_count":0,"master_deck":["AscendersBane","Strike_B","Strike_B","Strike_B","Defend_B","Defend_B","Defend_B","Zap","Dualcast","Ball Lightning+1","Sweeping Beam","Hyperbeam","Skim","Leap","Chill","Hologram","Redo+1","Seek+1"],"relics":["Cracked Core","Centennial Puzzle","Toy Ornithopter","Happy Flower","PreservedInsect","Toxic Egg 2"],"acts_visited":["Exordium"],"potions_floor_usage":[6,16,16],"damage_taken":[{"damage":0,"enemies":"Jaw Worm","floor":1,"turns":3},{"damage":2,"enemies":"Small Slimes","floor":3,"turns":3},{"damage":15,"enemies":"3 Sentries","floor":6,"turns":3},{"damage":0,"enemies":"Cultist","floor":7,"turns":3},{"damage":0,"enemies":"Blue Slaver","floor":10,"turns":2},{"damage":0,"enemies":"2 Fungi Beasts","floor":12,"turns":2},{"damage":8,"enemies":"Gremlin Nob","floor":13,"turns":3},{"damage":6,"enemies":"Looter","floor":14,"turns":3},{"damage":50,"enemies":"Hexaghost","floor":16,"turns":9}],"seed_played":"-3106471239900553172","potions_obtained":[{"floor":1,"key":"ColorlessPotion"},{"floor":7,"key":"FocusPotion"},{"floor":10,"key":"Energy Potion"}],"is_trial":false,"path_per_floor":["M","$","M","?","$","E","M","?","T","M","?","M","E","M","R","B"],"character_chosen":"DEFECT","items_purchased":["Centennial Puzzle","Hyperbeam","Toy Ornithopter"],"campfire_rested":0,"item_purchase_floors":[2,5,5],"current_hp_per_floor":[64,64,62,55,55,45,45,50,50,50,50,50,42,36,36,0,0],"gold":128,"neow_bonus":"TWO_FIFTY_GOLD","is_daily":false,"chose_seed":false,"campfire_upgraded":1,"win_rate":0.0,"timestamp":1611770466,"path_taken":["M","$","M","?","$","E","M","?","T","M","?","M","E","M","R","BOSS"],"items_purchased_type":["Relic","Card","Relic"],"build_version":"2020-12-22","purchased_purges":0,"victory":false,"max_hp_per_floor":[64,64,64,64,64,64,64,69,69,69,69,69,69,69,69,69,69],"card_choices":[{"not_picked":["Compile Driver","Hologram"],"picked":"Ball Lightning","floor":1},{"not_picked":["Coolheaded","Beam Cell"],"picked":"Sweeping Beam","floor":3},{"not_picked":["Auto Shields","Stack"],"picked":"Skim","floor":6},{"not_picked":["Scrape","Sweeping Beam"],"picked":"Leap","floor":7},{"not_picked":["Beam Cell","Conserve Battery"],"picked":"Chill","floor":10},{"not_picked":["Hello World","Sweeping Beam"],"picked":"Hologram","floor":12},{"not_picked":["Beam Cell","Scrape"],"picked":"Redo+1","floor":13},{"not_picked":["Redo+1","Self Repair"],"picked":"Seek+1","floor":14}],"player_experience":418084,"relics_obtained":[{"floor":6,"key":"Happy Flower"},{"floor":9,"key":"PreservedInsect"},{"floor":13,"key":"Toxic Egg 2"}],"event_choices":[{"cards_removed":["Defend_B"],"damage_healed":0,"gold_gain":0,"player_choice":"Card Removal","damage_taken":7,"max_hp_gain":0,"max_hp_loss":0,"event_name":"Golden Wing","floor":4,"gold_loss":0},{"damage_healed":0,"gold_gain":0,"player_choice":"Donut","damage_taken":0,"max_hp_gain":5,"max_hp_loss":0,"event_name":"Big Fish","floor":8,"gold_loss":0},{"cards_removed":["Strike_B"],"damage_healed":0,"gold_gain":0,"player_choice":"Card Removal","damage_taken":0,"max_hp_gain":0,"max_hp_loss":0,"event_name":"The Cleric","floor":11,"gold_loss":50}],"is_beta":false,"boss_relics":[],"items_purged_floors":[],"is_endless":false,"potions_floor_spawned":[1,7,10,12],"killed_by":"Hexaghost","ascension_level":14}}