{"host":"f5n4tidiz2n5sooh","time":1611744867,"event":{"mods":["BaseMod","Colored Map","Minty Spire (QoL Compilation)","Relic Stats","Slay the Relics Exporter","StSLib"],"gold_per_floor":[111,126,126,49,64,64,99,99,124,157,157,177,177,22,22,94,94,52,52,52,68,80,80,80],"floor_reached":23,"language":"ENG","playtime":1031,"items_purged":["Strike_R"],"score":398,"play_id":"c2a5919c-e12e-47e2-9581-97e631a94ee1","local_time":"20210127045427","is_ascension_mode":true,"campfire_choices":[{"data":"Rupture","floor":6,"key":"SMITH"},{"data":"True Grit","floor":8,"key":"SMITH"},{"data":"Carnage","floor":11,"key":"SMITH"},{"data":"Feel No Pain","floor":15,"key":"SMITH"}],"circlet_count":0,"master_deck":["AscendersBane","Strike_R","Strike_R","Strike_R","Defend_R+1","Defend_R","Defend_R","Defend_R","Bash","Hemokinesis+1","Thunderclap","Shrug It Off","True Grit+1","Rupture+1","Feel No Pain+1","Carnage+1","Shrug It Off","Feed","Hemokinesis+1","Fiend Fire"],"relics":["Burning Blood","Vajra","Art of War","Ancient Tea Set","Cursed Key"],"acts_visited":["Exordium","TheCity"],"potions_floor_usage":[7,16,18,23,23],"damage_taken":[{"damage":6,"enemies":"Cultist","floor":1,"turns":3},{"damage":13,"enemies":"Jaw Worm","floor":2,"turns":3},{"damage":2,"enemies":"Small Slimes","floor":5,"turns":3},{"damage":27,"enemies":"Lagavulin","floor":7,"turns":6},{"damage":12,"enemies":"3 Sentries","floor":10,"turns":12},{"damage":2,"enemies":"Looter","floor":12,"turns":1},{"damage":16,"enemies":"Slime Boss","floor":16,"turns":6},{"damage":10,"enemies":"2 Thieves","floor":18,"turns":5},{"damage":24,"enemies":"3 Byrds","floor":21,"turns":6},{"damage":30,"enemies":"Cultist and Chosen","floor":22,"turns":8},{"damage":27,"enemies":"Gremlin Leader","floor":23,"turns":6}],"seed_played":"-955498533856223991","potions_obtained":[{"floor":1,"key":"Energy Potion"},{"floor":10,"key":"CultistPotion"},{"floor":16,"key":"BlessingOfTheForge"},{"floor":20,"key":"DuplicationPotion"}],"is_trial":false,"path_per_floor":["M","M","?","$","M","R","E","R","T","E","R","M","?","$","R","B",null,"M","$","?","M","M","E"],"character_chosen":"IRONCLAD","items_purchased":["Shrug It Off","True Grit","DuplicationPotion"],"campfire_rested":0,"item_purchase_floors":[4,4,14],"current_hp_per_floor":[75,68,43,43,47,47,26,26,26,20,20,24,24,24,24,14,65,65,65,65,50,26,0,0],"gold":80,"neow_bonus":"TEN_PERCENT_HP_BONUS","is_daily":false,"chose_seed":false,"campfire_upgraded":4,"win_rate":0.0,"timestamp":1611744867,"path_taken":["M","M","?","$","M","R","E","R","T","E","R","M","?","$","R","BOSS","M","?","?","M","M","E"],"items_purchased_type":["Card","Card","Potion"],"build_version":"2020-12-22","purchased_purges":1,"victory":false,"max_hp_per_floor":[82,82,82,82,82,82,82,82,82,82,82,82,82,82,82,82,82,86,86,86,89,89,89,89],"relic_stats":{"counters":[11,59],"Art of War":[3],"Cursed Key":0,"obtain_stats":[{"Vajra":7,"Art of War":9,"Ancient Tea Set":10,"Cursed Key":17,"Burning Blood":0},{"Vajra":4,"Art of War":4,"Ancient Tea Set":5,"Cursed Key":7,"Burning Blood":0},{"Vajra":15,"Art of War":15,"Ancient Tea Set":27,"Cursed Key":34,"Burning Blood":0}],"Burning Blood":60},"card_choices":[{"not_picked":["Seeing Red","Dropkick"],"picked":"Hemokinesis","floor":1},{"not_picked":["Heavy Blade","Clothesline"],"picked":"Thunderclap","floor":2},{"not_picked":["Sever Soul","True Grit"],"picked":"Rupture","floor":5},{"not_picked":["Searing Blow","Shrug It Off"],"picked":"Feel No Pain","floor":7},{"not_picked":["Entrench","Iron Wave"],"picked":"Carnage","floor":10},{"not_picked":["Havoc","Heavy Blade"],"picked":"Shrug It Off","floor":12},{"not_picked":["Juggernaut","Exhume"],"picked":"Feed","floor":16},{"not_picked":["Perfected Strike","True Grit"],"picked":"Hemokinesis+1","floor":18},{"not_picked":["Heavy Blade","Wild Strike","Cleave"],"picked":"SKIP","floor":21},{"not_picked":["Twin Strike","Evolve"],"picked":"Fiend Fire","floor":22}],"player_experience":2033186,"relics_obtained":[{"floor":7,"key":"Vajra"},{"floor":9,"key":"Art of War"},{"floor":10,"key":"Ancient Tea Set"}],"event_choices":[{"damage_healed":0,"gold_gain":0,"player_choice":"Entered Light","damage_taken":25,"max_hp_gain":0,"max_hp_loss":0,"event_name":"Shining Light","floor":3,"gold_loss":0,"cards_upgraded":["Hemokinesis","Defend_R"]},{"cards_removed":["Strike_R"],"damage_healed":0,"gold_gain":0,"player_choice":"Offered Basic","damage_taken":0,"max_hp_gain":0,"max_hp_loss":0,"event_name":"Bonfire Elementals","floor":13,"gold_loss":0},{"damage_healed":0,"gold_gain":0,"player_choice":"Got Potions","damage_taken":0,"max_hp_gain":0,"max_hp_loss":0,"event_name":"Lab","floor":20,"gold_loss":0}],"is_beta":false,"boss_relics":[{"not_picked":["Philosopher\u0027s Stone","Tiny House"],"picked":"Cursed Key"}],"items_purged_floors":[14],"is_endless":false,"potions_floor_spawned":[1,10,16],"killed_by":"Gremlin Leader","ascension_level":20}}