{"host":"d7fiu2yjkssjxoz6","time":1611710561,"event":{"mods":["AchievementEnabler","BaseMod","Duelist Mod","Minty Spire (QoL Compilation)","StSLib"],"gold_per_floor":[142,142,211,226,240,240,240,269,269,269,269],"floor_reached":10,"language":"ENG","playtime":518,"items_purged":[],"score":116,"play_id":"c164e85b-19bd-42f4-bfc1-8e9d04dd09c6","local_time":"20210126172241","is_ascension_mode":true,"campfire_choices":[{"data":"theDuelist:Nameless:Power:KamionTimelord","floor":6,"key":"SMITH"}],"circlet_count":0,"master_deck":["theDuelist:ArchfiendSoldier","theDuelist:ArmoredZombie","AscendersBane","theDuelist:CastleWalls","theDuelist:CastleWalls","theDuelist:ClownZombie","theDuelist:PatricianDarkness","theDuelist:ShallowGrave","theDuelist:Sparks","theDuelist:Sparks","theDuelist:SummonedSkull","theDuelist:Nameless:Power:KamionTimelord+1","theDuelist:Nameless:War:BerserkerCrush","theDuelist:VendreadHoundhorde","theDuelist:MoltenZombie"],"relics":["theDuelist:MillenniumPuzzle","theDuelist:CardPoolRelic","theDuelist:CardPoolBasicRelic","theDuelist:BoosterPackPoolRelic","theDuelist:CardPoolAddRelic","theDuelist:CardPoolMinusRelic","theDuelist:CardPoolSaveRelic","theDuelist:CardPoolOptionsRelic","Anchor","Cables"],"acts_visited":["Exordium"],"potions_floor_usage":[],"damage_taken":[{"damage":0,"enemies":"Jaw Worm","floor":1,"turns":3},{"damage":0,"enemies":"2 Louse","floor":4,"turns":2},{"damage":1,"enemies":"Cultist","floor":5,"turns":4},{"damage":20,"enemies":"Gremlin Nob","floor":8,"turns":4},{"damage":74,"enemies":"3 Sentries","floor":10,"turns":8}],"seed_played":"-26567237989846386","potions_obtained":[{"floor":1,"key":"theDuelist:SealedPackD"}],"is_trial":false,"path_per_floor":["M","?","T","M","M","R","?","E","T","E"],"character_chosen":"THE_DUELIST","items_purchased":[],"campfire_rested":0,"item_purchase_floors":[],"current_hp_per_floor":[70,83,83,83,82,82,90,70,70,0,0],"gold":269,"neow_bonus":"TEN_PERCENT_HP_BONUS","is_daily":false,"chose_seed":false,"campfire_upgraded":1,"win_rate":0.0,"timestamp":1611710561,"path_taken":["M","?","?","M","M","R","?","E","T","E"],"items_purchased_type":[],"build_version":"2020-12-22","purchased_purges":0,"victory":false,"max_hp_per_floor":[77,90,90,90,90,90,90,90,90,90,90],"card_choices":[{"not_picked":["theDuelist:Doomdog","theDuelist:Wasteland","theDuelist:VampireDomain","theDuelist:OboroGuruma"],"picked":"SKIP","floor":1},{"not_picked":["theDuelist:VendreadStriges","theDuelist:VendreadChimera","theDuelist:RevendreadSlayer","theDuelist:RevendreadExecutor"],"picked":"theDuelist:VendreadHoundhorde","floor":4},{"not_picked":["theDuelist:UmbralHorrorGhost","theDuelist:FlyingSaucer","theDuelist:Hajun","theDuelist:GoblinZombie"],"picked":"theDuelist:FiendishChain","floor":5},{"not_picked":["theDuelist:Pumpking","theDuelist:GhostrickMuseum","theDuelist:BoneMouse","theDuelist:Necroface"],"picked":"theDuelist:MoltenZombie","floor":8}],"player_experience":321364,"relics_obtained":[{"floor":8,"key":"Anchor"},{"floor":9,"key":"Cables"}],"event_choices":[{"power_reward":4,"total_magic_score":11,"gold_gain":0,"duelist":true,"damage_taken":0,"relics_obtained":[],"points":18,"war_reward":4,"max_hp_gain":13,"max_hp_loss":0,"spent_points":{"magic":0,"greed":0,"war":4,"power":4,"hunger":4},"event_name":"Nameless Tomb","hunger_reward":4,"floor":2,"gold_loss":0,"cards_obtained":["theDuelist:Nameless:Power:KamionTimelord","theDuelist:Nameless:War:BerserkerCrush"]},{"cards_removed":["theDuelist:FiendishChain"],"damage_healed":8,"gold_gain":0,"player_choice":"Offered Uncommon","damage_taken":0,"max_hp_gain":0,"max_hp_loss":0,"event_name":"Bonfire Elementals","floor":7,"gold_loss":0}],"is_beta":false,"boss_relics":[],"items_purged_floors":[],"is_endless":false,"potions_floor_spawned":[1],"killed_by":"3 Sentries","ascension_level":15}}