{"host":"hca6liskeo7s99fa","time":1611775783,"event":{"mods":["BaseMod","Downfall","Minty Spire (QoL Compilation)","Replay The Spire","StSLib","The Cursed"],"gold_per_floor":[116,130,16,16,34,34,68,80,131,159,159,178,197,230,230,328,328,298,311,35,35,49,83,83,95,95,111,124,124,154,167,167,167,167],"floor_reached":33,"language":"ENG","playtime":3389,"items_purged":["TheCursedMod:Defend_TheCursed","TheCursedMod:Strike_TheCursed"],"score":379,"play_id":"286df654-ffd6-4d64-94b5-cf43e1a63a61","local_time":"20210127142943","is_ascension_mode":true,"campfire_choices":[{"data":"TheCursedMod:DarkBarrier","floor":6,"key":"SMITH"},{"data":"TheCursedMod:CircleOfFlame","floor":11,"key":"SMITH"},{"data":"TheCursedMod:CleanUpWorkshop","floor":15,"key":"SMITH"},{"data":"TheCursedMod:DemonicPact","floor":24,"key":"SMITH"},{"floor":32,"key":"REST"}],"circlet_count":0,"master_deck":["TheCursedMod:Strike_TheCursed","TheCursedMod:Strike_TheCursed","TheCursedMod:Defend_TheCursed","TheCursedMod:Defend_TheCursed","TheCursedMod:Defend_TheCursed","TheCursedMod:CursedWand","TheCursedMod:CleanUpWorkshop+1","TheCursedMod:Dregs","TheCursedMod:CircleOfFlame+1","TheCursedMod:CursedShiv","TheCursedMod:SmokeScreen+1","TheCursedMod:CursedBoomerang","TheCursedMod:DarkBarrier+1","TheCursedMod:RapidMovement","TheCursedMod:Wield","TheCursedMod:SurpriseAttack","TheCursedMod:SpitefulStrike","TheCursedMod:CursedShiv","TheCursedMod:DemonicPact+1","TheCursedMod:Wield+1","TheCursedMod:LuckyCharm","J.A.X.","TheCursedMod:DoubleShield+1","TheCursedMod:CircleOfFlame+1","TheCursedMod:ReleasedKnowledge+1","TheCursedMod:SpitefulPlan","TheCursedMod:BloodBarrier+1"],"relics":["Painkiller Herb","Smiling Mask","Pet Ghost","CaptainsWheel","Matryoshka","TheCursedMod:FourLeafCloverCharm","Sling","Toxic Egg 2","Potion Belt","Chameleon Ring","Question Card"],"acts_visited":["Exordium","TheCity"],"potions_floor_usage":[10,12,16,16,18,30,33],"damage_taken":[{"damage":2,"enemies":"Small Slimes","floor":1,"turns":4},{"damage":0,"enemies":"Cultist","floor":2,"turns":4},{"damage":0,"enemies":"Jaw Worm","floor":5,"turns":3},{"damage":27,"enemies":"3 Sentries","floor":7,"turns":9},{"damage":0,"enemies":"Large Slime","floor":8,"turns":5},{"damage":4,"enemies":"Gremlin Nob","floor":10,"turns":4},{"damage":0,"enemies":"Looter","floor":12,"turns":2},{"damage":0,"enemies":"2 Fungi Beasts","floor":13,"turns":2},{"damage":0,"enemies":"3 Sentries","floor":14,"turns":4},{"damage":12,"enemies":"Fading Forest","floor":16,"turns":11},{"damage":0,"enemies":"2 Thieves","floor":18,"turns":2},{"damage":0,"enemies":"Spheric Guardian","floor":19,"turns":4},{"damage":5,"enemies":"Snecko","floor":22,"turns":5},{"damage":6,"enemies":"Gremlin Leader","floor":23,"turns":4},{"damage":16,"enemies":"Chosen and Byrds","floor":25,"turns":6},{"damage":3,"enemies":"Snake Plant","floor":27,"turns":4},{"damage":3,"enemies":"Centurion and Healer","floor":28,"turns":5},{"damage":39,"enemies":"Book of Stabbing","floor":30,"turns":6},{"damage":0,"enemies":"Sentry and Sphere","floor":31,"turns":6},{"damage":29,"enemies":"Pondfish","floor":33,"turns":7}],"seed_played":"6084379808458841539","potions_obtained":[{"floor":1,"key":"SmokeBomb"},{"floor":7,"key":"SkillPotion"},{"floor":10,"key":"Regen Potion"},{"floor":12,"key":"SteroidPotion"},{"floor":13,"key":"Flashbang"},{"floor":19,"key":"champ:CounterPotion"},{"floor":30,"key":"Weak Potion"}],"is_trial":false,"path_per_floor":["?","?","T","?","?","T","E","?","T","E","T","?","?","E","T","B",null,"?","?","T","?","?","E","T","?","T","?","?","T","E","?","T","B"],"character_chosen":"THE_CURSED","items_purchased":["TheCursedMod:SmokeScreen+1","Sling","TheCursedMod:LuckyCharm"],"campfire_rested":1,"item_purchase_floors":[3,20,20],"current_hp_per_floor":[73,73,73,73,73,73,46,46,46,42,42,47,47,47,47,35,75,75,75,75,75,70,64,64,48,48,45,42,42,3,3,25,0,0],"gold":167,"neow_bonus":"BOSS_RELIC","is_daily":false,"chose_seed":false,"campfire_upgraded":4,"win_rate":0.0,"timestamp":1611775783,"path_taken":["?","?","T","?","?","T","E","?","T","E","T","?","?","E","T","BOSS","?","?","T","?","?","E","T","?","T","?","?","T","E","?","T","BOSS"],"items_purchased_type":["Card","Relic","Card"],"build_version":"2020-12-22","purchased_purges":2,"victory":false,"max_hp_per_floor":[75,75,75,75,75,75,75,75,75,75,75,75,75,75,75,75,75,75,75,75,75,75,75,75,75,75,75,75,75,75,75,75,75,75],"card_choices":[{"not_picked":["TheCursedMod:CircleOfAmplification","TheCursedMod:SmokeScreen"],"picked":"TheCursedMod:CircleOfFlame","floor":1},{"not_picked":["TheCursedMod:WearCloak","TheCursedMod:Stigma"],"picked":"TheCursedMod:CursedShiv","floor":2},{"not_picked":["TheCursedMod:RapidMovement","TheCursedMod:Obscuration"],"picked":"TheCursedMod:DarkBarrier","floor":5},{"not_picked":["TheCursedMod:CursedBoomerang","TheCursedMod:DarkBarrier"],"picked":"TheCursedMod:RapidMovement","floor":7},{"not_picked":["TheCursedMod:ReleasedKnowledge","TheCursedMod:PrepareRite"],"picked":"TheCursedMod:Wield","floor":8},{"not_picked":["TheCursedMod:Stigma","TheCursedMod:FleshFromBone"],"picked":"TheCursedMod:SurpriseAttack","floor":10},{"not_picked":["TheCursedMod:SurpriseAttack","TheCursedMod:VitalStrike"],"picked":"TheCursedMod:SpitefulStrike","floor":12},{"not_picked":["TheCursedMod:Stigma","TheCursedMod:RavingStaff","TheCursedMod:FleshFromBone"],"picked":"SKIP","floor":13},{"not_picked":["TheCursedMod:CircleOfCorruption","TheCursedMod:SoulReap"],"picked":"TheCursedMod:CursedShiv","floor":14},{"not_picked":["TheCursedMod:Neurasthenia","TheCursedMod:DemonSword"],"picked":"TheCursedMod:DemonicPact","floor":16},{"not_picked":["TheCursedMod:Mangle","TheCursedMod:Obscuration"],"picked":"TheCursedMod:Wield+1","floor":19},{"not_picked":["TheCursedMod:Wield","TheCursedMod:Torture","TheCursedMod:SmokeScreen"],"picked":"SKIP","floor":22},{"not_picked":["TheCursedMod:Obscuration+1","TheCursedMod:SaltUponWound+1"],"picked":"TheCursedMod:DoubleShield+1","floor":23},{"not_picked":["TheCursedMod:CursedStaff","TheCursedMod:TroublousMinions+1"],"picked":"TheCursedMod:CircleOfFlame+1","floor":25},{"not_picked":["TheCursedMod:Stretching+1","TheCursedMod:CursedAmulet+1"],"picked":"TheCursedMod:ReleasedKnowledge+1","floor":27},{"not_picked":["TheCursedMod:CursedArmor+1","TheCursedMod:ReleasedKnowledge+1"],"picked":"TheCursedMod:SpitefulPlan","floor":28},{"not_picked":["TheCursedMod:SmokeScreen+1","TheCursedMod:CursedRelics"],"picked":"TheCursedMod:BloodBarrier+1","floor":30},{"not_picked":["TheCursedMod:RavingStaff","TheCursedMod:AshesToAshes+1","TheCursedMod:DoubleShield+1","TheCursedMod:SpitefulStrike"],"picked":"SKIP","floor":31}],"player_experience":290391,"relics_obtained":[{"floor":7,"key":"Smiling Mask"},{"floor":9,"key":"Pet Ghost"},{"floor":10,"key":"CaptainsWheel"},{"floor":14,"key":"Matryoshka"},{"floor":23,"key":"Toxic Egg 2"},{"floor":26,"key":"Potion Belt"},{"floor":26,"key":"Chameleon Ring"},{"floor":30,"key":"Question Card"}],"event_choices":[{"damage_healed":0,"gold_gain":0,"cards_transformed":["TheCursedMod:Strike_TheCursed"],"player_choice":"Transformed","damage_taken":0,"max_hp_gain":0,"max_hp_loss":0,"event_name":"Transmorgrifier","floor":4,"gold_loss":0,"cards_obtained":["TheCursedMod:CursedBoomerang"]},{"damage_healed":0,"gold_gain":0,"player_choice":"Obtain J.A.X.","damage_taken":0,"max_hp_gain":0,"max_hp_loss":0,"event_name":"Drug Dealer","floor":21,"gold_loss":0,"cards_obtained":["J.A.X."]}],"is_beta":false,"boss_relics":[{"not_picked":["Tiny House","Runic Pyramid"],"picked":"TheCursedMod:FourLeafCloverCharm"}],"items_purged_floors":[3,20],"is_endless":false,"potions_floor_spawned":[1,7,10,12,13,18,19,30],"killed_by":"Pondfish","ascension_level":1}}