{"host":"tyeg9214rgutn7tb","time":1611775593,"event":{"mods":["BaseMod","Colored Map","Custom Start","Downfall","Minty Spire (QoL Compilation)","StSLib"],"gold_per_floor":[99,132,165,165,216,291,291,390,27,117,17,83,83,83,134,404,404,404,453,491,70,123,123,123,234,284,184,241,541,200,287,359,618,618,518,662,765,765,383,440,440,494,494,563,563,563,653,653,653,653],"floor_reached":48,"language":"ENG","playtime":3364,"items_purged":[],"score":1736,"play_id":"dfc09ea5-4774-4e6c-980a-1513f09fbe60","local_time":"20210127202633","daily_mods":["Hoarder","Heirloom","Time Dilation","Elite Swarm","Midas"],"is_ascension_mode":true,"campfire_choices":[{"floor":1,"key":"RECALL"},{"floor":11,"key":"REST"},{"floor":13,"key":"REST"},{"floor":18,"key":"REST"},{"floor":43,"key":"REST"}],"circlet_count":0,"master_deck":["AscendersBane","sneckomod:Strike","sneckomod:Strike","sneckomod:Strike","sneckomod:Defend","sneckomod:Defend","sneckomod:Defend","sneckomod:SnekBite","sneckomod:Unknown","sneckomod:Unknown","sneckomod:SnekBeam","sneckomod:SnekBeam","sneckomod:SnekBeam","sneckomod:UnknownBlock","sneckomod:UnknownBlock","sneckomod:UnknownBlock","sneckomod:DiceBlock","sneckomod:DiceBlock+1","sneckomod:DiceBlock","sneckomod:UnknownRareAttack","sneckomod:UnknownRareAttack","sneckomod:UnknownRareAttack","sneckomod:UnknownBoss","sneckomod:UnknownBoss","sneckomod:UnknownBoss","sneckomod:GlitteringGambit","sneckomod:GlitteringGambit","sneckomod:GlitteringGambit","Dark Shackles","Dark Shackles","Dark Shackles","sneckomod:UnendingSupply+1","sneckomod:UnendingSupply+1","sneckomod:UnendingSupply+1","sneckomod:UnlimitedRolls+1","sneckomod:UnlimitedRolls+1","sneckomod:UnknownX","sneckomod:UnknownX","sneckomod:UnknownX","sneckomod:DiceBlock","sneckomod:DiceBlock+1","sneckomod:DiceBlock","sneckomod:Unknown3Cost","sneckomod:Unknown3Cost","sneckomod:UnknownCommonSkill","sneckomod:UnknownCommonSkill","sneckomod:UnknownCommonSkill","hexamod:SixthSeal","hexamod:SixthSeal","hexamod:SixthSeal","sneckomod:UnknownWeak","sneckomod:UnknownWeak+1","sneckomod:UnknownWeak","sneckomod:DiceCrush+1","sneckomod:DiceCrush","sneckomod:DiceCrush","sneckomod:UnknownUncommonSkill","sneckomod:UnknownUncommonSkill","sneckomod:UnknownUncommonSkill","expansioncontent:InvincibleStrength+1","expansioncontent:InvincibleStrength+1","expansioncontent:InvincibleStrength+1","sneckomod:UnknownRareSkill","sneckomod:UnknownRareSkill","Reboot","Reboot","Reboot","sneckomod:Cheat","sneckomod:Cheat","sneckomod:Cheat","hexamod:FifthSeal","hexamod:FifthSeal","hexamod:FifthSeal","sneckomod:UnknownBlock+1","sneckomod:UnknownBlock+1","sneckomod:UnknownBlock+1","sneckomod:UnknownVulnerable","sneckomod:UnknownVulnerable","sneckomod:UnknownVulnerable","hexamod:FirstSeal","hexamod:FirstSeal","hexamod:FirstSeal","hexamod:ThirdSeal","hexamod:ThirdSeal","hexamod:ThirdSeal","sneckomod:UnknownCommonAttack","sneckomod:UnknownCommonAttack","sneckomod:UnknownCommonAttack","sneckomod:UnknownDraw","sneckomod:UnknownDraw","sneckomod:UnknownDraw","sneckomod:UnknownClassHEXA_GHOST_PURPLE","sneckomod:UnknownClassHEXA_GHOST_PURPLE+1","sneckomod:UnknownClassHEXA_GHOST_PURPLE+1","hexamod:SecondSeal","hexamod:SecondSeal","hexamod:SecondSeal","hexamod:FourthSeal","hexamod:FourthSeal","hexamod:FourthSeal","sneckomod:SerpentMind+1","sneckomod:SerpentMind+1","sneckomod:SerpentMind+1","sneckomod:MorePower+1","sneckomod:MorePower+1","sneckomod:MorePower+1","sneckomod:Unknown1Cost+1","sneckomod:Unknown1Cost+1","sneckomod:Unknown1Cost+1","sneckomod:UnknownBoss","sneckomod:UnknownBoss","sneckomod:UnknownBoss","sneckomod:SerpentMind+1","sneckomod:SerpentMind+1","sneckomod:SerpentMind+1","sneckomod:UnknownRarePower+1","sneckomod:UnknownRarePower+1","sneckomod:UnknownBoss","sneckomod:UnknownBoss","sneckomod:UnknownBoss","Echo Form+1","Echo Form+1","Echo Form+1","sneckomod:UnknownDexterity","sneckomod:UnknownDexterity","sneckomod:UnknownDexterity","sneckomod:UnknownExhaust","sneckomod:UnknownExhaust","sneckomod:UnknownExhaust","sneckomod:UnknownVulnerable","sneckomod:UnknownVulnerable","sneckomod:UnknownVulnerable","sneckomod:Restock","sneckomod:Restock","sneckomod:Restock","sneckomod:UnknownDraw","sneckomod:UnknownDraw","sneckomod:UnknownDraw","sneckomod:RainOfDice+1","sneckomod:RainOfDice","sneckomod:RainOfDice","hexamod:FirstSeal","hexamod:FirstSeal","hexamod:FirstSeal","hexamod:ThirdSeal","hexamod:ThirdSeal","hexamod:ThirdSeal","hexamod:SecondSeal","hexamod:SecondSeal","hexamod:SecondSeal","hexamod:FourthSeal","hexamod:FourthSeal","hexamod:FourthSeal","sneckomod:UnknownX","sneckomod:UnknownX","sneckomod:UnknownX","sneckomod:UnknownDexterity","sneckomod:UnknownDexterity","sneckomod:UnknownDexterity","sneckomod:UnknownClassBLUE","sneckomod:UnknownClassBLUE","sneckomod:UnknownClassBLUE","sneckomod:WideSting+1","sneckomod:WideSting+1","sneckomod:WideSting+1","Echo Form+1","Echo Form+1","Echo Form+1","sneckomod:UnknownDexterity","sneckomod:UnknownDexterity","sneckomod:UnknownDexterity","sneckomod:UnknownStrike","sneckomod:UnknownStrike","sneckomod:UnknownStrike","sneckomod:RainOfDice+1","sneckomod:RainOfDice+1","sneckomod:RainOfDice+1","expansioncontent:DashGenerateEvil","expansioncontent:DashGenerateEvil","expansioncontent:DashGenerateEvil","sneckomod:UnknownBlock","sneckomod:UnknownBlock","sneckomod:UnknownBlock","sneckomod:UnknownCommonSkill","sneckomod:UnknownCommonSkill","sneckomod:UnknownCommonSkill","sneckomod:Unknown1Cost","sneckomod:Unknown1Cost","sneckomod:Unknown1Cost","hexamod:SixthSeal","hexamod:SixthSeal","hexamod:SixthSeal","sneckomod:DiceBlock+1","sneckomod:DiceBlock+1","sneckomod:DiceBlock+1","sneckomod:UnknownVulnerable","sneckomod:UnknownVulnerable","sneckomod:UnknownVulnerable","sneckomod:DefensiveFlair","sneckomod:DefensiveFlair","sneckomod:DefensiveFlair+1","sneckomod:UnknownCommonSkill","sneckomod:UnknownCommonSkill","sneckomod:UnknownCommonSkill","sneckomod:UnknownVulnerable","sneckomod:UnknownVulnerable","sneckomod:UnknownVulnerable","sneckomod:UnknownRarePower+1","sneckomod:UnknownRarePower+1","sneckomod:UnknownRarePower+1","sneckomod:UnknownRarePower+1","sneckomod:UnknownRarePower+1","sneckomod:UnknownRarePower+1"],"relics":["sneckomod:SneckoSoul","Torii","TungstenRod","Frozen Egg 2","MealTicket","Oddly Smooth Stone","Lantern","downfall:HeartBlessingRed","Empty Cage","Chemical X","Slimebound:StickyStick","downfall:HeartBlessingBlue","CaptainsWheel","Shuriken","champ:DeflectingBracers","Tiny Chest","Philosopher\u0027s Stone","downfall:HeartBlessingGreen","hexamod:Sixitude","HandDrill","PreservedInsect","Omamori","Guardian:PocketSentry","Question Card","champ:DuelingGlove"],"acts_visited":["Exordium","TheCity","TheBeyond"],"potions_floor_usage":[6,8,10,16,25,33,33,36,36,37,39,39,44,44],"damage_taken":[{"damage":0,"enemies":"2 Louse","floor":2,"turns":3},{"damage":1,"enemies":"Small Slimes","floor":3,"turns":4},{"damage":7,"enemies":"Cultist","floor":5,"turns":5},{"damage":51,"enemies":"Gremlin Nob","floor":6,"turns":7},{"damage":7,"enemies":"Lagavulin","floor":8,"turns":7},{"damage":0,"enemies":"downfall:FleeingMerchant","floor":9,"turns":4},{"damage":21,"enemies":"Gremlin Nob","floor":10,"turns":4},{"damage":6,"enemies":"3 Louse","floor":12,"turns":5},{"damage":0,"enemies":"Blue Slaver","floor":15,"turns":3},{"damage":23,"enemies":"DF_ARCHETYPE_STREAMLINE","floor":16,"turns":9},{"damage":0,"enemies":"3 Byrds","floor":19,"turns":4},{"damage":0,"enemies":"Spheric Guardian","floor":20,"turns":4},{"damage":0,"enemies":"downfall:FleeingMerchant","floor":21,"turns":4},{"damage":0,"enemies":"Cultist and Chosen","floor":22,"turns":4},{"damage":10,"enemies":"Book of Stabbing","floor":25,"turns":6},{"damage":0,"enemies":"Snake Plant","floor":28,"turns":3},{"damage":6,"enemies":"Colosseum Nobs","floor":29,"turns":3},{"damage":0,"enemies":"downfall:FleeingMerchant","floor":30,"turns":4},{"damage":13,"enemies":"Gremlin Leader","floor":31,"turns":6},{"damage":0,"enemies":"3 Cultists","floor":32,"turns":3},{"damage":19,"enemies":"WA_ARCHETYPE_CALM","floor":33,"turns":8},{"damage":11,"enemies":"3 Darklings","floor":36,"turns":7},{"damage":22,"enemies":"3 Darklings","floor":37,"turns":8},{"damage":0,"enemies":"downfall:FleeingMerchant","floor":39,"turns":3},{"damage":11,"enemies":"3 Shapes","floor":40,"turns":3},{"damage":40,"enemies":"Writhing Mass","floor":42,"turns":4},{"damage":68,"enemies":"4 Shapes","floor":44,"turns":4},{"damage":0,"enemies":"Giant Head","floor":47,"turns":5},{"damage":6,"enemies":"3 Darklings","floor":48,"turns":1}],"seed_played":"5137245013483953164","potions_obtained":[{"floor":2,"key":"Block Potion"},{"floor":6,"key":"AttackPotion"},{"floor":8,"key":"SteroidPotion"},{"floor":10,"key":"SkillPotion"},{"floor":12,"key":"SteroidPotion"},{"floor":16,"key":"sneckomod:MuddlingPotion"},{"floor":19,"key":"Block Potion"},{"floor":20,"key":"Regen Potion"},{"floor":28,"key":"Regen Potion"},{"floor":33,"key":"Block Potion"},{"floor":33,"key":"SneckoOil"},{"floor":36,"key":"PowerPotion"},{"floor":36,"key":"sneckomod:OffclassReductionPotion"},{"floor":37,"key":"LiquidMemories"},{"floor":39,"key":"FearPotion"},{"floor":39,"key":"Swift Potion"},{"floor":42,"key":"Block Potion"},{"floor":44,"key":"SpeedPotion"},{"floor":47,"key":"DuplicationPotion"}],"is_trial":true,"path_per_floor":["R","M","M","?","M","E","T","E","$","E","R","M","R","?","M","B",null,"R","M","M","$","M","R","T","E","?","R","M","?","$","E","M","B",null,"R","M","?","?","$","M","T","M","R","M","T","?","E","M"],"character_chosen":"THE_SNECKO","items_purchased":["Oddly Smooth Stone","Dark Shackles","sneckomod:UnendingSupply+1","Chemical X","sneckomod:DiceCrush","sneckomod:UnknownUncommonSkill","expansioncontent:InvincibleStrength","champ:DeflectingBracers","expansioncontent:DashGenerateEvil","HandDrill","PreservedInsect","Omamori","sneckomod:UnknownBlock"],"campfire_rested":4,"item_purchase_floors":[9,9,9,21,21,21,21,30,39,39,39,39,39],"current_hp_per_floor":[75,75,74,79,72,21,21,14,29,8,34,28,54,54,54,31,74,88,88,88,88,88,88,88,78,78,88,88,82,97,91,91,98,98,98,87,72,72,87,76,76,43,72,4,4,4,4,0,0,0],"gold":653,"neow_bonus":"","is_daily":false,"chose_seed":false,"campfire_upgraded":0,"win_rate":0.0,"timestamp":1611775593,"path_taken":["R","M","M","?","M","E","T","E","$","E","R","M","R","?","M","BOSS","R","M","M","$","M","R","T","E","?","R","?","?","$","E","M","BOSS","R","M","?","?","$","M","T","M","R","?","?","?","E","?"],"items_purchased_type":["Relic","Card","Card","Relic","Card","Card","Card","Relic","Card","Relic","Relic","Relic","Card"],"build_version":"2020-12-22","purchased_purges":0,"victory":false,"max_hp_per_floor":[83,83,83,88,88,88,88,88,88,88,88,88,88,88,88,88,88,88,88,88,88,88,88,88,88,88,98,98,98,98,98,98,98,98,98,98,98,98,98,98,98,98,98,98,98,98,98,98,98,98],"card_choices":[{"not_picked":["sneckomod:QuickBite","sneckomod:ImprovisedGuard"],"picked":"sneckomod:SnekBeam","floor":2},{"not_picked":["sneckomod:MasterEye","sneckomod:SlitherStrike"],"picked":"sneckomod:UnknownBlock","floor":3},{"not_picked":["sneckomod:QuickBite","sneckomod:IronFang"],"picked":"sneckomod:DiceBlock","floor":5},{"not_picked":["sneckomod:Unknown3Cost","sneckomod:Cheat"],"picked":"sneckomod:UnknownRareAttack","floor":6},{"not_picked":["sneckomod:MorePower+1","sneckomod:Transmogrify"],"picked":"sneckomod:UnknownBoss","floor":8},{"not_picked":["sneckomod:IronFang","sneckomod:DefensiveFlair"],"picked":"sneckomod:GlitteringGambit","floor":9},{"not_picked":["sneckomod:DangerNoodle","sneckomod:Cheat"],"picked":"sneckomod:UnlimitedRolls+1","floor":10},{"not_picked":["sneckomod:PureSnecko","sneckomod:UnknownStrike"],"picked":"sneckomod:UnknownX","floor":12},{"not_picked":["sneckomod:CheapStock+1","sneckomod:QuickBite"],"picked":"sneckomod:DiceBlock","floor":15},{"not_picked":["sneckomod:Restock","sneckomod:MorePower+1"],"picked":"sneckomod:Unknown3Cost","floor":16},{"not_picked":["sneckomod:SoulDraw","sneckomod:IronFang","sneckomod:SoulCleanse"],"picked":"SKIP","floor":19},{"not_picked":["sneckomod:SnakeSap","sneckomod:QuickBite"],"picked":"sneckomod:UnknownCommonSkill","floor":20},{"not_picked":["hexamod:SecondSeal","hexamod:FourthSeal"],"picked":"hexamod:SixthSeal","floor":21},{"not_picked":["sneckomod:DiceBlock","sneckomod:UnknownCommonSkill"],"picked":"sneckomod:UnknownWeak","floor":21},{"not_picked":["sneckomod:QuickMove","sneckomod:UnknownColorless"],"picked":"sneckomod:UnknownRareSkill","floor":22},{"not_picked":["sneckomod:SoulExchange","sneckomod:Transmogrify"],"picked":"sneckomod:Cheat","floor":25},{"not_picked":["sneckomod:UnknownClassBLUE","sneckomod:Unknown1Cost"],"picked":"sneckomod:UnknownBlock+1","floor":28},{"not_picked":["sneckomod:Unknown0Cost","sneckomod:UnknownClassHEXA_GHOST_PURPLE"],"picked":"sneckomod:UnknownVulnerable","floor":29},{"not_picked":["hexamod:FourthSeal","hexamod:SixthSeal"],"picked":"hexamod:FirstSeal","floor":29},{"not_picked":["hexamod:SixthSeal","hexamod:SecondSeal"],"picked":"hexamod:ThirdSeal","floor":29},{"not_picked":["sneckomod:Mudshield+1","sneckomod:WideSting"],"picked":"sneckomod:UnknownCommonAttack","floor":30},{"not_picked":["sneckomod:SerpentIdol","sneckomod:CheapStock+1"],"picked":"sneckomod:UnknownDraw","floor":30},{"not_picked":["sneckomod:SnakeSap","sneckomod:DefensiveFlair"],"picked":"sneckomod:UnknownClassHEXA_GHOST_PURPLE","floor":30},{"not_picked":["hexamod:ThirdSeal","hexamod:FirstSeal"],"picked":"hexamod:SecondSeal","floor":30},{"not_picked":["hexamod:SixthSeal","hexamod:SecondSeal"],"picked":"hexamod:FourthSeal","floor":31},{"not_picked":["sneckomod:GlitteringGambit","sneckomod:UnlimitedRolls+1"],"picked":"sneckomod:SerpentMind+1","floor":31},{"not_picked":["sneckomod:UnlimitedRolls+1","sneckomod:SoulExchange"],"picked":"sneckomod:MorePower+1","floor":31},{"not_picked":["sneckomod:Nope","sneckomod:Unknown0Cost"],"picked":"sneckomod:Unknown1Cost+1","floor":32},{"not_picked":["sneckomod:MorePower+1","sneckomod:Restock"],"picked":"sneckomod:UnknownBoss","floor":33},{"not_picked":["sneckomod:Transmogrify","sneckomod:MorePower+1"],"picked":"sneckomod:SerpentMind+1","floor":33},{"not_picked":["sneckomod:Restock","sneckomod:UnknownRareAttack"],"picked":"sneckomod:UnknownRarePower+1","floor":33},{"not_picked":["sneckomod:Restock","sneckomod:Mudshield+1"],"picked":"sneckomod:UnknownBoss","floor":33},{"not_picked":["sneckomod:Transmogrify","sneckomod:DefensiveFlair"],"picked":"sneckomod:UnknownDexterity","floor":36},{"not_picked":["sneckomod:Memorize","sneckomod:SnakeSap"],"picked":"sneckomod:UnknownExhaust","floor":36},{"not_picked":["sneckomod:UnknownClassGUARDIAN","sneckomod:SnekBeam"],"picked":"sneckomod:UnknownVulnerable","floor":36},{"not_picked":["sneckomod:PureSnecko","sneckomod:SerpentIdol"],"picked":"sneckomod:Restock","floor":36},{"not_picked":["sneckomod:UnknownCommonAttack","sneckomod:Nope"],"picked":"sneckomod:UnknownDraw","floor":36},{"not_picked":["sneckomod:QuickMove","sneckomod:PureSnecko+1"],"picked":"sneckomod:RainOfDice","floor":36},{"not_picked":["hexamod:SixthSeal","hexamod:ThirdSeal"],"picked":"hexamod:FirstSeal","floor":36},{"not_picked":["hexamod:SixthSeal","hexamod:FourthSeal"],"picked":"hexamod:ThirdSeal","floor":36},{"not_picked":["hexamod:FourthSeal","hexamod:FirstSeal"],"picked":"hexamod:SecondSeal","floor":36},{"not_picked":["hexamod:SixthSeal","hexamod:SecondSeal"],"picked":"hexamod:FourthSeal","floor":36},{"not_picked":["sneckomod:UnlimitedRolls+1","sneckomod:SoulDraw+1"],"picked":"sneckomod:UnknownX","floor":37},{"not_picked":["sneckomod:UnknownUncommonPower+1","sneckomod:UnknownCommonAttack"],"picked":"sneckomod:UnknownDexterity","floor":37},{"not_picked":["sneckomod:IronFang","sneckomod:DiceCrush"],"picked":"sneckomod:UnknownClassBLUE","floor":37},{"not_picked":["sneckomod:DiceBoulder+1","sneckomod:UnknownCommonAttack+1"],"picked":"sneckomod:WideSting+1","floor":37},{"not_picked":["sneckomod:RainOfDice","sneckomod:TrashToTreasure"],"picked":"sneckomod:UnknownDexterity","floor":39},{"not_picked":["sneckomod:UnendingSupply","sneckomod:SoulCleanse"],"picked":"sneckomod:UnknownStrike","floor":39},{"not_picked":["sneckomod:WideSting","sneckomod:Nope+1"],"picked":"sneckomod:RainOfDice+1","floor":39},{"not_picked":["sneckomod:UnknownClassGUARDIAN","sneckomod:SoulCleanse+1"],"picked":"sneckomod:UnknownCommonSkill","floor":40},{"not_picked":["sneckomod:QuickBite","sneckomod:Nope"],"picked":"sneckomod:Unknown1Cost","floor":40},{"not_picked":["hexamod:SecondSeal","hexamod:FirstSeal"],"picked":"hexamod:SixthSeal","floor":42},{"not_picked":["sneckomod:UnknownCommonSkill","sneckomod:UnknownClassHEXA_GHOST_PURPLE+1"],"picked":"sneckomod:DiceBlock+1","floor":42},{"not_picked":["sneckomod:DiceCrush","sneckomod:QuickBite"],"picked":"sneckomod:UnknownVulnerable","floor":44},{"not_picked":["sneckomod:UnknownClassHEXA_GHOST_PURPLE","sneckomod:UnendingSupply+1"],"picked":"sneckomod:DefensiveFlair","floor":44},{"not_picked":["sneckomod:SerpentMind+1","sneckomod:MorePower+1","sneckomod:GlitteringGambit"],"picked":"sneckomod:UnknownRarePower+1","floor":47},{"not_picked":["sneckomod:Transmogrify","sneckomod:SoulExchange","sneckomod:Unknown3Cost"],"picked":"sneckomod:UnknownRarePower+1","floor":47}],"player_experience":711303,"relics_obtained":[{"floor":6,"key":"TungstenRod"},{"floor":7,"key":"Frozen Egg 2"},{"floor":8,"key":"MealTicket"},{"floor":10,"key":"Lantern"},{"floor":25,"key":"Slimebound:StickyStick"},{"floor":29,"key":"CaptainsWheel"},{"floor":29,"key":"Shuriken"},{"floor":31,"key":"Tiny Chest"},{"floor":37,"key":"hexamod:Sixitude"},{"floor":41,"key":"Guardian:PocketSentry"},{"floor":45,"key":"Question Card"},{"floor":47,"key":"champ:DuelingGlove"}],"event_choices":[{"damage_healed":0,"gold_gain":0,"player_choice":"Donut","damage_taken":0,"max_hp_gain":5,"max_hp_loss":0,"event_name":"Big Fish","floor":4,"gold_loss":0}],"is_beta":false,"boss_relics":[{"not_picked":["SacredBark","Busted Crown"],"picked":"Empty Cage"},{"not_picked":["Cursed Key","Runic Pyramid"],"picked":"Philosopher\u0027s Stone"}],"items_purged_floors":[],"is_endless":false,"potions_floor_spawned":[2,6,8,10,12,19,20,28,32,33,42,44,47],"killed_by":"3 Darklings","ascension_level":20}}