{"host":"9n6i2vl93jt4o42q","time":1611753700,"event":{"mods":["BaseMod","Minty Spire (QoL Compilation)","Relic Stats"],"gold_per_floor":[110,129,147,29,48,48,48,78,102,102,127,15,44,44,44,128,128,153,180,230,254,36,36,74,74,74],"floor_reached":25,"language":"ENG","playtime":1378,"items_purged":["Strike_G"],"score":446,"play_id":"eab2d326-428e-496d-8ca6-23a81cdefd68","local_time":"20210127142140","is_ascension_mode":true,"campfire_choices":[{"data":"All Out Attack","floor":6.0,"key":"SMITH"},{"data":"Bouncing Flask","floor":10.0,"key":"SMITH"},{"floor":15.0,"key":"REST"},{"floor":23.0,"key":"REST"}],"circlet_count":0,"master_deck":["AscendersBane","Strike_G","Strike_G","Strike_G","Strike_G","Defend_G","Defend_G","Defend_G","Defend_G","Defend_G","Survivor","Neutralize","Endless Agony","Deadly Poison","All Out Attack+1","Calculated Gamble","Backstab","Bouncing Flask+1","After Image","Catalyst","Slice","Blade Dance","Grand Finale","Noxious Fumes+1","Backflip","Flying Knee","Burst","Deflect","Tools of the Trade"],"relics":["Ring of the Snake","Regal Pillow","Centennial Puzzle","CeramicFish","HoveringKite","Toy Ornithopter"],"acts_visited":["Exordium","TheCity"],"potions_floor_usage":[24,24],"damage_taken":[{"damage":4.0,"enemies":"Cultist","floor":1.0,"turns":5.0},{"damage":3.0,"enemies":"Small Slimes","floor":2.0,"turns":3.0},{"damage":0.0,"enemies":"2 Louse","floor":3.0,"turns":3.0},{"damage":0.0,"enemies":"Exordium Wildlife","floor":5.0,"turns":2.0},{"damage":22.0,"enemies":"Lagavulin","floor":8.0,"turns":6.0},{"damage":12.0,"enemies":"Exordium Thugs","floor":11.0,"turns":3.0},{"damage":1.0,"enemies":"Lots of Slimes","floor":13.0,"turns":2.0},{"damage":47.0,"enemies":"Slime Boss","floor":16.0,"turns":14.0},{"damage":0.0,"enemies":"Chosen","floor":18.0,"turns":3.0},{"damage":25.0,"enemies":"Shell Parasite","floor":19.0,"turns":4.0},{"damage":25.0,"enemies":"Sentry and Sphere","floor":21.0,"turns":5.0},{"damage":32,"enemies":"Slavers","floor":24,"turns":6},{"damage":15,"enemies":"Shelled Parasite and Fungi","floor":25,"turns":1}],"seed_played":"-2251743056193049633","potions_obtained":[{"floor":1.0,"key":"Ancient Potion"},{"floor":3.0,"key":"Weak Potion"},{"floor":7.0,"key":"Block Potion"},{"floor":8.0,"key":"Explosive Potion"},{"floor":16.0,"key":"LiquidBronze"},{"floor":18.0,"key":"Regen Potion"},{"floor":19.0,"key":"AttackPotion"}],"is_trial":false,"path_per_floor":["M","M","M","$","M","R","?","E","T","R","M","$","M","?","R","B",null,"M","M","?","M","$","R","E","M"],"character_chosen":"THE_SILENT","items_purchased":["Calculated Gamble","Catalyst","Slice","Burst","Deflect"],"campfire_rested":2,"item_purchase_floors":[4,12,12,22,22],"current_hp_per_floor":[55,52,52,52,52,52,52,30,30,30,18,18,17,17,51,4,51,51,40,34,9,9,43,11,0,0],"gold":74,"neow_bonus":"RANDOM_COMMON_RELIC","is_daily":false,"chose_seed":false,"campfire_upgraded":2,"win_rate":0.0,"timestamp":1611753700,"path_taken":["M","?","?","$","?","R","?","E","T","R","?","?","M","?","R","BOSS","M","M","?","M","?","R","E","M"],"items_purchased_type":["Card","Card","Card","Card","Card"],"build_version":"2020-12-22","purchased_purges":1,"victory":false,"max_hp_per_floor":[66,66,66,66,66,66,66,66,66,66,66,66,66,66,66,66,66,66,66,66,66,66,66,66,66,66],"relic_stats":{"Regal Pillow":30,"Centennial Puzzle":[18],"counters":[13,57],"CeramicFish":99,"HoveringKite":[7],"obtain_stats":[{"Regal Pillow":0,"Centennial Puzzle":8,"CeramicFish":9,"HoveringKite":17,"Toy Ornithopter":24,"Ring of the Snake":0},{"Regal Pillow":0,"Centennial Puzzle":5,"CeramicFish":5,"HoveringKite":8,"Toy Ornithopter":12,"Ring of the Snake":0},{"Regal Pillow":0,"Centennial Puzzle":19,"CeramicFish":19,"HoveringKite":38,"Toy Ornithopter":56,"Ring of the Snake":0}],"Toy Ornithopter":0,"Ring of the Snake":[27]},"card_choices":[{"not_picked":["Prepared","Riddle With Holes"],"picked":"Endless Agony","floor":1.0},{"not_picked":["Flying Knee","Underhanded Strike"],"picked":"Deadly Poison","floor":2.0},{"not_picked":["Dagger Throw","Caltrops"],"picked":"All Out Attack","floor":3.0},{"not_picked":["Concentrate","Skewer"],"picked":"Backstab","floor":5.0},{"not_picked":["Backflip","Underhanded Strike"],"picked":"Bouncing Flask","floor":8.0},{"not_picked":["Prepared","Underhanded Strike"],"picked":"After Image","floor":11.0},{"not_picked":["Flying Knee","Prepared"],"picked":"Blade Dance","floor":13.0},{"not_picked":["Phantasmal Killer","Unload"],"picked":"Grand Finale","floor":16.0},{"not_picked":["Quick Slash","Sucker Punch"],"picked":"Noxious Fumes+1","floor":18.0},{"not_picked":["Dagger Throw","Riddle With Holes"],"picked":"Backflip","floor":19.0},{"not_picked":["Leg Sweep","Dodge and Roll"],"picked":"Flying Knee","floor":21.0},{"not_picked":["Skewer","Slice"],"picked":"Tools of the Trade","floor":24}],"player_experience":2307532,"relics_obtained":[{"floor":8.0,"key":"Centennial Puzzle"},{"floor":9.0,"key":"CeramicFish"},{"floor":24,"key":"Toy Ornithopter"}],"event_choices":[{"damage_healed":0.0,"max_hp_gain":0.0,"max_hp_loss":0.0,"gold_gain":0.0,"event_name":"Lab","player_choice":"Got Potions","floor":7.0,"gold_loss":0.0,"damage_taken":0.0},{"damage_healed":0.0,"max_hp_gain":0.0,"max_hp_loss":0.0,"gold_gain":0.0,"event_name":"Liars Game","player_choice":"Ignored","floor":14.0,"gold_loss":0.0,"damage_taken":0.0},{"damage_healed":0.0,"max_hp_gain":0.0,"max_hp_loss":0.0,"gold_gain":50.0,"event_name":"FaceTrader","player_choice":"Touch","floor":20.0,"gold_loss":0.0,"damage_taken":6.0}],"is_beta":false,"boss_relics":[{"not_picked":["Calling Bell","Black Star"],"picked":"HoveringKite"}],"items_purged_floors":[4],"is_endless":false,"potions_floor_spawned":[1,3,8,16,18,19],"killed_by":"Shelled Parasite and Fungi","ascension_level":20}}