{"host":"bxn2em57qlx5u4i0","time":1611724153,"event":{"mods":["BaseMod","Colored Map","Colored Powertips","Highlight Path","Minty Spire (QoL Compilation)","Random Character Button","Relic Sorter","Relic Stats","StSLib","SuperFastMode"],"gold_per_floor":[113,124,199,199,215,215,255,255,255,276,276,276],"floor_reached":11,"language":"ENG","playtime":241,"items_purged":[],"score":146,"play_id":"3f82fd58-22ef-4690-b153-f6517fd17a5d","local_time":"20210127000913","is_ascension_mode":true,"campfire_choices":[{"data":"All Out Attack","floor":6.0,"key":"SMITH"},{"data":"Noxious Fumes","floor":8.0,"key":"SMITH"}],"circlet_count":0,"master_deck":["AscendersBane","Strike_G","Strike_G","Strike_G","Strike_G","Strike_G","Defend_G","Defend_G","Defend_G","Defend_G","Defend_G","Survivor","Neutralize","Blur","Deadly Poison","All Out Attack+1","Noxious Fumes+1"],"relics":["Ring of the Snake","Golden Idol","Sundial","Pen Nib"],"acts_visited":["Exordium"],"potions_floor_usage":[],"damage_taken":[{"damage":3.0,"enemies":"Small Slimes","floor":1.0,"turns":5.0},{"damage":27.0,"enemies":"Jaw Worm","floor":2.0,"turns":10.0},{"damage":0.0,"enemies":"2 Louse","floor":5.0,"turns":3.0},{"damage":12.0,"enemies":"3 Sentries","floor":7.0,"turns":7.0},{"damage":1.0,"enemies":"Looter","floor":10.0,"turns":4.0},{"damage":16,"enemies":"Lagavulin","floor":11,"turns":7}],"seed_played":"4548992538394636390","potions_obtained":[{"floor":1.0,"key":"DistilledChaos"},{"floor":5.0,"key":"Fire Potion"}],"is_trial":false,"path_per_floor":["M","M","?","?","M","R","E","R","T","M","E"],"character_chosen":"THE_SILENT","items_purchased":[],"campfire_rested":0,"item_purchase_floors":[],"current_hp_per_floor":[62,35,24,24,24,24,12,12,12,11,0,0],"gold":276,"neow_bonus":"TEN_PERCENT_HP_BONUS","is_daily":false,"chose_seed":false,"campfire_upgraded":2,"win_rate":0.0,"timestamp":1611724153,"path_taken":["M","M","?","?","?","R","E","R","T","M","E"],"items_purchased_type":[],"build_version":"2020-12-22","purchased_purges":0,"victory":false,"max_hp_per_floor":[72,72,72,65,65,65,65,65,65,65,65,65],"relic_stats":{"counters":[6,36],"Golden Idol":15,"Sundial":[2],"Pen Nib":[1],"obtain_stats":[{"Golden Idol":4,"Sundial":7,"Pen Nib":9,"Ring of the Snake":0},{"Golden Idol":2,"Sundial":4,"Pen Nib":4,"Ring of the Snake":0},{"Golden Idol":15,"Sundial":25,"Pen Nib":25,"Ring of the Snake":0}],"Ring of the Snake":[12]},"card_choices":[{"not_picked":["Calculated Gamble","Flechettes"],"picked":"Blur","floor":1.0},{"not_picked":["Choke","Heel Hook"],"picked":"Deadly Poison","floor":2.0},{"not_picked":["Sucker Punch","Outmaneuver"],"picked":"All Out Attack","floor":5.0},{"not_picked":["Dodge and Roll","PiercingWail"],"picked":"Noxious Fumes","floor":7.0},{"not_picked":["Expertise","Prepared","Deflect"],"picked":"SKIP","floor":10.0}],"player_experience":2948553,"relics_obtained":[{"floor":7.0,"key":"Sundial"},{"floor":9.0,"key":"Pen Nib"}],"event_choices":[{"damage_healed":0.0,"max_hp_gain":0.0,"max_hp_loss":0.0,"gold_gain":75.0,"event_name":"World of Goop","player_choice":"Gather Gold","floor":3.0,"gold_loss":0.0,"damage_taken":11.0},{"damage_healed":0.0,"max_hp_gain":0.0,"max_hp_loss":7.0,"gold_gain":0.0,"event_name":"Golden Idol","player_choice":"Lose Max HP","floor":4.0,"gold_loss":0.0,"damage_taken":0.0,"relics_obtained":["Golden Idol"]}],"is_beta":false,"boss_relics":[],"items_purged_floors":[],"is_endless":false,"potions_floor_spawned":[1,5],"killed_by":"Lagavulin","ascension_level":20}}