{"host":"o53tqjtgf9f1tbo6","time":1611761694,"event":{"mods":["BaseMod","Bestiary","Downfall","Marisa????????","Minty Spire (QoL Compilation)","StSLib","The Cursed"],"gold_per_floor":[112,131,131,142,159,194,211,242,266,291,291,334,363,396,396,527,527,545,460,177,196,237,280,280,280,305,348,348,364,380,411,411,537,537,562,784,212,545,596,596,625,87,87,87,117,135,160,171,171,171,171,171,121,151,151,151],"floor_reached":55,"language":"ENG","playtime":3616,"items_purged":["Clumsy","Normality","Clumsy"],"score":1179,"play_id":"a2af1522-623f-4297-a0ad-e2a7b052e2b6","local_time":"20210127173454","is_ascension_mode":true,"campfire_choices":[{"data":"Eruption","floor":15.0,"key":"SMITH"},{"floor":24.0,"key":"RECALL"},{"data":"BowlingBash","floor":28.0,"key":"SMITH"},{"data":"1","floor":32.0,"key":"LIFT"},{"data":"2","floor":40.0,"key":"LIFT"},{"data":"3","floor":44.0,"key":"LIFT"},{"data":"Ragnarok","floor":49.0,"key":"SMITH"},{"data":"Devotion","floor":52.0,"key":"SMITH"}],"circlet_count":0,"master_deck":["Strike_P","Strike_P","Strike_P","Strike_P","Defend_P+1","Defend_P","Defend_P+1","Defend_P","Eruption+1","Vigilance","BowlingBash+1","Meditate","Consecrate","Ragnarok+1","FollowUp","Crescendo","FollowUp","DevaForm","Protect","Omniscience","EmptyBody","LikeWater","BattleHymn+1","MentalFortress","Fasting2","Tantrum+1","Halt","Devotion+1","EmptyFist+1","InnerPeace+1","Prostrate+1","FlurryOfBlows+1"],"relics":["HolyWater","CloakClasp","Oddly Smooth Stone","Strawberry","PreservedInsect","Centennial Puzzle","Akabeko","Odd Mushroom","Darkstone Periapt","Cursed Key","MawBank","Vajra","Red Mask","Eternal Feather","Nilry\u0027s Codex","Meat on the Bone","Girya","Torii","Regal Pillow","WingedGreaves","Damaru","Ancient Tea Set","StrikeDummy","Frozen Eye","Mango","Bag of Marbles","Smiling Mask","Blood Vial"],"acts_visited":["TheEnding"],"potions_floor_usage":[55,55],"damage_taken":[{"damage":0.0,"enemies":"Small Slimes","floor":1.0,"turns":3.0},{"damage":3.0,"enemies":"2 Louse","floor":2.0,"turns":2.0},{"damage":0.0,"enemies":"Jaw Worm","floor":4.0,"turns":4.0},{"damage":3.0,"enemies":"Large Slime","floor":5.0,"turns":5.0},{"damage":1.0,"enemies":"3 Sentries","floor":6.0,"turns":8.0},{"damage":11.0,"enemies":"Exordium Thugs","floor":7.0,"turns":3.0},{"damage":0.0,"enemies":"Gremlin Nob","floor":8.0,"turns":2.0},{"damage":9.0,"enemies":"Lagavulin","floor":10.0,"turns":4.0},{"damage":0.0,"enemies":"Gremlin Nob","floor":12.0,"turns":2.0},{"damage":0.0,"enemies":"The Mushroom Lair","floor":13.0,"turns":2.0},{"damage":2.0,"enemies":"Lagavulin","floor":14.0,"turns":3.0},{"damage":24.0,"enemies":"Hexaghost","floor":16.0,"turns":9.0},{"damage":9.0,"enemies":"3 Byrds","floor":18.0,"turns":4.0},{"damage":0.0,"enemies":"Chosen","floor":21.0,"turns":3.0},{"damage":3.0,"enemies":"Masked Bandits","floor":22.0,"turns":3.0},{"damage":9.0,"enemies":"Gremlin Leader","floor":23.0,"turns":4.0},{"damage":14.0,"enemies":"Slavers","floor":27.0,"turns":2.0},{"damage":5.0,"enemies":"3 Cultists","floor":29.0,"turns":3.0},{"damage":5.0,"enemies":"Cultist and Chosen","floor":30.0,"turns":3.0},{"damage":0.0,"enemies":"Gremlin Leader","floor":31.0,"turns":1.0},{"damage":45.0,"enemies":"Automaton","floor":33.0,"turns":6.0},{"damage":2.0,"enemies":"3 Shapes","floor":35.0,"turns":3.0},{"damage":17.0,"enemies":"2 Orb Walkers","floor":39.0,"turns":4.0},{"damage":7.0,"enemies":"Giant Head","floor":41.0,"turns":5.0},{"damage":18.0,"enemies":"Nemesis","floor":45.0,"turns":5.0},{"damage":0.0,"enemies":"Orb Walker","floor":46.0,"turns":1.0},{"damage":0.0,"enemies":"Reptomancer","floor":47.0,"turns":2.0},{"damage":0.0,"enemies":"Transient","floor":48.0,"turns":5.0},{"damage":19.0,"enemies":"Awakened One","floor":50.0,"turns":4.0},{"damage":47.0,"enemies":"Shield and Spear","floor":54.0,"turns":3.0},{"damage":54,"enemies":"The Heart","floor":55,"turns":3}],"seed_played":"-7392355415522351101","potions_obtained":[{"floor":1.0,"key":"EssenceOfSteel"},{"floor":5.0,"key":"FearPotion"},{"floor":6.0,"key":"LiquidMemories"},{"floor":7.0,"key":"Energy Potion"},{"floor":12.0,"key":"PowerPotion"},{"floor":22.0,"key":"FearPotion"},{"floor":23.0,"key":"Dexterity Potion"},{"floor":31.0,"key":"PowerPotion"},{"floor":33.0,"key":"DuplicationPotion"},{"floor":41.0,"key":"Ancient Potion"},{"floor":45.0,"key":"SteroidPotion"},{"floor":47.0,"key":"Swift Potion"}],"is_trial":false,"path_per_floor":["M","M","?","M","M","E","M","E","T","E","?","E","?","E","R","B",null,"M","?","$","M","?","E","R","?","T","E","R","M","M","E","R","B",null,"M","?","$","?","?","R","E","$","T","R","E","M","E","M","R","B",null,"R","$","E","B"],"character_chosen":"WATCHER","items_purchased":["Vajra","LikeWater","Torii","Regal Pillow","Ancient Tea Set","StrikeDummy","Frozen Eye"],"campfire_rested":0,"item_purchase_floors":[20,20,37,37,42,42,42],"current_hp_per_floor":[72,69,55,55,52,51,40,47,47,38,38,38,38,36,36,12,73,64,64,64,64,61,52,67,51,57,43,58,53,48,48,63,30,79,77,77,77,77,60,78,71,71,91,99,81,81,81,81,99,80,99,99,99,52,0,0],"gold":151,"neow_bonus":"ONE_RARE_RELIC","is_daily":false,"chose_seed":false,"campfire_upgraded":4,"win_rate":0.0,"timestamp":1611761694,"path_taken":["M","M","?","M","M","E","M","E","T","E","?","E","?","E","R","BOSS","M","?","$","M","?","E","R","?","T","E","R","M","M","E","R","BOSS","M","?","$","?","?","R","E","$","T","R","E","?","E","M","R","BOSS","R","$","E","BOSS"],"items_purchased_type":["Relic","Card","Relic","Relic","Relic","Relic","Relic"],"build_version":"2020-12-22","purchased_purges":3,"victory":false,"max_hp_per_floor":[72,72,72,72,72,72,72,79,79,79,73,73,73,73,73,73,73,73,73,73,73,73,73,73,73,79,79,79,79,79,79,79,79,79,79,79,79,79,79,79,79,79,99,99,99,99,99,99,99,99,99,99,99,99,99,99],"card_choices":[{"not_picked":["CrushJoints","CarveReality"],"picked":"BowlingBash","floor":1.0},{"not_picked":["Wireheading","BowlingBash","Sanctity"],"picked":"SKIP","floor":2.0},{"not_picked":["FollowUp","DeceiveReality"],"picked":"Meditate","floor":4.0},{"not_picked":["EmptyMind","CrushJoints"],"picked":"Consecrate","floor":5.0},{"not_picked":["ReachHeaven","InnerPeace"],"picked":"Ragnarok","floor":6.0},{"not_picked":["BowlingBash","SignatureMove","EmptyMind"],"picked":"SKIP","floor":7.0},{"not_picked":["Brilliance","SashWhip"],"picked":"FollowUp","floor":8.0},{"not_picked":["FollowUp","Halt"],"picked":"Crescendo","floor":10.0},{"not_picked":["Weave","Protect"],"picked":"FollowUp","floor":12.0},{"not_picked":["CrushJoints","ClearTheMind"],"picked":"DevaForm","floor":13.0},{"not_picked":["DeceiveReality","Indignation"],"picked":"Protect","floor":14.0},{"not_picked":["Devotion","Judgement"],"picked":"Omniscience","floor":16.0},{"not_picked":["Prostrate","ClearTheMind"],"picked":"EmptyBody","floor":18.0},{"not_picked":["ReachHeaven","BowlingBash+1"],"picked":"BattleHymn+1","floor":21.0},{"not_picked":["Prostrate","InnerPeace"],"picked":"MentalFortress","floor":22.0},{"not_picked":["DeceiveReality","Nirvana"],"picked":"Fasting2","floor":23.0},{"not_picked":["FollowUp","CarveReality"],"picked":"Tantrum+1","floor":27.0},{"not_picked":["Pray+1","WheelKick"],"picked":"Halt","floor":29.0},{"not_picked":["LikeWater","BowlingBash","PathToVictory+1"],"picked":"SKIP","floor":30.0},{"not_picked":["LikeWater","Scrawl","Evaluate"],"picked":"SKIP","floor":31.0},{"not_picked":["DevaForm","SpiritShield"],"picked":"Devotion","floor":33.0},{"not_picked":["FlurryOfBlows+1","ClearTheMind+1"],"picked":"EmptyFist+1","floor":35.0},{"not_picked":["FlurryOfBlows","TalkToTheHand+1"],"picked":"InnerPeace+1","floor":39.0},{"not_picked":["Protect+1","FollowUp+1"],"picked":"Prostrate+1","floor":41.0},{"not_picked":["Pray","Meditate+1"],"picked":"FlurryOfBlows+1","floor":45.0},{"not_picked":["Perseverance","Prostrate","WaveOfTheHand"],"picked":"SKIP","floor":46.0},{"not_picked":["FlyingSleeves+1","DeceiveReality","Wireheading"],"picked":"SKIP","floor":47.0},{"not_picked":["PathToVictory+1","BowlingBash+1","Evaluate+1"],"picked":"SKIP","floor":48.0},{"not_picked":["SignatureMove","FollowUp+1","DeusExMachina"],"picked":"SKIP","floor":54.0}],"player_experience":83439,"relics_obtained":[{"floor":6.0,"key":"Oddly Smooth Stone"},{"floor":8.0,"key":"Strawberry"},{"floor":9.0,"key":"PreservedInsect"},{"floor":10.0,"key":"Centennial Puzzle"},{"floor":12.0,"key":"Akabeko"},{"floor":13.0,"key":"Odd Mushroom"},{"floor":14.0,"key":"Darkstone Periapt"},{"floor":22.0,"key":"Red Mask"},{"floor":23.0,"key":"Eternal Feather"},{"floor":25.0,"key":"Nilry\u0027s Codex"},{"floor":27.0,"key":"Meat on the Bone"},{"floor":31.0,"key":"Girya"},{"floor":39.0,"key":"WingedGreaves"},{"floor":41.0,"key":"Damaru"},{"floor":43.0,"key":"Mango"},{"floor":45.0,"key":"Bag of Marbles"},{"floor":47.0,"key":"Smiling Mask"},{"floor":54.0,"key":"Blood Vial"}],"event_choices":[{"damage_healed":0.0,"max_hp_gain":0.0,"max_hp_loss":0.0,"gold_gain":0.0,"event_name":"Shining Light","player_choice":"Entered Light","floor":3.0,"gold_loss":0.0,"damage_taken":14.0,"cards_upgraded":["Defend_P","Defend_P"]},{"damage_healed":0.0,"max_hp_gain":0.0,"max_hp_loss":6.0,"gold_gain":0.0,"event_name":"Golden Idol","player_choice":"Lose Max HP","floor":11.0,"gold_loss":0.0,"damage_taken":0.0,"relics_obtained":["Golden Idol"]},{"damage_healed":0.0,"max_hp_gain":0.0,"max_hp_loss":0.0,"gold_gain":0.0,"event_name":"Mushrooms","player_choice":"Fought Mushrooms","floor":13.0,"gold_loss":0.0,"damage_taken":0.0},{"damage_healed":0.0,"max_hp_gain":0.0,"max_hp_loss":0.0,"gold_gain":0.0,"event_name":"Addict","player_choice":"Obtained Relic","floor":19.0,"gold_loss":85.0,"damage_taken":0.0,"relics_obtained":["MawBank"]},{"damage_healed":0.0,"max_hp_gain":0.0,"max_hp_loss":0.0,"gold_gain":0.0,"event_name":"Masked Bandits","player_choice":"Fought Bandits","floor":22.0,"gold_loss":0.0,"damage_taken":0.0},{"damage_healed":0.0,"max_hp_gain":0.0,"max_hp_loss":0.0,"gold_gain":0.0,"event_name":"Cursed Tome","player_choice":"Obtained Book","floor":25.0,"gold_loss":0.0,"damage_taken":16.0},{"damage_healed":0.0,"max_hp_gain":0.0,"max_hp_loss":0.0,"gold_gain":222.0,"event_name":"Tomb of Lord Red Mask","player_choice":"Wore Mask","floor":36.0,"gold_loss":0.0,"damage_taken":0.0},{"damage_healed":0.0,"max_hp_gain":0.0,"max_hp_loss":0.0,"gold_gain":333.0,"event_name":"The Moai Head","player_choice":"Gave Idol","floor":38.0,"relics_lost":["Golden Idol"],"gold_loss":0.0,"damage_taken":0.0},{"damage_healed":0.0,"max_hp_gain":0.0,"max_hp_loss":0.0,"gold_gain":0.0,"event_name":"Mysterious Sphere","player_choice":"Fight","floor":39.0,"gold_loss":0.0,"damage_taken":0.0}],"is_beta":false,"boss_relics":[{"not_picked":["Black Star","Busted Crown"],"picked":"Cursed Key"},{"not_picked":["SlaversCollar","VioletLotus"],"picked":"HolyWater"}],"items_purged_floors":[20,37,53],"is_endless":false,"potions_floor_spawned":[1,5,6,7,12,14,22,23,31,33,41,45,47],"killed_by":"The Heart","ascension_level":4}}