{"host":"ovxa65d68iy9l57e","time":1611763404,"event":{"mods":["AchievementEnabler","BaseMod","Better Altar","Better Skull","Better Vampires","Colored Map","Curses Come First","Minty Spire (QoL Compilation)","Relic Stats","StSLib"],"gold_per_floor":[114,134,144,162,173,173,200,219,301,301,316,59,94,127,127,226,226,237,162,174,191,4,4,33,33,56,56,66,77,87,87,87,87,87],"floor_reached":33,"language":"SPA","playtime":3316,"items_purged":["Regret","Strike_R"],"score":354,"play_id":"9f2ec261-278a-475b-bb14-58ddcd10749a","local_time":"20210127170324","is_ascension_mode":true,"campfire_choices":[{"data":"Fiend Fire","floor":6,"key":"SMITH"},{"data":"Seeing Red","floor":15,"key":"SMITH"},{"data":"Dark Embrace","floor":23,"key":"SMITH"},{"floor":27,"key":"REST"},{"floor":32,"key":"REST"}],"circlet_count":0,"master_deck":["Strike_R","Strike_R","Defend_R","Defend_R","Defend_R","Defend_R","Bash","Iron Wave","Warcry","Seeing Red+1","Fiend Fire+1","Shrug It Off","Power Through+1","Dual Wield+1","Impervious+1","Limit Break+1","Exhume+1","Dark Embrace+1","Flex+1","Headbutt","Flame Barrier+1","Pommel Strike+1","Shrug It Off+1"],"relics":["Burning Blood","Boot","Shuriken","Toxic Egg 2","Toolbox","TungstenRod","Runic Pyramid","Bronze Scales","Nunchaku"],"acts_visited":["Exordium","TheCity"],"potions_floor_usage":[7,13,14,16,21,33,33],"damage_taken":[{"damage":3,"enemies":"Small Slimes","floor":1,"turns":4},{"damage":2,"enemies":"Jaw Worm","floor":2,"turns":3},{"damage":0,"enemies":"2 Louse","floor":3,"turns":3},{"damage":28,"enemies":"Lots of Slimes","floor":4,"turns":6},{"damage":17,"enemies":"Exordium Thugs","floor":5,"turns":8},{"damage":27,"enemies":"Gremlin Nob","floor":7,"turns":4},{"damage":7,"enemies":"Exordium Wildlife","floor":8,"turns":4},{"damage":1,"enemies":"Looter","floor":11,"turns":2},{"damage":10,"enemies":"3 Sentries","floor":13,"turns":10},{"damage":3,"enemies":"2 Fungi Beasts","floor":14,"turns":3},{"damage":25,"enemies":"The Guardian","floor":16,"turns":17},{"damage":0,"enemies":"Chosen","floor":18,"turns":2},{"damage":0,"enemies":"Shell Parasite","floor":20,"turns":2},{"damage":39,"enemies":"Chosen and Byrds","floor":21,"turns":12},{"damage":25,"enemies":"Gremlin Leader","floor":24,"turns":4},{"damage":28,"enemies":"3 Cultists","floor":28,"turns":6},{"damage":8,"enemies":"Centurion and Healer","floor":29,"turns":5},{"damage":0,"enemies":"Snecko","floor":30,"turns":3},{"damage":70,"enemies":"Champ","floor":33,"turns":14}],"seed_played":"7957674889048683411","potions_obtained":[{"floor":2,"key":"Strength Potion"},{"floor":3,"key":"Dexterity Potion"},{"floor":4,"key":"SmokeBomb"},{"floor":7,"key":"GamblersBrew"},{"floor":13,"key":"Explosive Potion"},{"floor":16,"key":"Ancient Potion"},{"floor":18,"key":"SpeedPotion"},{"floor":21,"key":"FearPotion"},{"floor":30,"key":"SkillPotion"}],"is_trial":false,"path_per_floor":["M","M","M","M","M","R","E","M","T","?","M","$","E","M","R","B",null,"M","?","M","M","$","R","E","?","T","R","M","M","M","$","R","B"],"character_chosen":"IRONCLAD","items_purchased":["Dual Wield+1","Toolbox","Dark Embrace","Flex+1"],"campfire_rested":2,"item_purchase_floors":[12,12,22,22],"current_hp_per_floor":[80,80,80,58,47,47,26,25,25,25,30,30,26,29,29,10,63,69,69,75,42,42,42,23,23,23,47,25,23,29,29,53,0,0],"gold":87,"neow_bonus":"REMOVE_CARD","is_daily":false,"chose_seed":false,"campfire_upgraded":3,"win_rate":0.0,"timestamp":1611763404,"path_taken":["M","M","M","M","M","R","E","M","T","?","M","$","E","M","R","BOSS","M","?","M","M","$","R","E","?","T","R","M","M","M","$","R","BOSS"],"items_purchased_type":["Card","Relic","Card","Card"],"build_version":"2020-12-22","purchased_purges":2,"victory":false,"max_hp_per_floor":[80,80,80,80,80,80,80,80,80,80,80,80,80,80,80,80,80,80,80,80,80,80,80,80,80,80,80,80,80,80,80,80,80,80],"relic_stats":{"Nunchaku":[3],"counters":[19,112],"Shuriken":[7],"Bronze Scales":[69],"Boot":[11],"obtain_stats":[{"Nunchaku":26,"Shuriken":9,"Bronze Scales":24,"Toolbox":12,"Toxic Egg 2":10,"Boot":7,"Burning Blood":0,"TungstenRod":13,"Runic Pyramid":17},{"Nunchaku":15,"Shuriken":7,"Bronze Scales":15,"Toolbox":8,"Toxic Egg 2":7,"Boot":6,"Burning Blood":0,"TungstenRod":9,"Runic Pyramid":11},{"Nunchaku":84,"Shuriken":32,"Bronze Scales":84,"Toolbox":34,"Toxic Egg 2":32,"Boot":28,"Burning Blood":0,"TungstenRod":44,"Runic Pyramid":64}],"Burning Blood":95,"TungstenRod":29},"card_choices":[{"not_picked":["Rampage","Spot Weakness"],"picked":"Iron Wave","floor":1},{"not_picked":["Ghostly Armor","Spot Weakness"],"picked":"Warcry","floor":2},{"not_picked":["Sentinel","Iron Wave"],"picked":"Seeing Red","floor":3},{"not_picked":["Body Slam","Anger"],"picked":"Fiend Fire","floor":4},{"not_picked":["Iron Wave","Flex","Warcry"],"picked":"SKIP","floor":5},{"not_picked":["Clothesline","Berserk"],"picked":"Shrug It Off","floor":7},{"not_picked":["Hemokinesis","Dropkick","Clothesline"],"picked":"SKIP","floor":8},{"not_picked":["Perfected Strike","Clash"],"picked":"Power Through+1","floor":11},{"not_picked":["Clash","Perfected Strike"],"picked":"Impervious+1","floor":13},{"not_picked":["Havoc+1","Reckless Charge","Sever Soul"],"picked":"SKIP","floor":14},{"not_picked":["Fiend Fire","Offering+1"],"picked":"Limit Break+1","floor":16},{"not_picked":["Thunderclap+1","Sentinel+1","Heavy Blade+1"],"picked":"SKIP","floor":18},{"not_picked":["Sword Boomerang","Havoc+1","Twin Strike"],"picked":"SKIP","floor":20},{"not_picked":["Heavy Blade","True Grit+1"],"picked":"Exhume+1","floor":21},{"not_picked":["True Grit+1","Cleave+1"],"picked":"Headbutt","floor":24},{"not_picked":["Pommel Strike+1","Entrench+1"],"picked":"Flame Barrier+1","floor":28},{"not_picked":["Twin Strike+1","Wild Strike"],"picked":"Pommel Strike+1","floor":29},{"not_picked":["Demon Form","Flame Barrier+1"],"picked":"Shrug It Off+1","floor":30}],"player_experience":296939,"relics_obtained":[{"floor":7,"key":"Boot"},{"floor":9,"key":"Shuriken"},{"floor":13,"key":"TungstenRod"},{"floor":24,"key":"Bronze Scales"},{"floor":26,"key":"Nunchaku"}],"event_choices":[{"damage_healed":0,"gold_gain":0,"player_choice":"Box","damage_taken":0,"relics_obtained":["Toxic Egg 2"],"max_hp_gain":0,"max_hp_loss":0,"event_name":"Big Fish","floor":10,"gold_loss":0,"cards_obtained":["Regret"]},{"cards_removed":["Strike_R"],"damage_healed":0,"gold_gain":0,"player_choice":"Gave Gold","damage_taken":0,"max_hp_gain":0,"max_hp_loss":0,"event_name":"Beggar","floor":19,"gold_loss":75},{"damage_healed":0,"gold_gain":0,"player_choice":"Ignored","damage_taken":0,"max_hp_gain":0,"max_hp_loss":0,"event_name":"Ghosts","floor":25,"gold_loss":0}],"is_beta":false,"boss_relics":[{"not_picked":["Velvet Choker","Coffee Dripper"],"picked":"Runic Pyramid"}],"items_purged_floors":[12,22],"is_endless":false,"potions_floor_spawned":[2,3,4,7,13,16,18,21,30],"killed_by":"Champ","ascension_level":5}}