{"host":"9qk11wtevf51xvhl","time":1611783402,"event":{"mods":["BaseMod","Minty Spire (QoL Compilation)"],"gold_per_floor":[110,121,137,312,262,262,276,304,330,342,342],"floor_reached":10,"language":"ENG","playtime":451,"items_purged":[],"score":105,"play_id":"8f56f942-c030-4b26-9693-e2395ea1a430","local_time":"20210127223642","is_ascension_mode":true,"campfire_choices":[{"data":"Bash","floor":6,"key":"SMITH"}],"circlet_count":0,"master_deck":["AscendersBane","Strike_R","Strike_R","Strike_R","Strike_R","Strike_R","Defend_R","Defend_R","Defend_R","Defend_R","Bash+1","Cleave","Iron Wave","Fire Breathing","Shockwave","Feel No Pain"],"relics":["Burning Blood","Potion Belt","MawBank"],"acts_visited":["Exordium"],"potions_floor_usage":[],"damage_taken":[{"damage":0,"enemies":"Small Slimes","floor":1,"turns":3},{"damage":12,"enemies":"Jaw Worm","floor":2,"turns":3},{"damage":4,"enemies":"2 Louse","floor":3,"turns":2},{"damage":16,"enemies":"Red Slaver","floor":7,"turns":4},{"damage":60,"enemies":"Lagavulin","floor":8,"turns":7},{"damage":19,"enemies":"Gremlin Nob","floor":10,"turns":3}],"seed_played":"-4743640740345235980","potions_obtained":[],"is_trial":false,"path_per_floor":["M","M","M","?","?","R","M","E","T","E"],"character_chosen":"IRONCLAD","items_purchased":[],"campfire_rested":0,"item_purchase_floors":[],"current_hp_per_floor":[78,72,74,74,74,74,64,10,10,0,0],"gold":342,"neow_bonus":"THREE_CARDS","is_daily":false,"chose_seed":false,"campfire_upgraded":1,"win_rate":0.0,"timestamp":1611783402,"path_taken":["M","M","M","?","?","R","M","E","T","E"],"items_purchased_type":[],"build_version":"2020-12-22","purchased_purges":0,"victory":false,"max_hp_per_floor":[80,80,80,80,80,80,80,80,80,80,80],"card_choices":[{"not_picked":["Dark Embrace","Twin Strike"],"picked":"Cleave","floor":0},{"not_picked":["Anger","Heavy Blade","Warcry"],"picked":"SKIP","floor":1},{"not_picked":["Twin Strike","Perfected Strike"],"picked":"Iron Wave","floor":2},{"not_picked":["Bloodletting","Disarm"],"picked":"Fire Breathing","floor":3},{"not_picked":["Sword Boomerang","Pommel Strike"],"picked":"Shockwave","floor":7},{"not_picked":["Entrench","Burning Pact"],"picked":"Feel No Pain","floor":8}],"player_experience":523127,"relics_obtained":[{"floor":8,"key":"Potion Belt"},{"floor":9,"key":"MawBank"}],"event_choices":[{"damage_healed":0,"gold_gain":175,"player_choice":"AGREE","damage_taken":0,"max_hp_gain":0,"max_hp_loss":0,"event_name":"Liars Game","floor":4,"gold_loss":0,"cards_obtained":["Doubt"]},{"cards_removed":["Doubt"],"damage_healed":0,"gold_gain":0,"player_choice":"Card Removal","damage_taken":0,"max_hp_gain":0,"max_hp_loss":0,"event_name":"The Cleric","floor":5,"gold_loss":50}],"is_beta":false,"boss_relics":[],"items_purged_floors":[],"is_endless":false,"potions_floor_spawned":[],"killed_by":"Gremlin Nob","ascension_level":11}}