{"host":"q0qnzbgdx8oqogg9","time":1611729442,"event":{"mods":["BaseMod","Minty Spire (QoL Compilation)","StSLib"],"gold_per_floor":[111,127,142,155,8,8,8,35,35,35,54,69,69,144,144,247,247,257,276,276,52,52,52,64,64,64,96,114,133,58,92,92,190,190,208,220,65,78,8,43,53,84,84,84,104,116,148,0,0,0,0],"floor_reached":50,"language":"ENG","playtime":1943,"items_purged":["Strike_G"],"score":1088,"play_id":"7d4f7c44-906c-465d-82ed-8c4ec8d39074","local_time":"20210127013722","is_ascension_mode":true,"campfire_choices":[{"data":"Neutralize","floor":6.0,"key":"SMITH"},{"data":"Deadly Poison","floor":10.0,"key":"SMITH"},{"data":"Wraith Form v2","floor":13.0,"key":"SMITH"},{"floor":15.0,"key":"REST"},{"data":"A Thousand Cuts","floor":23.0,"key":"SMITH"},{"floor":25.0,"key":"REST"},{"floor":32.0,"key":"REST"},{"floor":49.0,"key":"RECALL"}],"circlet_count":0,"master_deck":["AscendersBane","Strike_G","Strike_G+1","Strike_G","Strike_G","Defend_G","Defend_G","Defend_G","Defend_G","Survivor","Neutralize+1","Dagger Throw+1","Blade Dance","Deadly Poison+1","Poisoned Stab","Infinite Blades","Wraith Form v2+1","Backstab","A Thousand Cuts+1","Well Laid Plans","Noxious Fumes","PiercingWail","Cloak And Dagger","Deadly Poison","Corpse Explosion","Night Terror","Acrobatics","Cloak And Dagger+1","Noxious Fumes","Predator","Acrobatics+1","Escape Plan","Panache","PanicButton","Expertise"],"relics":["Ring of the Snake","NeowsBlessing","Orichalcum","Mercury Hourglass","Gremlin Horn","StrikeDummy","Philosopher\u0027s Stone","TwistedFunnel","PreservedInsect","Vajra","Bag of Marbles","Fusion Hammer","Lee\u0027s Waffle","Pear","Ancient Tea Set","Whetstone","Orrery"],"acts_visited":["Exordium","TheCity","TheBeyond"],"potions_floor_usage":[50,50],"damage_taken":[{"damage":0.0,"enemies":"Cultist","floor":1.0,"turns":1.0},{"damage":0.0,"enemies":"2 Louse","floor":2.0,"turns":1.0},{"damage":0.0,"enemies":"Small Slimes","floor":3.0,"turns":1.0},{"damage":3.0,"enemies":"Blue Slaver","floor":4.0,"turns":5.0},{"damage":9.0,"enemies":"3 Sentries","floor":8.0,"turns":6.0},{"damage":8.0,"enemies":"Red Slaver","floor":11.0,"turns":4.0},{"damage":0.0,"enemies":"Lots of Slimes","floor":12.0,"turns":2.0},{"damage":17.0,"enemies":"The Guardian","floor":16.0,"turns":11.0},{"damage":8.0,"enemies":"Shell Parasite","floor":18.0,"turns":6.0},{"damage":0.0,"enemies":"2 Thieves","floor":19.0,"turns":4.0},{"damage":21.0,"enemies":"Shelled Parasite and Fungi","floor":24.0,"turns":4.0},{"damage":0.0,"enemies":"Gremlin Leader","floor":27.0,"turns":4.0},{"damage":0.0,"enemies":"Sentry and Sphere","floor":28.0,"turns":5.0},{"damage":14.0,"enemies":"Snecko","floor":29.0,"turns":4.0},{"damage":13.0,"enemies":"Book of Stabbing","floor":31.0,"turns":5.0},{"damage":37.0,"enemies":"Champ","floor":33.0,"turns":11.0},{"damage":6.0,"enemies":"3 Darklings","floor":35.0,"turns":3.0},{"damage":0.0,"enemies":"Orb Walker","floor":36.0,"turns":3.0},{"damage":4.0,"enemies":"Sphere and 2 Shapes","floor":38.0,"turns":4.0},{"damage":0.0,"enemies":"Reptomancer","floor":40.0,"turns":4.0},{"damage":0.0,"enemies":"Transient","floor":41.0,"turns":5.0},{"damage":0.0,"enemies":"Nemesis","floor":42.0,"turns":5.0},{"damage":0.0,"enemies":"4 Shapes","floor":45.0,"turns":3.0},{"damage":0.0,"enemies":"3 Darklings","floor":46.0,"turns":3.0},{"damage":57.0,"enemies":"Giant Head","floor":47.0,"turns":7.0},{"damage":34,"enemies":"Donu and Deca","floor":50,"turns":3}],"seed_played":"4743815081452916187","potions_obtained":[{"floor":1.0,"key":"SmokeBomb"},{"floor":2.0,"key":"SteroidPotion"},{"floor":12.0,"key":"BlessingOfTheForge"},{"floor":31.0,"key":"Regen Potion"},{"floor":33.0,"key":"Regen Potion"},{"floor":38.0,"key":"Poison Potion"},{"floor":46.0,"key":"Dexterity Potion"}],"is_trial":false,"path_per_floor":["M","M","M","M","$","R","?","E","T","R","M","M","R","?","R","B",null,"M","M","?","$","?","R","M","R","T","E","M","M","$","E","R","B",null,"M","M","$","M","$","E","M","E","T","?","M","M","E","$","R","B"],"character_chosen":"THE_SILENT","items_purchased":["Orichalcum","Well Laid Plans","TwistedFunnel","Lee\u0027s Waffle","Predator","Orrery"],"campfire_rested":3,"item_purchase_floors":[5,21,21,37,39,48],"current_hp_per_floor":[63,63,63,60,60,60,53,44,44,44,36,36,36,25,46,29,60,52,52,52,52,52,52,31,52,52,52,52,38,38,25,46,24,59,53,53,77,73,73,83,83,83,83,78,78,78,21,21,21,0,0],"gold":0,"neow_bonus":"THREE_ENEMY_KILL","is_daily":false,"chose_seed":false,"campfire_upgraded":4,"win_rate":0.0,"timestamp":1611729442,"path_taken":["M","M","?","M","?","R","?","E","T","R","M","M","R","?","R","BOSS","M","M","?","$","?","R","M","R","T","E","?","M","?","E","R","BOSS","M","?","?","M","$","E","M","E","T","?","M","M","E","?","R","BOSS"],"items_purchased_type":["Relic","Card","Relic","Relic","Card","Relic"],"build_version":"2020-12-22","purchased_purges":1,"victory":false,"max_hp_per_floor":[70,70,70,70,70,70,70,70,70,70,70,70,70,70,70,70,70,70,70,70,70,70,70,70,70,70,70,70,70,70,70,70,70,70,70,70,77,77,77,87,87,87,87,87,87,87,87,87,87,87,87],"card_choices":[{"not_picked":["Heel Hook","Sucker Punch"],"picked":"Dagger Throw","floor":1.0},{"not_picked":["Cloak And Dagger","Distraction"],"picked":"Blade Dance","floor":2.0},{"not_picked":["Deflect","Caltrops"],"picked":"Deadly Poison","floor":3.0},{"not_picked":["Underhanded Strike","Leg Sweep"],"picked":"Poisoned Stab","floor":4.0},{"not_picked":["Prepared","Acrobatics"],"picked":"Infinite Blades","floor":8.0},{"not_picked":["Outmaneuver","Masterful Stab"],"picked":"Wraith Form v2","floor":11.0},{"not_picked":["Backflip","Slice"],"picked":"Backstab","floor":12.0},{"not_picked":["Tools of the Trade","Storm of Steel"],"picked":"A Thousand Cuts","floor":16.0},{"not_picked":["Outmaneuver","Poisoned Stab","Bane"],"picked":"SKIP","floor":18.0},{"not_picked":["Eviscerate","Slice","Dodge and Roll"],"picked":"SKIP","floor":19.0},{"not_picked":["Underhanded Strike","Calculated Gamble"],"picked":"PiercingWail","floor":24.0},{"not_picked":["Caltrops","Reflex","Dagger Throw"],"picked":"SKIP","floor":27.0},{"not_picked":["Tactician","Accuracy"],"picked":"Cloak And Dagger","floor":28.0},{"not_picked":["Riddle With Holes","Quick Slash"],"picked":"Deadly Poison","floor":29.0},{"not_picked":["Dagger Throw","Heel Hook"],"picked":"Corpse Explosion","floor":31.0},{"not_picked":["Storm of Steel","After Image"],"picked":"Night Terror","floor":33.0},{"not_picked":["Cloak And Dagger","Flying Knee"],"picked":"Acrobatics","floor":35.0},{"not_picked":["Caltrops","Backflip"],"picked":"Cloak And Dagger+1","floor":36.0},{"not_picked":["Prepared","Poisoned Stab+1"],"picked":"Noxious Fumes","floor":38.0},{"not_picked":["Flying Knee","Terror"],"picked":"Acrobatics+1","floor":40.0},{"not_picked":["Poisoned Stab","Masterful Stab"],"picked":"Escape Plan","floor":41.0},{"not_picked":["Expertise+1","Predator+1","Quick Slash+1"],"picked":"SKIP","floor":42.0},{"not_picked":["Purity","Impatience"],"picked":"Panache","floor":44.0},{"not_picked":["Impatience","The Bomb"],"picked":"PanicButton","floor":44.0},{"not_picked":["Riddle With Holes+1","Backstab+1","Infinite Blades+1"],"picked":"SKIP","floor":45.0},{"not_picked":["Deflect+1","Poisoned Stab","Prepared"],"picked":"SKIP","floor":46.0},{"not_picked":["Finisher+1","Prepared","After Image"],"picked":"SKIP","floor":47.0},{"not_picked":["Predator","Skewer"],"picked":"Expertise","floor":48.0}],"player_experience":304078,"relics_obtained":[{"floor":8.0,"key":"Gremlin Horn"},{"floor":9.0,"key":"StrikeDummy"},{"floor":26.0,"key":"PreservedInsect"},{"floor":27.0,"key":"Vajra"},{"floor":31.0,"key":"Bag of Marbles"},{"floor":40.0,"key":"Pear"},{"floor":42.0,"key":"Ancient Tea Set"},{"floor":47.0,"key":"Whetstone"}],"event_choices":[{"damage_healed":0.0,"max_hp_gain":0.0,"max_hp_loss":0.0,"gold_gain":0.0,"event_name":"Scrap Ooze","player_choice":"Success","floor":7.0,"gold_loss":0.0,"damage_taken":7.0,"relics_obtained":["Mercury Hourglass"]},{"damage_healed":0.0,"max_hp_gain":0.0,"max_hp_loss":0.0,"gold_gain":75.0,"event_name":"World of Goop","player_choice":"Gather Gold","floor":14.0,"gold_loss":0.0,"damage_taken":11.0},{"damage_healed":0.0,"max_hp_gain":0.0,"max_hp_loss":0.0,"gold_gain":0.0,"event_name":"Vampires","player_choice":"Ignored","floor":20.0,"gold_loss":0.0,"damage_taken":0.0},{"damage_healed":0.0,"max_hp_gain":0.0,"max_hp_loss":0.0,"gold_gain":0.0,"cards_transformed":["Defend_G"],"event_name":"Transmorgrifier","player_choice":"Transformed","floor":22.0,"gold_loss":0.0,"damage_taken":0.0,"cards_obtained":["Noxious Fumes"]},{"damage_healed":0.0,"max_hp_gain":0.0,"max_hp_loss":0.0,"gold_gain":0.0,"event_name":"SensoryStone","player_choice":"Memory 2","floor":44.0,"gold_loss":0.0,"damage_taken":5.0}],"is_beta":false,"boss_relics":[{"not_picked":["Busted Crown","SlaversCollar"],"picked":"Philosopher\u0027s Stone"},{"not_picked":["Coffee Dripper","Empty Cage"],"picked":"Fusion Hammer"}],"items_purged_floors":[30],"is_endless":false,"potions_floor_spawned":[1,2,11,12,24,28,31,33,38,41,46,47],"killed_by":"Donu and Deca","ascension_level":12}}