{"host":"me30ioratabihv4r","time":1611775738,"event":{"mods":["AchievementEnabler","Act Like it!","BaseMod","Hallownest","Minty Spire (QoL Compilation)","StSLib","The Bug Knight","UnlockEverythingMod","everything is the same but u backflip on backflip"],"gold_per_floor":[365,376,226,226,1,1,20,20,44,58,58,76,86,104,104,203,203,215,167,185,205,9,9,34,34,34,54,71,81,81,114,114,211,211,224,237,237,251,21,21,36,65,65,14,14,25,25,42,42,42],"floor_reached":51,"language":"ENG","playtime":3796,"items_purged":[],"score":688,"play_id":"2b468f4a-b681-4b88-9d4d-740fc116ffaf","local_time":"20210127152858","is_ascension_mode":false,"campfire_choices":[{"data":"HollowMod:FocusHealStart","floor":6.0,"key":"SMITH"},{"data":"HollowMod:BlackTendrils","floor":8.0,"key":"SMITH"},{"data":"HollowMod:QuirrelsAssistance","floor":15.0,"key":"SMITH"},{"data":"HollowMod:ShadowDash","floor":23.0,"key":"SMITH"},{"data":"HollowMod:SiblingsSouls","floor":25.0,"key":"SMITH"},{"data":"HollowMod:DoubleDash","floor":30.0,"key":"SMITH"},{"floor":32.0,"key":"REST"},{"data":"HollowMod:HornetsHelp","floor":40.0,"key":"SMITH"},{"floor":47,"key":"REST"},{"data":"HollowMod:SoulMaster","floor":49,"key":"SMITH"}],"circlet_count":0,"master_deck":["HollowMod:NailStrikeStart","HollowMod:NailStrikeStart","HollowMod:NailStrikeStart","HollowMod:QuickDashStart","HollowMod:QuickDashStart","HollowMod:QuickDashStart","HollowMod:FocusHealStart+1","HollowMod:PogoStrike","HollowMod:VengefulVoid","HollowMod:CloakDash","HollowMod:MothsMistake+1","HollowMod:BlackTendrils+1","HollowMod:CloakDash","HollowMod:DoubleDash","HollowMod:QuirrelsAssistance+1","HollowMod:SiblingsSouls+1","HollowMod:SoulMaster+1","HollowMod:DoubleDash+1","HollowMod:ShadowDash+1","HollowMod:ShadowDash+1","HollowMod:VengefulVoid+1","HollowMod:HornetsHelp+1","HollowMod:DashSlash+1","Apotheosis+1","HollowMod:WraithStrike+1"],"relics":["HollowMod:VesselMask","HollowMod:StagPassRelic","HollowMod:LifeEnderRelic","HandDrill","Vajra","Calipers","Busted Crown","Strange Spoon","Potion Belt","Peace Pipe","Philosopher\u0027s Stone","Ginger","Bag of Preparation"],"acts_visited":["Exordium","TheCity","TheBeyond"],"potions_floor_usage":[42,50,50,50,50,50],"damage_taken":[{"damage":0.0,"enemies":"2 Louse","floor":1.0,"turns":3.0},{"damage":0.0,"enemies":"Jaw Worm","floor":2.0,"turns":3.0},{"damage":0.0,"enemies":"Small Slimes","floor":7.0,"turns":3.0},{"damage":15.0,"enemies":"Exordium Thugs","floor":10.0,"turns":4.0},{"damage":8.0,"enemies":"Exordium Wildlife","floor":12.0,"turns":4.0},{"damage":1.0,"enemies":"2 Fungi Beasts","floor":13.0,"turns":4.0},{"damage":6.0,"enemies":"Blue Slaver","floor":14.0,"turns":4.0},{"damage":26.0,"enemies":"Slime Boss","floor":16.0,"turns":9.0},{"damage":30.0,"enemies":"HollowMod:HuskSentry","floor":18.0,"turns":7.0},{"damage":9.0,"enemies":"Chosen","floor":20.0,"turns":5.0},{"damage":2.0,"enemies":"Centurion and Healer","floor":21.0,"turns":7.0},{"damage":19.0,"enemies":"Book of Stabbing","floor":24.0,"turns":6.0},{"damage":12.0,"enemies":"Shelled Parasite and Fungi","floor":27.0,"turns":4.0},{"damage":27.0,"enemies":"Chosen and Byrds","floor":28.0,"turns":7.0},{"damage":13.0,"enemies":"Snake Plant","floor":29.0,"turns":4.0},{"damage":53.0,"enemies":"Slavers","floor":31.0,"turns":8.0},{"damage":30.0,"enemies":"HollowMod:NKGrimm","floor":33.0,"turns":6.0},{"damage":36.0,"enemies":"3 Darklings","floor":35.0,"turns":5.0},{"damage":0.0,"enemies":"Orb Walker","floor":36.0,"turns":3.0},{"damage":40.0,"enemies":"Jaw Worm Horde","floor":38.0,"turns":6.0},{"damage":10,"enemies":"Writhing Mass","floor":41,"turns":5},{"damage":3,"enemies":"Giant Head","floor":42,"turns":6},{"damage":12,"enemies":"3 Darklings","floor":46,"turns":3},{"damage":0,"enemies":"Jaw Worm Horde","floor":48,"turns":4},{"damage":4,"enemies":"Donu and Deca","floor":50,"turns":8}],"seed_played":"157361973088896613","potions_obtained":[{"floor":7.0,"key":"BlessingOfTheForge"},{"floor":14.0,"key":"Swift Potion"},{"floor":16.0,"key":"Swift Potion"},{"floor":21.0,"key":"CultistPotion"},{"floor":24.0,"key":"LiquidMemories"},{"floor":27.0,"key":"SpeedPotion"},{"floor":28.0,"key":"PowerPotion"},{"floor":31.0,"key":"SpeedPotion"},{"floor":35.0,"key":"SneckoOil"},{"floor":41,"key":"AttackPotion"},{"floor":42,"key":"DuplicationPotion"},{"floor":46,"key":"ColorlessPotion"}],"is_trial":false,"path_per_floor":["M","M","?","?","$","R","M","R","T","M","T","M","M","M","R","B",null,"M","$","M","M","$","R","E","R","T","M","M","M","R","E","R","B",null,"M","M","?","M","$","R","M","E","T","$","?","M","R","M","R","B",null],"character_chosen":"THE_BUGKNIGHT","items_purchased":["HollowMod:MothsMistake","HandDrill","HollowMod:ShadowDash","Strange Spoon","HollowMod:VengefulVoid","Apotheosis","Energy Potion","Strength Potion"],"campfire_rested":2,"item_purchase_floors":[5,5,19,22,22,39,39,44],"current_hp_per_floor":[60,60,60,57,57,57,57,57,57,48,48,55,64,71,71,54,75,63,63,68,75,75,75,59,59,59,67,52,48,48,8,30,46,75,71,74,74,47,47,47,49,71,71,71,71,68,75,75,75,75],"gold":42,"neow_bonus":"TWO_FIFTY_GOLD","is_daily":false,"chose_seed":false,"campfire_upgraded":8,"win_rate":0.0,"timestamp":1611775738,"path_taken":["M","M","?","?","$","R","M","R","T","M","?","M","M","M","R","BOSS","M","$","M","M","$","R","E","R","T","M","M","M","R","E","R","BOSS","M","M","?","M","$","R","M","E","T","$","?","M","R","?","R","BOSS"],"items_purchased_type":["Card","Relic","Card","Relic","Card","Card","Potion","Potion"],"build_version":"2020-12-22","purchased_purges":0,"victory":true,"max_hp_per_floor":[75,75,75,75,75,75,75,75,75,75,75,75,75,75,75,75,75,75,75,75,75,75,75,75,75,75,75,75,75,75,75,75,75,75,75,75,75,75,75,75,75,75,75,75,75,75,75,75,75,75],"card_choices":[{"not_picked":["HollowMod:HowlingWraiths","HollowMod:FastStrike"],"picked":"HollowMod:VengefulVoid","floor":1.0},{"not_picked":["HollowMod:VengefulSpirit","HollowMod:TaintedHusks"],"picked":"HollowMod:CloakDash","floor":2.0},{"not_picked":["HollowMod:DashSlash","HollowMod:SoulSplash"],"picked":"HollowMod:BlackTendrils","floor":7.0},{"not_picked":["HollowMod:SharpenedNail","HollowMod:LifebloodCocoon"],"picked":"HollowMod:CloakDash","floor":10.0},{"not_picked":["HollowMod:Weaversong","HollowMod:InfectedCysts"],"picked":"HollowMod:DoubleDash","floor":12.0},{"not_picked":["HollowMod:InfectionAssault","HollowMod:GrimmsGift"],"picked":"HollowMod:QuirrelsAssistance","floor":13.0},{"not_picked":["HollowMod:DreamGate","HollowMod:DesolateDive"],"picked":"HollowMod:SiblingsSouls","floor":14.0},{"not_picked":["HollowMod:PureVessel","HollowMod:MidwifesHunger"],"picked":"HollowMod:SoulMaster","floor":16.0},{"not_picked":[],"picked":"HollowMod:DoubleDash","floor":18.0},{"not_picked":[],"picked":"HollowMod:ShadowDash","floor":20.0},{"not_picked":["HollowMod:ChannelNail"],"picked":"SKIP","floor":21.0},{"not_picked":[],"picked":"HollowMod:HornetsHelp","floor":33.0},{"not_picked":[],"picked":"HollowMod:DashSlash+1","floor":38.0},{"not_picked":[],"picked":"HollowMod:WraithStrike+1","floor":48}],"player_experience":39498,"relics_obtained":[{"floor":9.0,"key":"Vajra"},{"floor":11.0,"key":"Calipers"},{"floor":24.0,"key":"Potion Belt"},{"floor":31.0,"key":"Peace Pipe"},{"floor":42,"key":"Ginger"},{"floor":43,"key":"Bag of Preparation"}],"event_choices":[{"damage_healed":0.0,"max_hp_gain":0.0,"max_hp_loss":0.0,"gold_gain":0.0,"event_name":"Scrap Ooze","player_choice":"Success","floor":4.0,"gold_loss":0.0,"damage_taken":3.0,"relics_obtained":["HollowMod:LifeEnderRelic"]},{"cards_removed":["HollowMod:QuickDashStart"],"damage_healed":0.0,"max_hp_gain":0.0,"max_hp_loss":0.0,"gold_gain":0.0,"event_name":"Falling","player_choice":"Removed Skill","floor":37.0,"gold_loss":0.0,"damage_taken":0.0},{"cards_removed":["HollowMod:NailStrikeStart"],"damage_healed":0,"gold_gain":0,"player_choice":"Purged","damage_taken":0,"max_hp_gain":0,"max_hp_loss":0,"event_name":"Purifier","floor":45,"gold_loss":0}],"is_beta":false,"boss_relics":[{"not_picked":["Fusion Hammer","Runic Pyramid"],"picked":"Busted Crown"},{"not_picked":["SacredBark","Coffee Dripper"],"picked":"Philosopher\u0027s Stone"}],"items_purged_floors":[],"is_endless":false,"potions_floor_spawned":[7,14,16,21,24,27,28,31,35,41,42,46],"ascension_level":0}}