{"host":"Jade","time":1611751492,"event":{"mods":["2.2 Compatiblity","A Penny For Your Troubles","Aspiration","BaseMod","Better Altar","Better Match","Better Note","Better Skull","Better Third Choice","Better Vampires","BetterRewards","Colored Powertips","Conspire","Curses Come First","DeckTracker","GifTheSpireLib","Hero for Fun","Hubris","Infinite Spire","Minty Spire (QoL Compilation)","Quick Restart","Rare Cards Sparkle","Relic Stats","Reliquary","Replay The Spire","Robot Space Explorer","RumiaBox-????????","Spicy Shops","StSLib","Stuff the Spire","Waifu the Spire","Wandering Minibosses"],"gold_per_floor":[109,129,15,43,74,186,198,224,236,364,376,407,435,459,471,583,645,673,701,713,725,725],"floor_reached":21,"language":"ENG","playtime":908,"items_purged":["Strike_B","Defend_B"],"score":220,"play_id":"0eb8f351-4bb5-440e-b109-ae05ad7efbb0","local_time":"20210127204452","is_ascension_mode":false,"campfire_choices":[{"data":"hubris:PowerSurge","floor":7,"key":"SMITH"},{"data":"Zap","floor":11,"key":"SMITH"},{"data":"hubris:PowerSurge","floor":15,"key":"SMITH"}],"circlet_count":0,"master_deck":["Strike_B+1","Strike_B+1","Strike_B+1","Defend_B","Defend_B","Defend_B","Zap+1","Dualcast","hubris:PowerSurge+1","Leap","Ball Lightning","BootSequence","hubris:Ukulele","hubris:PowerSurge+1","Thunder Strike","Defragment","Panic Button"],"relics":["Cracked Core","Membership Card","Oddly Smooth Stone","Sling","StuffTheSpire:TintedRock","Vajra","MawBank","Centennial Puzzle","hubris:PeanutButter","Whetstone","Tiny House"],"acts_visited":["Exordium","TheCity"],"potions_floor_usage":[12,14,19],"damage_taken":[{"damage":0,"enemies":"Small Slimes","floor":1,"turns":2},{"damage":0,"enemies":"Cultist","floor":2,"turns":2},{"damage":0,"enemies":"Jaw Worm","floor":4,"turns":2},{"damage":0,"enemies":"Exordium Thugs","floor":5,"turns":3},{"damage":14,"enemies":"Lagavulin","floor":6,"turns":5},{"damage":0,"enemies":"Red Slaver","floor":8,"turns":2},{"damage":0,"enemies":"Gremlin Nob","floor":10,"turns":3},{"damage":0,"enemies":"2 Fungi Beasts","floor":12,"turns":2},{"damage":0,"enemies":"Exordium Wildlife","floor":13,"turns":3},{"damage":2,"enemies":"Red Slaver","floor":14,"turns":5},{"damage":8,"enemies":"The Guardian","floor":16,"turns":6},{"damage":18,"enemies":"conspire:FuzzyDice","floor":18,"turns":6},{"damage":0,"enemies":"Shell Parasite","floor":19,"turns":2},{"damage":80,"enemies":"Snecko","floor":21,"turns":7}],"seed_played":"-1175820209349500503","potions_obtained":[{"floor":4,"key":"Explosive Potion"},{"floor":8,"key":"Swift Potion"},{"floor":12,"key":"Fruit Juice"},{"floor":14,"key":"FearPotion"},{"floor":16,"key":"ColorlessPotion"}],"is_trial":false,"path_per_floor":["M","M","?","M","M","E","R","M","T","E","R","M","M","M","R","B",null,"M","M","?","M"],"character_chosen":"DEFECT","items_purchased":["Membership Card","Oddly Smooth Stone","Sling","StuffTheSpire:TintedRock","Vajra","hubris:PowerSurge"],"campfire_rested":0,"item_purchase_floors":[0,0,0,0,0,0],"current_hp_per_floor":[40,40,40,40,40,26,26,26,26,26,26,31,31,29,29,21,85,67,67,67,0,0],"gold":725,"neow_bonus":"","is_daily":false,"chose_seed":false,"campfire_upgraded":3,"win_rate":0.0,"timestamp":1611751492,"path_taken":["M","M","?","M","M","E","R","M","T","E","R","M","M","?","R","BOSS","M","M","?","?"],"items_purchased_type":["Relic","Relic","Relic","Relic","Relic","Card"],"build_version":"2020-11-17","purchased_purges":2,"victory":false,"max_hp_per_floor":[75,75,75,75,75,75,75,75,75,75,75,80,80,80,80,80,85,85,85,85,85,85],"relic_stats":{"Centennial Puzzle":[12],"counters":[56,175],"Whetstone":["Strike_B","Strike_B"],"MawBank":216,"obtain_stats":[{"infinitespire:BottledMercury":0,"Calipers":0,"Tiny House":17,"Vajra":0,"StuffTheSpire:BottledEssence":0,"Whetstone":10,"Sling":0,"Lizard Tail":0,"Centennial Puzzle":6,"infinitespire:ShieldingShard":0,"aspiration:BabyByrd":7,"Fusion Hammer":34,"HandDrill":0,"Replay:Wax Seal":0,"aspiration:Nostalgia":0,"hubris:SoftwareUpdate":0,"Blue Candle":24,"Oddly Smooth Stone":0,"reliquary:TatteredRug":0,"War Paint":42,"aspiration:HiddenCompartment":6,"reliquary:Bookmark":0,"StuffTheSpire:MayFlowers":0,"infinitespire:Broken Mirror":2,"ReplayTheSpireMod:Ring of Collecting":0,"Bird Faced Urn":0,"StuffTheSpire:DarkSteelAnvil":0,"hubris:PeanutButter":9,"GodSword1":0,"Pocketwatch":0,"Replay:PocketPolymizer":45,"Singing Bowl":43,"Mango":0,"aspiration:TomeofQuesting":8,"Ancient Tea Set":30,"conspire:InfiniteJournal":0,"Replay:Rubber Ducky":0,"WristBlade":17,"Gambling Chip":0,"hubris:FunFungus":0,"StuffTheSpire:Nightcore":0,"infinitespire:Chaos":0,"Ring of the Snake":0,"hubris:GlazedTorus":0,"Potion Belt":0,"StuffTheSpire:TintedRock":0,"reliquary:LoveEmittingDiode":0,"Basket Of Snakes":0,"infinitespire:EmptyRelic":0,"Thread and Needle":0,"infinitespire:CheckeredPen":9,"Orichalcum":0,"MawBank":3,"ChaoDraw":0,"infinitespire:DarkRift":0,"Busted Crown":36,"StuffTheSpire:Mouthbags":0,"infinitespire:Satchel":9,"reliquary:Stiletto":0,"Garlic":0,"Bag of Marbles":0,"StuffTheSpire:RubySignet":0,"Membership Card":0,"hubris:OldNail":12,"infinitespire:Freezer":0},{"infinitespire:BottledMercury":34,"Calipers":0,"Tiny House":53,"Vajra":42,"StuffTheSpire:BottledEssence":0,"Whetstone":49,"Sling":42,"Lizard Tail":0,"Centennial Puzzle":47,"infinitespire:ShieldingShard":0,"aspiration:BabyByrd":32,"Fusion Hammer":18,"HandDrill":0,"Replay:Wax Seal":34,"aspiration:Nostalgia":0,"hubris:SoftwareUpdate":39,"Blue Candle":14,"Oddly Smooth Stone":42,"reliquary:TatteredRug":34,"War Paint":23,"aspiration:HiddenCompartment":5,"reliquary:Bookmark":34,"StuffTheSpire:MayFlowers":0,"infinitespire:Broken Mirror":40,"ReplayTheSpireMod:Ring of Collecting":0,"Bird Faced Urn":0,"StuffTheSpire:DarkSteelAnvil":27,"hubris:PeanutButter":48,"GodSword1":0,"Pocketwatch":27,"Replay:PocketPolymizer":24,"Singing Bowl":23,"Mango":0,"aspiration:TomeofQuesting":33,"Ancient Tea Set":16,"conspire:InfiniteJournal":0,"Replay:Rubber Ducky":39,"WristBlade":10,"Gambling Chip":34,"hubris:FunFungus":0,"StuffTheSpire:Nightcore":27,"infinitespire:Chaos":34,"Ring of the Snake":0,"hubris:GlazedTorus":27,"Potion Belt":34,"StuffTheSpire:TintedRock":42,"reliquary:LoveEmittingDiode":34,"Basket Of Snakes":0,"infinitespire:EmptyRelic":34,"Thread and Needle":27,"infinitespire:CheckeredPen":6,"Orichalcum":0,"MawBank":44,"ChaoDraw":0,"infinitespire:DarkRift":0,"Busted Crown":19,"StuffTheSpire:Mouthbags":0,"infinitespire:Satchel":33,"reliquary:Stiletto":39,"Garlic":0,"Bag of Marbles":34,"StuffTheSpire:RubySignet":34,"Membership Card":34,"hubris:OldNail":8,"infinitespire:Freezer":34},{"infinitespire:BottledMercury":103,"Calipers":0,"Tiny House":160,"Vajra":125,"StuffTheSpire:BottledEssence":0,"Whetstone":144,"Sling":125,"Lizard Tail":0,"Centennial Puzzle":139,"infinitespire:ShieldingShard":0,"aspiration:BabyByrd":97,"Fusion Hammer":61,"HandDrill":0,"Replay:Wax Seal":103,"aspiration:Nostalgia":0,"hubris:SoftwareUpdate":118,"Blue Candle":49,"Oddly Smooth Stone":125,"reliquary:TatteredRug":103,"War Paint":73,"aspiration:HiddenCompartment":19,"reliquary:Bookmark":103,"StuffTheSpire:MayFlowers":0,"infinitespire:Broken Mirror":121,"ReplayTheSpireMod:Ring of Collecting":0,"Bird Faced Urn":0,"StuffTheSpire:DarkSteelAnvil":79,"hubris:PeanutButter":141,"GodSword1":0,"Pocketwatch":79,"Replay:PocketPolymizer":74,"Singing Bowl":73,"Mango":0,"aspiration:TomeofQuesting":101,"Ancient Tea Set":54,"conspire:InfiniteJournal":0,"Replay:Rubber Ducky":118,"WristBlade":40,"Gambling Chip":103,"hubris:FunFungus":0,"StuffTheSpire:Nightcore":79,"infinitespire:Chaos":103,"Ring of the Snake":0,"hubris:GlazedTorus":79,"Potion Belt":103,"StuffTheSpire:TintedRock":125,"reliquary:LoveEmittingDiode":103,"Basket Of Snakes":0,"infinitespire:EmptyRelic":103,"Thread and Needle":79,"infinitespire:CheckeredPen":24,"Orichalcum":0,"MawBank":129,"ChaoDraw":0,"infinitespire:DarkRift":0,"Busted Crown":63,"StuffTheSpire:Mouthbags":0,"infinitespire:Satchel":101,"reliquary:Stiletto":118,"Garlic":0,"Bag of Marbles":103,"StuffTheSpire:RubySignet":103,"Membership Card":103,"hubris:OldNail":32,"infinitespire:Freezer":103}]},"card_choices":[{"not_picked":["Scrape","StuffTheSpire:Plugnplay"],"picked":"Leap","floor":1},{"not_picked":["Steam","StuffTheSpire:LoadUp"],"picked":"Ball Lightning","floor":2},{"not_picked":["StuffTheSpire:EventHorizon","Coolheaded","Compile Driver"],"picked":"SKIP","floor":4},{"not_picked":["ReplayTheSpireMod:System Scan","StuffTheSpire:Plugnplay"],"picked":"BootSequence","floor":5},{"not_picked":["Reboot","Gash","Go for the Eyes"],"picked":"SKIP","floor":6},{"not_picked":["StuffTheSpire:Plugnplay","Go for the Eyes","Melter"],"picked":"SKIP","floor":8},{"not_picked":["StuffTheSpire:Purify","StuffTheSpire:Plugnplay","Gash"],"picked":"SKIP","floor":10},{"not_picked":["Steam","ReplayTheSpireMod:Reroute Power"],"picked":"hubris:Ukulele","floor":12},{"not_picked":["Redo","Streamline","Static Discharge"],"picked":"SKIP","floor":13},{"not_picked":["Compile Driver","Hologram"],"picked":"hubris:PowerSurge","floor":14},{"not_picked":["Buffer","Machine Learning"],"picked":"Thunder Strike","floor":16},{"not_picked":["Gash","StuffTheSpire:Coldhearted"],"picked":"Defragment","floor":17},{"not_picked":["Conserve Battery","Sweeping Beam"],"picked":"Panic Button","floor":18},{"not_picked":["Blizzard","Glacier+1","ReplayTheSpireMod:Calculation Training"],"picked":"SKIP","floor":19}],"player_experience":44475,"relics_obtained":[{"floor":6,"key":"Centennial Puzzle"},{"floor":9,"key":"hubris:PeanutButter"},{"floor":10,"key":"Whetstone"}],"event_choices":[{"damage_healed":0,"gold_gain":0,"player_choice":"Paid Gold","damage_taken":0,"relics_obtained":["MawBank"],"max_hp_gain":0,"max_hp_loss":0,"event_name":"WeMeetAgain","floor":3,"gold_loss":114},{"damage_healed":0,"gold_gain":0,"player_choice":"Ignored","damage_taken":0,"max_hp_gain":0,"max_hp_loss":0,"event_name":"betterNote:BetterNote","floor":20,"gold_loss":0,"cards_obtained":["ReplayTheSpireMod:Brewmster"]}],"is_beta":true,"boss_relics":[{"not_picked":["infinitespire:Cupcake","Ring of Chaos"],"picked":"Tiny House"}],"items_purged_floors":[0,0],"is_endless":false,"potions_floor_spawned":[4,8,12,14,16],"killed_by":"Snecko","ascension_level":0}}