{"host":"3ghcx3e93lhog3cp","time":1611761935,"event":{"mods":["AchievementEnabler","BaseMod","Downfall","Infinite Spire","Minty Spire (QoL Compilation)","Replay The Spire","StSLib"],"gold_per_floor":[115,65,65,77,92,92,123,149,174,174,188,8,28,42,42,146,146,166,266,282,301,21,21,55,73,73,105,119,149,149,168,168,267,267,286,306,316,366,401,426,7,7,89,122,122,122,159,181,181,181],"floor_reached":51,"language":"ENG","playtime":4086,"items_purged":["Strike_G","Defend_G"],"score":997,"play_id":"603b233d-7954-4452-9608-05320dfc73c5","local_time":"20210127073855","is_ascension_mode":true,"campfire_choices":[{"data":"Neutralize","floor":6,"key":"SMITH"},{"data":"ReplayTheSpireMod:Black Plague","floor":15,"key":"SMITH"},{"data":"ReplayUltimateDefense","floor":23,"key":"SMITH"},{"data":"ReplayTheSpireMod:Black Plague","floor":30,"key":"SMITH"},{"data":"A Thousand Cuts","floor":32,"key":"SMITH"},{"data":"Replay:Bag of Tricks","floor":45,"key":"SMITH"},{"data":"infinitespire:DeathsTouch","floor":49,"key":"SMITH"}],"circlet_count":0,"master_deck":["Strike_G+1","Strike_G+1","Defend_G","Defend_G","Survivor","Neutralize+1","Catalyst","Deadly Poison","Bane","Dash","Distraction","ReplayTheSpireMod:Black Plague+1","Crippling Poison","Poisoned Stab+1","ReplayTheSpireMod:Black Plague+1","Bane","A Thousand Cuts+1","Deflect","Deadly Poison+1","Backflip","ReplayUltimateDefense+1","Dash","Replay:Bag of Tricks+1","Backflip+1","Adrenaline","Distraction+1","Blur+1","Infinite Blades+1","Dash+1","Noxious Fumes+1","Fluid Movement","Dodge and Roll+1","infinitespire:DeathsTouch+1","Accuracy+1"],"relics":["Coffee Dripper","ReplayTheSpireMod:Ring of Collecting","Ring of Panic","ReplayTheSpireMod:TigerMarble","Odd Mushroom","Ring of Hypnosis","PreservedInsect","DollysMirror","Painkiller Herb","Art of War","ReplayTheSpireMod:Ring of Challenge","Whetstone","infinitespire:Eraser","Quantum Egg","Astrolabe","Regal Pillow","ReplayTheSpireMod:Shallot","Ring of Misfortune","Shuriken","Omamori","Bag of Preparation","infinitespire:EvilPickle","Replay:Wax Seal"],"acts_visited":["Exordium","TheCity","TheBeyond"],"potions_floor_usage":[8,8,16,16,33,44,44,50,50],"damage_taken":[{"damage":1,"enemies":"Jaw Worm","floor":1,"turns":5},{"damage":1,"enemies":"2 Louse","floor":4,"turns":4},{"damage":1,"enemies":"Small Slimes","floor":5,"turns":4},{"damage":8,"enemies":"Replay:BlueRogue","floor":7,"turns":5},{"damage":0,"enemies":"The Mushroom Lair","floor":8,"turns":3},{"damage":1,"enemies":"Red Slaver","floor":11,"turns":2},{"damage":3,"enemies":"Looter","floor":13,"turns":2},{"damage":8,"enemies":"2 Fungi Beasts","floor":14,"turns":3},{"damage":0,"enemies":"The Guardian","floor":16,"turns":3},{"damage":0,"enemies":"2 Thieves","floor":18,"turns":2},{"damage":0,"enemies":"Shell Parasite","floor":20,"turns":2},{"damage":1,"enemies":"Snecko","floor":21,"turns":3},{"damage":0,"enemies":"Slavers","floor":24,"turns":3},{"damage":0,"enemies":"Chosen and Byrds","floor":25,"turns":2},{"damage":3,"enemies":"Book of Stabbing","floor":27,"turns":3},{"damage":1,"enemies":"Cultist and Chosen","floor":28,"turns":4},{"damage":0,"enemies":"Gremlin Leader","floor":29,"turns":3},{"damage":0,"enemies":"3 Cultists","floor":31,"turns":4},{"damage":0,"enemies":"Pondfish","floor":33,"turns":5},{"damage":0,"enemies":"Orb Walker","floor":35,"turns":2},{"damage":9,"enemies":"3 Shapes","floor":36,"turns":3},{"damage":0,"enemies":"Transient","floor":37,"turns":5},{"damage":0,"enemies":"Sphere and 2 Shapes","floor":38,"turns":4},{"damage":0,"enemies":"Spire Growth","floor":39,"turns":3},{"damage":3,"enemies":"R_Hoarder","floor":40,"turns":5},{"damage":4,"enemies":"Nemesis","floor":44,"turns":5},{"damage":0,"enemies":"Nightmare","floor":47,"turns":3},{"damage":0,"enemies":"Jaw Worm Horde","floor":48,"turns":3},{"damage":20,"enemies":"Time Eater","floor":50,"turns":9}],"seed_played":"2141054723902751239","potions_obtained":[{"floor":4,"key":"Dexterity Potion"},{"floor":5,"key":"Dexterity Potion"},{"floor":8,"key":"FearPotion"},{"floor":11,"key":"hexamod:SoulburnPotion"},{"floor":14,"key":"BlessingOfTheForge"},{"floor":18,"key":"FearPotion"},{"floor":20,"key":"Elixir"},{"floor":24,"key":"Ancient Potion"},{"floor":25,"key":"Death Potion"},{"floor":29,"key":"Swift Potion"},{"floor":35,"key":"Milkshake"},{"floor":38,"key":"Adrenaline Potion"},{"floor":40,"key":"Regen Potion"},{"floor":47,"key":"Death Potion"}],"is_trial":false,"path_per_floor":["M","?","?","M","M","R","E","?","T","?","M","$","M","M","R","B",null,"?","?","?","?","T","T","E","?","T","E","?","E","T","?","T","B",null,"?","?","?","?","?","E","T","?","T","E","T","AVR","NM","?","T","B",null],"character_chosen":"THE_SILENT","items_purchased":["Poisoned Stab+1","DollysMirror","ReplayUltimateDefense","Dash","ReplayTheSpireMod:Shallot","Fluid Movement"],"campfire_rested":0,"item_purchase_floors":[12,12,22,22,41,41],"current_hp_per_floor":[69,69,69,68,67,67,59,59,59,42,41,41,38,30,30,30,70,70,70,70,69,69,69,69,69,69,66,65,69,69,69,69,69,70,70,61,61,61,61,58,58,58,58,66,66,66,66,66,66,46],"gold":181,"neow_bonus":"BOSS_RELIC","is_daily":false,"chose_seed":false,"campfire_upgraded":7,"win_rate":0.0,"timestamp":1611761935,"path_taken":["M","?","?","M","M","R","E","?","T","?","M","$","M","M","R","BOSS","?","?","?","?","T","T","E","?","T","E","?","E","T","?","T","BOSS","?","?","?","?","?","E","T","?","T","E","T","AVR","NM","?","T","BOSS"],"items_purchased_type":["Card","Relic","Card","Card","Relic","Card"],"build_version":"2020-12-22","purchased_purges":2,"victory":true,"max_hp_per_floor":[70,70,70,70,70,70,70,70,70,70,70,70,70,70,70,70,70,70,70,70,70,70,70,70,70,70,70,70,70,70,70,70,70,70,70,70,70,70,70,70,70,66,66,66,66,66,66,66,66,66],"card_choices":[{"not_picked":["Terror","Blade Dance"],"picked":"Catalyst","floor":1},{"not_picked":["Expertise","Blade Dance"],"picked":"Deadly Poison","floor":4},{"not_picked":["Hidden Blade","Cloak And Dagger"],"picked":"Bane","floor":5},{"not_picked":["Bullet Time","Backflip"],"picked":"Dash","floor":7},{"not_picked":["Heel Hook","Expertise"],"picked":"Distraction","floor":8},{"not_picked":["infinitespire:FutureSight","Replay:Fractal Strike"],"picked":"ReplayTheSpireMod:Black Plague","floor":10},{"not_picked":["Slice","Dodge and Roll"],"picked":"Crippling Poison","floor":11},{"not_picked":["Backflip","Terror"],"picked":"Bane","floor":13},{"not_picked":["Slice","Sucker Punch","Hidden Blade"],"picked":"SKIP","floor":14},{"not_picked":["Glass Knife","Doppelganger"],"picked":"A Thousand Cuts","floor":16},{"not_picked":["ReplayTheSpireMod:Shiv Toss","Endless Agony"],"picked":"Deflect","floor":18},{"not_picked":["Underhanded Strike","Terror"],"picked":"Deadly Poison+1","floor":20},{"not_picked":["Deadly Poison","Finisher"],"picked":"Backflip","floor":21},{"not_picked":["Cloak And Dagger+1","Poisoned Stab+1"],"picked":"Replay:Bag of Tricks","floor":24},{"not_picked":["Dagger Throw","Blade Dance+1","Poisoned Stab+1"],"picked":"SKIP","floor":25},{"not_picked":["Deadly Poison+1","Storm of Steel"],"picked":"Backflip+1","floor":27},{"not_picked":["Slice","Dagger Spray","Cloak And Dagger+1"],"picked":"SKIP","floor":28},{"not_picked":["Slice+1","Sucker Punch","Hidden Blade"],"picked":"SKIP","floor":29},{"not_picked":["Slice","Prepared","Blade Dance"],"picked":"SKIP","floor":31},{"not_picked":["Replay:Bag of Tricks","Tools of the Trade"],"picked":"Adrenaline","floor":33},{"not_picked":["Poisoned Stab+1","Flying Knee+1","Well Laid Plans"],"picked":"SKIP","floor":35},{"not_picked":["Flying Knee+1","Dodge and Roll"],"picked":"Dash+1","floor":36},{"not_picked":["Blur","Calculated Gamble"],"picked":"Noxious Fumes+1","floor":37},{"not_picked":["Dodge and Roll+1","Quick Slash+1","ReplayTheSpireMod:Exploit Weakness+1"],"picked":"SKIP","floor":38},{"not_picked":["Catalyst+1","Cloak And Dagger","ReplayTheSpireMod:Speed Training"],"picked":"SKIP","floor":39},{"not_picked":["Poisoned Stab","Burst","ReplayTheSpireMod:Scrap Shanks+1"],"picked":"SKIP","floor":40},{"not_picked":["Catalyst","Sucker Punch+1"],"picked":"Dodge and Roll+1","floor":44},{"not_picked":["Underhanded Strike+1","Bullet Time"],"picked":"Accuracy+1","floor":47},{"not_picked":["Blade Dance+1","Dagger Throw","Flechettes+1"],"picked":"SKIP","floor":48}],"player_experience":205960,"relics_obtained":[{"floor":3,"key":"ReplayTheSpireMod:Ring of Collecting"},{"floor":3,"key":"Ring of Panic"},{"floor":7,"key":"ReplayTheSpireMod:TigerMarble"},{"floor":8,"key":"Odd Mushroom"},{"floor":9,"key":"Ring of Hypnosis"},{"floor":9,"key":"PreservedInsect"},{"floor":24,"key":"Art of War"},{"floor":26,"key":"ReplayTheSpireMod:Ring of Challenge"},{"floor":26,"key":"Whetstone"},{"floor":27,"key":"infinitespire:Eraser"},{"floor":29,"key":"Quantum Egg"},{"floor":40,"key":"Regal Pillow"},{"floor":43,"key":"Ring of Misfortune"},{"floor":43,"key":"Shuriken"},{"floor":44,"key":"Omamori"},{"floor":47,"key":"Replay:Wax Seal"}],"event_choices":[{"cards_removed":["Defend_G"],"damage_healed":0,"gold_gain":0,"player_choice":"Card Removal","damage_taken":0,"max_hp_gain":0,"max_hp_loss":0,"event_name":"The Cleric","floor":2,"gold_loss":50},{"damage_healed":0,"gold_gain":0,"player_choice":"Fought Mushrooms","damage_taken":0,"max_hp_gain":0,"max_hp_loss":0,"event_name":"Mushrooms","floor":8,"gold_loss":0},{"damage_healed":0,"gold_gain":100,"player_choice":"Pray","damage_taken":0,"max_hp_gain":0,"max_hp_loss":0,"event_name":"Golden Shrine","floor":19,"gold_loss":0},{"damage_healed":0,"gold_gain":0,"player_choice":"Max HP","damage_taken":0,"max_hp_gain":0,"max_hp_loss":4,"event_name":"Winding Halls","floor":42,"gold_loss":0}],"is_beta":false,"boss_relics":[{"not_picked":["Runic Pyramid","SacredBark"],"picked":"Painkiller Herb"},{"not_picked":["Pandora\u0027s Box","Snecko Eye"],"picked":"Astrolabe"}],"items_purged_floors":[22,41],"is_endless":false,"potions_floor_spawned":[4,5,8,11,14,18,20,24,25,29,35,38,40,47],"ascension_level":1}}