{"host":"xgwtdz99zg48cmix","time":1611761794,"event":{"mods":["ATMod(°¢èªMod)","Arknights The Spire","Aspiration","BaseMod","Dota2Spire","Downfall","Marisa£¨ìFÓê¡¡Ä§ÀíÉ³£©","Minty Spire (QoL Compilation)","Quick Restart","StSLib","WarShipGirlsR/Õ½½¢ÉÙÅ®R mod","[GremlinLeader]The Maniac","[IsaacMod]ÒÔÈö¼âËþ","¡¾ÒÅÎï¿¨ÅÆ¡¿REMEMod","óô»ðÖ¸ÄÏ"],"gold_per_floor":[99,99,109,134,190,207,207,207,236,251,266,166,207,207,248,248,248,248],"floor_reached":16,"language":"ZHS","playtime":702,"items_purged":[],"score":102,"play_id":"c5bbc584-9e19-4d67-a8a1-1e8bd9ec3b65","local_time":"20210127233634","is_ascension_mode":false,"campfire_choices":[{"data":"AT_FamilyPortrait","floor":1,"key":"SMITH"},{"data":"BettingIsNotGood","floor":12,"key":"SMITH"}],"circlet_count":0,"master_deck":["Guardian:Strike_Guardian","Guardian:Strike_Guardian","Guardian:Strike_Guardian","Guardian:Strike_Guardian","Guardian:Defend_Guardian","Guardian:Defend_Guardian","Guardian:Defend_Guardian","Guardian:Defend_Guardian","Guardian:CurlUp","Guardian:TwinSlam","AT_FamilyPortrait+1","BettingIsNotGood+1","Guardian:TimeBomb","Guardian:BodySlam","Guardian:Harden","Guardian:DonusPower","Bomb","Guardian:RefractedBeam","Guardian:ArmoredProtocol"],"relics":["Guardian:ModeShifter","HushsDoor","REME_ComplimentaryCards","AT_ATBox","DeathBook","Art of War","Bag of Marbles","TuHaoJin","AT_RedTearstoneRing","Omamori","downfall:HeartBlessingGreen","Toxic Egg 2"],"acts_visited":["Exordium"],"potions_floor_usage":[13,13,15,15],"damage_taken":[{"damage":11,"enemies":"Jaw Worm","floor":3,"turns":3},{"damage":23,"enemies":"Lagavulin Event","floor":5,"turns":8},{"damage":0,"enemies":"2 Louse","floor":6,"turns":1},{"damage":13,"enemies":"Gremlin Nob","floor":9,"turns":3},{"damage":10,"enemies":"Small Slimes","floor":10,"turns":3},{"damage":0,"enemies":"3 Louse","floor":11,"turns":1},{"damage":15,"enemies":"Gremlin Gang","floor":13,"turns":7},{"damage":2,"enemies":"Exordium Wildlife","floor":15,"turns":4},{"damage":33,"enemies":"DF_ARCHETYPE_STREAMLINE","floor":16,"turns":5}],"seed_played":"926816844042207158","potions_obtained":[{"floor":5,"key":"PowerPotion"},{"floor":9,"key":"Energy Potion"},{"floor":11,"key":"LiquidBronze"},{"floor":13,"key":"GamblersBrew"}],"is_trial":false,"path_per_floor":["R","?","M","T","?","M","T","?","E","M","M","R","M","T","M","B"],"character_chosen":"GUARDIAN","items_purchased":[],"campfire_rested":0,"item_purchase_floors":[],"current_hp_per_floor":[88,88,77,77,54,54,54,54,46,36,36,36,31,31,29,0,0,0],"gold":248,"neow_bonus":"TEN_PERCENT_HP_BONUS","is_daily":false,"chose_seed":false,"campfire_upgraded":2,"win_rate":0.0,"timestamp":1611761794,"path_taken":["R","?","M","?","?","M","T","?","E","M","M","R","?","?","M","BOSS"],"items_purchased_type":[],"build_version":"2020-12-22","purchased_purges":0,"victory":false,"max_hp_per_floor":[88,88,88,88,88,88,88,88,88,88,88,88,88,88,88,88,88,88],"card_choices":[{"not_picked":[],"picked":"BettingIsNotGood","floor":0},{"not_picked":["Guardian:Repulse","Guardian:DecasProtection","Guardian:ChargeCore"],"picked":"SKIP","floor":3},{"not_picked":["Guardian:Gem_Cyan","Guardian:ChargeCore"],"picked":"Guardian:TimeBomb","floor":5},{"not_picked":["Guardian:Repulse","Guardian:Planning"],"picked":"Guardian:BodySlam","floor":6},{"not_picked":["Guardian:RollAttack","Guardian:Repulse"],"picked":"Guardian:Harden","floor":9},{"not_picked":["Guardian:CrystalBeam","Guardian:PolyBeam"],"picked":"Guardian:DonusPower","floor":10},{"not_picked":["Guardian:TemporalStrike","Guardian:RollAttack"],"picked":"Bomb","floor":11},{"not_picked":["Guardian:Reroute","Guardian:Gem_Purple"],"picked":"Guardian:RefractedBeam","floor":13},{"not_picked":["Guardian:Planning+1","Guardian:PrimingBeam"],"picked":"Guardian:ArmoredProtocol","floor":15}],"player_experience":439228,"relics_obtained":[{"floor":4,"key":"Bag of Marbles"},{"floor":5,"key":"TuHaoJin"},{"floor":7,"key":"AT_RedTearstoneRing"},{"floor":9,"key":"Omamori"},{"floor":14,"key":"Toxic Egg 2"}],"event_choices":[{"damage_healed":0,"gold_gain":0,"player_choice":"Box","damage_taken":0,"relics_obtained":["Art of War"],"max_hp_gain":0,"max_hp_loss":0,"event_name":"Big Fish","floor":2,"gold_loss":0,"cards_obtained":["Regret"]}],"is_beta":false,"boss_relics":[],"items_purged_floors":[],"is_endless":false,"potions_floor_spawned":[5,9,11,13],"killed_by":"DF_ARCHETYPE_STREAMLINE","ascension_level":0}}