{"host":"1sqx9dmsrxu9kvq7","time":1611788277,"event":{"mods":["2.2 Compatiblity","Act Like it!","BaseMod","CapriCore","Colored Powertips","Custom Start","Friendly Minions","Gensokyo","Highlight Path","Koishi","Marisa（霧雨　魔理沙）","Minty Spire (QoL Compilation)","MostiFishMod","Quick Restart","Rare Cards Sparkle","Reimu（博??梦）","Relic Stats","Remilia（蕾米莉?）","Shop Mod","Spicy Shops","StSLib","The Administrix","The Immortal","The Servant 0.9.4","Waifu the Spire","Yakumo Yukari mod","Yuyuko"],"gold_per_floor":[112,125,137,137,137,163,163,174,174,199,199,209,60,60,60,155,155,168,168,184,184,49,74,74,88,88,88,88,88,106,126,126,221,221,241,241,259,277,289,289,199,199,199,199,199,209,134,166,166,166,166,166,16,44,44],"floor_reached":56,"language":"ENG","playtime":7302,"items_purged":["Shame"],"score":1157,"play_id":"4aae84b8-2288-46af-8fa6-f768b1933af6","local_time":"20210127165757","is_ascension_mode":false,"campfire_choices":[{"floor":7.0,"key":"RECALL"},{"floor":11,"key":"REST"},{"floor":15,"key":"REST"},{"floor":27,"key":"REST"},{"data":"AdministrixMod:AmassedMasks","floor":29,"key":"SMITH"},{"floor":32,"key":"REST"},{"floor":40,"key":"REST"},{"data":"Gensokyo:UnhurriedMind","floor":42,"key":"SMITH"},{"data":"AdministrixMod:FiendishCrimson","floor":45,"key":"SMITH"},{"floor":49,"key":"REST"},{"data":"AdministrixMod:WifeLightning","floor":52,"key":"SMITH"}],"circlet_count":0,"master_deck":["AdministrixMod:Strike_Administrix","AdministrixMod:Strike_Administrix","AdministrixMod:Strike_Administrix","AdministrixMod:Strike_Administrix","AdministrixMod:RedCloak+1","AdministrixMod:Defend_Administrix","AdministrixMod:Defend_Administrix","AdministrixMod:Defend_Administrix","AdministrixMod:Defend_Administrix","AdministrixMod:BlueCloak","AdministrixMod:AmassedMasks+1","AdministrixMod:ImmortalPurity","AdministrixMod:ExtolVirtue","AdministrixMod:QuietConspiracy","AdministrixMod:Transition","AdministrixMod:JustRewards","AdministrixMod:DiversionaryTactic+1","AdministrixMod:CosmosControl+1","CurseOfTheBell","AdministrixMod:ImmortalGrace","AdministrixMod:RisingSunPrince+1","AdministrixMod:Convergence","AdministrixMod:SealAway","AdministrixMod:WifeLightning+1","AdministrixMod:LifeforceNet","AdministrixMod:WifeLightning","Gensokyo:UnhurriedMind+1","AdministrixMod:FiendishCrimson+1","AdministrixMod:NoblePath","Gensokyo:CustomPotion","AdministrixMod:TouchOfCinnabar","AdministrixMod:XianArts"],"relics":["AdministrixMod:ConductorRitualBaton","Strawberry","Toy Ornithopter","Sundial","ClockworkSouvenir","Happy Flower","Calling Bell","Vajra","Ornamental Fan","StoneCalendar","Gensokyo:ConquerorOfFear","PreservedInsect","Tea:ReiMu","Pocketwatch","Gensokyo:Companionship","Philosopher\u0027s Stone","Unceasing Top","Lizard Tail","Medical Kit","Torii"],"acts_visited":["Gensokyo:Gensokyo","Gensokyo:Gensokyoer","Gensokyo:Gensokyoest","TheEnding"],"potions_floor_usage":[21,33,36,55],"damage_taken":[{"damage":0.0,"enemies":"Gensokyo:Gryphon","floor":1.0,"turns":4.0},{"damage":0.0,"enemies":"Gensokyo:Python","floor":2.0,"turns":5.0},{"damage":0.0,"enemies":"Gensokyo:2_Kodama","floor":3.0,"turns":4.0},{"damage":21.0,"enemies":"Gensokyo:Aya","floor":6.0,"turns":9.0},{"damage":0.0,"enemies":"Gensokyo:LivingMonolith","floor":8.0,"turns":2.0},{"damage":0,"enemies":"Gensokyo:Cirno","floor":10,"turns":5},{"damage":0,"enemies":"Gensokyo:VengefulSpirit","floor":12,"turns":3},{"damage":8,"enemies":"Gensokyo:Reimu","floor":16,"turns":5},{"damage":23,"enemies":"Gensokyo:2_Gloops","floor":18,"turns":6},{"damage":4,"enemies":"Gensokyo:AngelMirror","floor":20,"turns":5},{"damage":0,"enemies":"Gensokyo:Swordslinger","floor":21,"turns":1},{"damage":3,"enemies":"Gensokyo:Reisen","floor":23,"turns":7},{"damage":9,"enemies":"Gensokyo:Slime_Group","floor":25,"turns":5},{"damage":2,"enemies":"Gensokyo:Chomper_and_Gloop","floor":30,"turns":5},{"damage":0,"enemies":"Gensokyo:Wraith","floor":31,"turns":4},{"damage":27,"enemies":"Gensokyo:Kaguya","floor":33,"turns":10},{"damage":5,"enemies":"Gensokyo:3_Boulders","floor":35,"turns":4},{"damage":26,"enemies":"Gensokyo:3_Boulders","floor":36,"turns":5},{"damage":28,"enemies":"Gensokyo:AncientGuardian","floor":37,"turns":6},{"damage":17,"enemies":"Gensokyo:AtlasGolem","floor":38,"turns":5},{"damage":5,"enemies":"Gensokyo:Dusk_and_Dawn","floor":39,"turns":4},{"damage":26,"enemies":"Gensokyo:4_Bats","floor":46,"turns":3},{"damage":20,"enemies":"Gensokyo:Doremy","floor":48,"turns":4},{"damage":28,"enemies":"Gensokyo:Shinki","floor":50,"turns":12},{"damage":72,"enemies":"Shield and Spear","floor":54,"turns":7},{"damage":51,"enemies":"The Heart","floor":55,"turns":12}],"seed_played":"4918040205859538351","potions_obtained":[{"floor":6.0,"key":"AdministrixMod:AttunementTonic"},{"floor":8.0,"key":"DistilledChaos"},{"floor":10,"key":"SmokeBomb"},{"floor":23,"key":"Dexterity Potion"}],"is_trial":false,"path_per_floor":["M","M","M","?","?","E","R","M","T","E","R","M","COS","?","R","B",null,"M","?","M","M","COS","E","?","M","T","R","?","R","M","M","R","B",null,"M","?","M","M","M","R","?","R","T","?","R","M","$","E","R","B",null,"R","$","E","B",null],"character_chosen":"TheAdministrix","items_purchased":["Medical Kit"],"campfire_rested":6,"item_purchase_floors":[53],"current_hp_per_floor":[47,47,47,44,44,23,23,23,23,23,44,44,44,44,65,57,72,49,49,45,50,50,47,47,38,38,59,59,59,57,57,72,45,72,67,67,39,22,21,42,42,42,42,42,42,23,23,3,24,3,72,72,72,7,9],"gold":44,"neow_bonus":"THREE_RARE_CARDS","is_daily":false,"chose_seed":false,"campfire_upgraded":4,"win_rate":0.0,"timestamp":1611788277,"path_taken":["M","M","M","?","?","E","R","?","T","E","R","M","COS","?","R","BOSS","M","?","M","M","COS","E","?","M","T","R","?","R","M","M","R","BOSS","M","?","M","M","M","R","?","R","T","?","R","M","$","E","R","BOSS","R","$","E","BOSS"],"items_purchased_type":["Relic"],"build_version":"2020-12-22","purchased_purges":1,"victory":true,"max_hp_per_floor":[65,65,65,72,72,72,72,72,72,72,72,72,72,72,72,72,72,72,72,72,72,72,72,72,72,72,72,72,72,72,72,72,72,72,72,72,72,72,72,72,72,72,72,72,72,72,72,72,72,72,72,72,72,72,72],"relic_stats":{"Happy Flower":[36],"Torii":26,"counters":[26,142],"StoneCalendar":[186],"PreservedInsect":256,"Medical Kit":[5],"Lizard Tail":0,"Sundial":[16],"Ornamental Fan":[244],"obtain_stats":[{"Happy Flower":14,"Torii":54,"Vajra":17,"Gensokyo:UndefinedDarkness":19,"Tea:ReiMu":26,"StoneCalendar":17,"AdministrixMod:ConductorRitualBaton":0,"PreservedInsect":23,"Gensokyo:ConquerorOfFear":20,"Medical Kit":53,"ClockworkSouvenir":13,"Calling Bell":17,"Lizard Tail":48,"Gensokyo:Companionship":33,"Sundial":10,"Ornamental Fan":17,"Strawberry":4,"Philosopher\u0027s Stone":34,"Toy Ornithopter":6,"Unceasing Top":43,"Pocketwatch":31},{"Happy Flower":7,"Torii":25,"Vajra":8,"Gensokyo:UndefinedDarkness":9,"Tea:ReiMu":13,"StoneCalendar":8,"AdministrixMod:ConductorRitualBaton":0,"PreservedInsect":12,"Gensokyo:ConquerorOfFear":10,"Medical Kit":24,"ClockworkSouvenir":7,"Calling Bell":8,"Lizard Tail":23,"Gensokyo:Companionship":16,"Sundial":6,"Ornamental Fan":8,"Strawberry":3,"Philosopher\u0027s Stone":16,"Toy Ornithopter":4,"Unceasing Top":21,"Pocketwatch":15},{"Happy Flower":32,"Torii":130,"Vajra":37,"Gensokyo:UndefinedDarkness":43,"Tea:ReiMu":61,"StoneCalendar":37,"AdministrixMod:ConductorRitualBaton":0,"PreservedInsect":56,"Gensokyo:ConquerorOfFear":48,"Medical Kit":123,"ClockworkSouvenir":32,"Calling Bell":37,"Lizard Tail":111,"Gensokyo:Companionship":71,"Sundial":29,"Ornamental Fan":37,"Strawberry":13,"Philosopher\u0027s Stone":80,"Toy Ornithopter":22,"Unceasing Top":104,"Pocketwatch":69}],"Toy Ornithopter":10,"Unceasing Top":[12],"Pocketwatch":[30]},"card_choices":[{"not_picked":["AdministrixMod:HaveItAll","AdministrixMod:NewbornDivinity"],"picked":"AdministrixMod:AmassedMasks","floor":0.0},{"not_picked":["AdministrixMod:RegentEdict","AdministrixMod:ShadowPlay"],"picked":"AdministrixMod:ImmortalPurity","floor":1.0},{"not_picked":["AdministrixMod:TouchOfCinnabar","AdministrixMod:TrickOfTheLight"],"picked":"AdministrixMod:ChooseYourEnd","floor":2.0},{"not_picked":["AdministrixMod:SipOfSparks","AdministrixMod:Wuji"],"picked":"AdministrixMod:ExtolVirtue","floor":3.0},{"not_picked":["AdministrixMod:WickedPunishment","AdministrixMod:LifeforceNet"],"picked":"AdministrixMod:QuietConspiracy","floor":6.0},{"not_picked":["AdministrixMod:BloodlessSapphire","AdministrixMod:CrackingPangu"],"picked":"AdministrixMod:Transition","floor":8.0},{"not_picked":["AdministrixMod:SipOfSparks","AdministrixMod:ChooseYourEnd"],"picked":"AdministrixMod:JustRewards","floor":10},{"not_picked":["AdministrixMod:PlateOfAntiquity","AdministrixMod:ExtolVirtue"],"picked":"AdministrixMod:DiversionaryTactic","floor":12},{"not_picked":["AdministrixMod:NewbornDivinity","AdministrixMod:TenDesires"],"picked":"AdministrixMod:CosmosControl","floor":16},{"not_picked":["AdministrixMod:HarmonicReverence","AdministrixMod:Wuji"],"picked":"AdministrixMod:ImmortalGrace","floor":18},{"not_picked":["AdministrixMod:CrackingPangu","AdministrixMod:DreamsMausoleum+1"],"picked":"AdministrixMod:RisingSunPrince+1","floor":20},{"not_picked":["AdministrixMod:RegentEdict","AdministrixMod:DreamsMausoleum"],"picked":"AdministrixMod:Convergence","floor":23},{"not_picked":["AdministrixMod:LightOfYourLife","AdministrixMod:NewWardrobe"],"picked":"AdministrixMod:SealAway","floor":25},{"not_picked":["AdministrixMod:DiversionaryTactic","AdministrixMod:PassageOfAges+1"],"picked":"AdministrixMod:WifeLightning","floor":30},{"not_picked":["AdministrixMod:NoblePath","AdministrixMod:SyncreticPlunge"],"picked":"AdministrixMod:LifeforceNet","floor":31},{"not_picked":["AdministrixMod:StarSwordSoul","AdministrixMod:GirlsDoItBetter"],"picked":"AdministrixMod:WifeLightning","floor":33},{"not_picked":["AdministrixMod:TrickOfTheLight+1","AdministrixMod:PassageOfAges","AdministrixMod:SealAway+1"],"picked":"SKIP","floor":35},{"not_picked":["Gensokyo:LifeSpringInfinity","Gensokyo:Dawn"],"picked":"Gensokyo:UnhurriedMind","floor":36},{"not_picked":["AdministrixMod:Transcension","AdministrixMod:ChooseYourEnd"],"picked":"AdministrixMod:RebukeDesires+1","floor":37},{"not_picked":["AdministrixMod:BishamonBlessing+1","AdministrixMod:ImmortalPurity+1"],"picked":"AdministrixMod:FiendishCrimson","floor":38},{"not_picked":["AdministrixMod:CenturiesAscent","AdministrixMod:MixOfMercury"],"picked":"AdministrixMod:NoblePath","floor":39},{"not_picked":["AdministrixMod:BloodBargain","AdministrixMod:NoblePath+1","AdministrixMod:RisingSunPrince+1"],"picked":"SKIP","floor":46},{"not_picked":["AdministrixMod:TrickOfTheLight","AdministrixMod:JustRewards"],"picked":"AdministrixMod:TouchOfCinnabar","floor":48},{"not_picked":["AdministrixMod:Transition+1","AdministrixMod:BishamonBlessing+1"],"picked":"AdministrixMod:XianArts","floor":54}],"player_experience":188955,"relics_obtained":[{"floor":6.0,"key":"Toy Ornithopter"},{"floor":10,"key":"Sundial"},{"floor":17,"key":"Vajra"},{"floor":17,"key":"Ornamental Fan"},{"floor":17,"key":"StoneCalendar"},{"floor":20,"key":"Gensokyo:ConquerorOfFear"},{"floor":23,"key":"PreservedInsect"},{"floor":26,"key":"Tea:ReiMu"},{"floor":43,"key":"Unceasing Top"},{"floor":48,"key":"Lizard Tail"},{"floor":54,"key":"Torii"}],"event_choices":[],"is_beta":false,"boss_relics":[{"not_picked":["Sozu","SacredBark"],"picked":"Calling Bell"},{"not_picked":["Empty Cage","Black Star"],"picked":"Philosopher\u0027s Stone"}],"items_purged_floors":[47],"is_endless":false,"potions_floor_spawned":[6,8,10,18,21,23,31,46,48,54],"ascension_level":0}}