{"host":"dxb4eoww080epc4n","time":1611774366,"event":{"mods":["AchievementEnabler","BaseMod","Better Note","BetterRewards","Colored Powertips","Conspire","Energized Spire","GifTheSpireLib","Gremlin Skip","Hubris","KinomotoSakuraMod(????)","Minty Spire (QoL Compilation)","Permanent Neow","Quick Restart","Rare Cards Sparkle","Relic Sorter","Replay The Spire","Shop Mod","Spikes Relics","StSLib","The Animator"],"gold_per_floor":[49,69,69,84,109,109,109],"floor_reached":6,"language":"ENG","playtime":640,"items_purged":[],"score":88,"play_id":"1122254c-c401-4145-955b-80178c59b32e","local_time":"20210127200606","is_ascension_mode":false,"campfire_choices":[],"circlet_count":0,"master_deck":["conspire:GhostlyStrike","conspire:GhostlyDefend","conspire:GhostlyStrike","conspire:GhostlyStrike","conspire:GhostlyStrike","conspire:GhostlyDefend","conspire:GhostlyDefend","conspire:GhostlyDefend","animator:Alexander","animator:Rider","animator:Lancer","animator:Kira","animator:Rider","animator:Alexander","animator:Berserker"],"relics":["animator:LivingPicture","animator:TheMissingPiece","MerchantsRug","Pantograph","Toolbox","conspire:TopHat"],"acts_visited":["Exordium"],"potions_floor_usage":[],"damage_taken":[{"damage":6,"enemies":"Jaw Worm","floor":1,"turns":3},{"damage":2,"enemies":"Small Slimes","floor":2,"turns":4},{"damage":3,"enemies":"2 Louse","floor":4,"turns":3},{"damage":7,"enemies":"Blue Slaver","floor":5,"turns":4},{"damage":21,"enemies":"3 Sentries","floor":6,"turns":4}],"seed_played":"3370886715365524064","potions_obtained":[{"floor":4,"key":"Toxic Potion"}],"is_trial":false,"path_per_floor":["M","M","?","M","M","E"],"character_chosen":"THE_ANIMATOR","items_purchased":["MerchantsRug","animator:Lancer","Pantograph","animator:Kira","Toolbox","conspire:TopHat"],"campfire_rested":0,"item_purchase_floors":[0,0,0,0,0,0],"current_hp_per_floor":[29,27,27,24,17,0,0],"gold":109,"neow_bonus":"","is_daily":false,"chose_seed":false,"campfire_upgraded":0,"win_rate":0.0,"timestamp":1611774366,"path_taken":["M","M","?","M","M","E"],"items_purchased_type":["Relic","Card","Relic","Card","Relic","Relic"],"build_version":"2020-12-22","purchased_purges":0,"victory":false,"max_hp_per_floor":[66,66,66,66,66,66,66],"card_choices":[{"not_picked":["animator:Kazuma","animator:UneriGinkaku"],"picked":"animator:Rider","floor":1},{"not_picked":["animator:Verdia","animator:Kazuma","animator:Laby"],"picked":"SKIP","floor":2},{"not_picked":["animator:Chung","animator:Envy"],"picked":"animator:Alexander","floor":4},{"not_picked":["animator:Illya","animator:Caster"],"picked":"animator:Berserker","floor":5}],"player_experience":164013,"relics_obtained":[],"event_choices":[{"damage_healed":0,"gold_gain":0,"player_choice":"Agree","damage_taken":0,"max_hp_gain":0,"max_hp_loss":0,"event_name":"conspire:LoneGhost","floor":3,"gold_loss":0}],"is_beta":false,"boss_relics":[],"items_purged_floors":[],"is_endless":false,"potions_floor_spawned":[4],"killed_by":"3 Sentries","ascension_level":0}}