{"host":"fuszjwm6fqgjjp4d","time":1611789711,"event":{"mods":["BaseMod","Bestiary","Colored Map","DeckTracker","Minty Spire (QoL Compilation)","Permanent Neow","Relic Sorter","Relic Stats","StSLib"],"gold_per_floor":[109,124,143,143,143,143,172,184,210,210,285,285,315,330,330,330,330],"floor_reached":16,"language":"ENG","playtime":540,"items_purged":[],"score":270,"play_id":"54ebb21c-0506-4b74-a09c-412745b572a0","local_time":"20210127172151","is_ascension_mode":true,"campfire_choices":[{"data":"Eruption","floor":6,"key":"SMITH"},{"floor":10,"key":"REST"},{"floor":15,"key":"REST"}],"circlet_count":0,"master_deck":["AscendersBane","Strike_P","Strike_P+1","Strike_P+1","Defend_P","Defend_P","Defend_P","Eruption+1","Vigilance","PathToVictory","CarveReality","Pain","Prostrate","Devotion","Wireheading","Evaluate","CutThroughFate"],"relics":["PureWater","Whetstone","WarpedTongs","Bronze Scales","Orichalcum","Potion Belt"],"acts_visited":["Exordium"],"potions_floor_usage":[7,7,14,16],"damage_taken":[{"damage":1,"enemies":"Cultist","floor":1,"turns":4},{"damage":1,"enemies":"2 Louse","floor":2,"turns":3},{"damage":12,"enemies":"Jaw Worm","floor":3,"turns":2},{"damage":3,"enemies":"Gremlin Nob","floor":7,"turns":2},{"damage":15,"enemies":"Gremlin Gang","floor":8,"turns":3},{"damage":27,"enemies":"Lagavulin","floor":13,"turns":6},{"damage":2,"enemies":"Looter","floor":14,"turns":3},{"damage":31,"enemies":"The Guardian","floor":16,"turns":4}],"seed_played":"-1319541237623997194","potions_obtained":[{"floor":1,"key":"DuplicationPotion"},{"floor":3,"key":"GamblersBrew"},{"floor":13,"key":"PowerPotion"},{"floor":14,"key":"CultistPotion"}],"is_trial":false,"path_per_floor":["M","M","M","?","?","R","E","M","T","R","?","?","E","M","R","B"],"character_chosen":"WATCHER","items_purchased":[],"campfire_rested":2,"item_purchase_floors":[],"current_hp_per_floor":[60,59,47,40,40,40,37,22,22,42,31,31,4,2,22,0,0],"gold":330,"neow_bonus":"RANDOM_COMMON_RELIC","is_daily":false,"chose_seed":false,"campfire_upgraded":1,"win_rate":0.0,"timestamp":1611789711,"path_taken":["M","?","M","?","?","R","E","?","T","R","?","?","E","M","R","BOSS"],"items_purchased_type":[],"build_version":"2020-12-22","purchased_purges":0,"victory":false,"max_hp_per_floor":[68,68,68,68,68,68,68,68,68,68,68,68,68,68,68,68,68],"relic_stats":{"counters":[8,27],"Bronze Scales":[33],"Whetstone":["Strike_P","Strike_P"],"Orichalcum":[18],"obtain_stats":[{"Potion Belt":13,"Bronze Scales":7,"Whetstone":0,"PureWater":0,"Orichalcum":9,"WarpedTongs":5},{"Potion Belt":6,"Bronze Scales":4,"Whetstone":0,"PureWater":0,"Orichalcum":5,"WarpedTongs":3},{"Potion Belt":20,"Bronze Scales":11,"Whetstone":0,"PureWater":0,"Orichalcum":14,"WarpedTongs":9}],"WarpedTongs":[18]},"card_choices":[{"not_picked":["SandsOfTime","Halt"],"picked":"PathToVictory","floor":1},{"not_picked":["Weave","Pray","InnerPeace"],"picked":"SKIP","floor":2},{"not_picked":["CrushJoints","JustLucky"],"picked":"CarveReality","floor":3},{"not_picked":["CrushJoints","Collect"],"picked":"Prostrate","floor":7},{"not_picked":["Evaluate","FollowUp"],"picked":"Devotion","floor":8},{"not_picked":["Indignation","EmptyFist"],"picked":"Evaluate","floor":13},{"not_picked":["Vengeance","Fasting2"],"picked":"CutThroughFate","floor":14}],"player_experience":1389992,"relics_obtained":[{"floor":7,"key":"Bronze Scales"},{"floor":9,"key":"Orichalcum"},{"floor":13,"key":"Potion Belt"}],"event_choices":[{"cards_removed":["Strike_P"],"damage_healed":0,"gold_gain":0,"player_choice":"Card Removal","damage_taken":7,"max_hp_gain":0,"max_hp_loss":0,"event_name":"Golden Wing","floor":4,"gold_loss":0},{"damage_healed":0,"gold_gain":0,"player_choice":"Rummage","damage_taken":0,"relics_obtained":["WarpedTongs"],"max_hp_gain":0,"max_hp_loss":0,"event_name":"Accursed Blacksmith","floor":5,"gold_loss":0,"cards_obtained":["Pain"]},{"damage_healed":0,"gold_gain":75,"player_choice":"Gather Gold","damage_taken":11,"max_hp_gain":0,"max_hp_loss":0,"event_name":"World of Goop","floor":11,"gold_loss":0},{"damage_healed":0,"gold_gain":0,"cards_transformed":["Defend_P"],"player_choice":"Transformed","damage_taken":0,"max_hp_gain":0,"max_hp_loss":0,"event_name":"Transmorgrifier","floor":12,"gold_loss":0,"cards_obtained":["Wireheading"]}],"is_beta":false,"boss_relics":[],"items_purged_floors":[],"is_endless":false,"potions_floor_spawned":[1,3,13,14],"killed_by":"The Guardian","ascension_level":20}}