{"host":"y2kfqdipa4rrljwb","time":1611740528,"event":{"mods":["ATMod(阿瑾Mod)","AchievementEnabler","Act Like it!","Aspiration","BaseMod","Friendly Minions","Infinite Spire","Minty Spire (QoL Compilation)","Random Character Button","Random Character Mod","Relic Stats","Replay The Spire","RumiaBox-露米娅的神秘盒子","StSLib","TestMod","【功能Mod】混沌之环修复补丁","【遗物卡牌】REMEMod"],"gold_per_floor":[111,36,46,58,8,38,38,56,56,75,75,95,109,139,139,238,238,258,258,258,269,169,204,204,204,204,236,236,253,281,295,295,416,416,463,463,513,564,285,285,318,370,417,473,516,570,634,688,688,688,688,688,538,601,601],"floor_reached":56,"language":"ZHS","playtime":5617,"items_purged":["Strike_R","Strike_R","Second Wind","Strike_R"],"score":2136,"play_id":"2678c749-59bb-471d-92af-e286be49aac6","local_time":"20210127174208","is_ascension_mode":true,"campfire_choices":[{"data":"Armaments","floor":7.0,"key":"SMITH"},{"data":"AT_DiedThrough","floor":11.0,"key":"SMITH"},{"data":"Feed","floor":15.0,"key":"SMITH"},{"data":"True Grit","floor":25.0,"key":"SMITH"},{"data":"Evolve","floor":28.0,"key":"SMITH"},{"data":"AT_BodySlamDance","floor":32.0,"key":"SMITH"},{"data":"Feel No Pain","floor":40.0,"key":"SMITH"},{"floor":49,"key":"RECALL"},{"data":"Dark Embrace","floor":52,"key":"SMITH"}],"circlet_count":0,"master_deck":["Defend_R","Defend_R","Defend_R","Defend_R","Bash","AT_DiedThrough+1","Sword Boomerang","Armaments+1","Power Through","Feel No Pain+1","Evolve+1","Feed+1","Immolate","True Grit+1","Clothesline","AT_BodySlamDance+1","Offering","infinitespire:Collect","ReplayReversal","Dark Embrace+1"],"relics":["Burning Blood","REME_ComplimentaryCards","AT_ATBox","testmod-TestBox","Replay:Mystery Machine","Snack Pack","testmod-IncinerationGenerator","Ccalipers","FossilizedHelix","MealTicket","Replay:Baseball","infinitespire:EvilPickle","Coffee Dripper","ReplayFunnel","Gremlin Horn","Durian","AT_RedNoBalance","AT_EbonyIvory"],"acts_visited":["Exordium","TheCity","TheBeyond","TheEnding"],"potions_floor_usage":[55,55],"damage_taken":[{"damage":6.0,"enemies":"Cultist","floor":1.0,"turns":3.0},{"damage":10.0,"enemies":"Small Slimes","floor":3.0,"turns":5.0},{"damage":0.0,"enemies":"2 Louse","floor":4.0,"turns":3.0},{"damage":43.0,"enemies":"Replay:BlueRogue","floor":6.0,"turns":11.0},{"damage":1.0,"enemies":"2 Fungi Beasts","floor":8.0,"turns":5.0},{"damage":5.0,"enemies":"Gremlin Gang","floor":10.0,"turns":3.0},{"damage":13.0,"enemies":"Exordium Thugs","floor":12.0,"turns":8.0},{"damage":15.0,"enemies":"Looter","floor":13.0,"turns":5.0},{"damage":24.0,"enemies":"Hexaghost","floor":16.0,"turns":12.0},{"damage":18.0,"enemies":"Shell Parasite","floor":18.0,"turns":7.0},{"damage":11.0,"enemies":"Spheric Guardian","floor":21.0,"turns":4.0},{"damage":7.0,"enemies":"Book of Stabbing","floor":23.0,"turns":4.0},{"damage":0.0,"enemies":"REME_1_Revenger","floor":27.0,"turns":5.0},{"damage":0.0,"enemies":"Shelled Parasite and Fungi","floor":29.0,"turns":6.0},{"damage":0.0,"enemies":"Gremlin Leader","floor":30.0,"turns":4.0},{"damage":12.0,"enemies":"Snake Plant","floor":31.0,"turns":6.0},{"damage":29.0,"enemies":"Pondfish","floor":33.0,"turns":7.0},{"damage":0.0,"enemies":"3 Shapes","floor":35.0,"turns":3.0},{"damage":0.0,"enemies":"Orb Walker","floor":37.0,"turns":3.0},{"damage":0.0,"enemies":"Maw","floor":38.0,"turns":4.0},{"damage":34.0,"enemies":"Jaw Worm Horde","floor":41.0,"turns":4.0},{"damage":0.0,"enemies":"Giant Head","floor":42.0,"turns":4.0},{"damage":10,"enemies":"R_Hoarder","floor":44,"turns":8},{"damage":6,"enemies":"Transient","floor":45,"turns":5},{"damage":0,"enemies":"Maw","floor":46,"turns":4},{"damage":0,"enemies":"Reptomancer","floor":47,"turns":2},{"damage":0,"enemies":"Jaw Worm Horde","floor":48,"turns":2},{"damage":0,"enemies":"Awakened One","floor":50,"turns":4},{"damage":12,"enemies":"Shield and Spear","floor":54,"turns":3},{"damage":7,"enemies":"The Heart","floor":55,"turns":5}],"seed_played":"-2445309254799497647","potions_obtained":[{"floor":1.0,"key":"Dexterity Potion"},{"floor":4.0,"key":"Explosive Potion"},{"floor":6.0,"key":"DistilledChaos"},{"floor":13.0,"key":"Weak Potion"},{"floor":23.0,"key":"testmod-SpacePotion"},{"floor":30.0,"key":"Regen Potion"},{"floor":31.0,"key":"Weak Potion"},{"floor":38.0,"key":"Languid Potion"},{"floor":42.0,"key":"Cursed Concoction"},{"floor":46,"key":"LiquidMemories"}],"is_trial":false,"path_per_floor":["M","$","M","M","?","E","R","M","T","M","R","M","M","?","R","B",null,"M","?","?","M","$","E","?","R","T","E","R","M","E","M","R","B",null,"M","?","M","M","$","R","M","E","T","E","M","M","E","M","R","B",null,"R","$","E","B",null],"character_chosen":"IRONCLAD","items_purchased":["ReplayFunnel"],"campfire_rested":0,"item_purchase_floors":[39],"current_hp_per_floor":[88,88,84,88,88,51,51,56,56,57,57,50,41,41,41,27,88,82,82,82,83,83,90,90,90,90,102,102,108,112,110,110,99,116,120,91,103,119,128,128,106,122,122,127,139,145,149,88,88,108,157,157,157,161,161],"gold":601,"neow_bonus":"TEN_PERCENT_HP_BONUS","is_daily":false,"chose_seed":false,"campfire_upgraded":8,"win_rate":0.0,"timestamp":1611740528,"path_taken":["M","$","M","M","?","E","R","M","T","M","R","M","M","?","R","BOSS","M","?","?","M","$","E","?","R","T","E","R","M","E","?","R","BOSS","M","?","M","M","$","R","M","E","T","E","M","M","E","M","R","BOSS","R","$","E","BOSS"],"items_purchased_type":["Relic"],"build_version":"2020-12-22","purchased_purges":4,"victory":true,"max_hp_per_floor":[88,88,88,88,88,88,88,88,88,88,88,88,88,88,88,88,88,92,92,92,96,96,100,100,100,100,104,104,108,112,112,112,116,116,120,120,124,128,128,128,132,136,136,141,141,145,149,153,153,157,157,157,157,161,161],"relic_stats":{"Gremlin Horn":[9,9],"counters":[30,149],"MealTicket":9,"obtain_stats":[{"ReplayFunnel":39,"AT_ATBox":0,"testmod-TestBox":0,"Gremlin Horn":42,"testmod-IncinerationGenerator":19,"AT_SilverBalance":47,"AT_EbonyIvory":54,"Replay:Mystery Machine":6,"Burning Blood":0,"infinitespire:EvilPickle":33,"Replay:Baseball":30,"Ccalipers":23,"MealTicket":27,"Snack Pack":9,"Coffee Dripper":34,"Durian":44,"AT_RedNoBalance":48,"testmod-EnergyCheck":17,"FossilizedHelix":26,"REME_ComplimentaryCards":0},{"ReplayFunnel":20,"AT_ATBox":0,"testmod-TestBox":0,"Gremlin Horn":22,"testmod-IncinerationGenerator":10,"AT_SilverBalance":26,"AT_EbonyIvory":29,"Replay:Mystery Machine":4,"Burning Blood":0,"infinitespire:EvilPickle":17,"Replay:Baseball":15,"Ccalipers":12,"MealTicket":13,"Snack Pack":5,"Coffee Dripper":17,"Durian":23,"AT_RedNoBalance":27,"testmod-EnergyCheck":9,"FossilizedHelix":12,"REME_ComplimentaryCards":0},{"ReplayFunnel":108,"AT_ATBox":0,"testmod-TestBox":0,"Gremlin Horn":116,"testmod-IncinerationGenerator":62,"AT_SilverBalance":135,"AT_EbonyIvory":144,"Replay:Mystery Machine":22,"Burning Blood":0,"infinitespire:EvilPickle":98,"Replay:Baseball":85,"Ccalipers":70,"MealTicket":75,"Snack Pack":27,"Coffee Dripper":98,"Durian":124,"AT_RedNoBalance":135,"testmod-EnergyCheck":55,"FossilizedHelix":70,"REME_ComplimentaryCards":0}],"Burning Blood":144},"card_choices":[{"not_picked":["AT_BodySlamDance","Inflame"],"picked":"AT_DiedThrough","floor":1.0},{"not_picked":["Thunderclap","Anger","Sentinel"],"picked":"SKIP","floor":3.0},{"not_picked":["Flex","Iron Wave"],"picked":"Sword Boomerang","floor":4.0},{"not_picked":["Blood for Blood","ReplayTheSpireMod:Strike From Hell"],"picked":"Armaments","floor":6.0},{"not_picked":["ReplayTheSpireMod:Stacked","Headbutt"],"picked":"Power Through","floor":8.0},{"not_picked":["Wild Strike","Heavy Blade"],"picked":"Feel No Pain","floor":10.0},{"not_picked":["Hemokinesis","AT_BodySlamDance"],"picked":"Evolve","floor":12.0},{"not_picked":["Perfected Strike","ReplayTheSpireMod:Muscle Training"],"picked":"Feed","floor":13.0},{"not_picked":["Impervious","Reaper"],"picked":"Immolate","floor":16.0},{"not_picked":["Shrug It Off","Sword Boomerang"],"picked":"True Grit","floor":18.0},{"not_picked":["Defy Death","Armaments"],"picked":"Second Wind","floor":21.0},{"not_picked":["AT_ManFootWork","AT_IchimonjiDouble","Warcry"],"picked":"SKIP","floor":23.0},{"not_picked":["Metallicize+1","Sword Boomerang","Headbutt"],"picked":"SKIP","floor":27.0},{"not_picked":["Battle Trance","REME_TheLastStrike"],"picked":"AT_BodySlamDance","floor":29.0},{"not_picked":["ReplayTheSpireMod:LeadingStrike","Wild Strike","REME_SingleHolding"],"picked":"SKIP","floor":30.0},{"not_picked":["Clothesline+1","AT_BodySlamDance","Havoc"],"picked":"SKIP","floor":31.0},{"not_picked":["REME_TheLastStrike","Feed"],"picked":"Offering","floor":33.0},{"not_picked":["AT_BodySlamDance+1","Anger+1","Warcry"],"picked":"SKIP","floor":35.0},{"not_picked":["infinitespire:SevenWalls","infinitespire:FinalStrike"],"picked":"infinitespire:Collect","floor":36.0},{"not_picked":["AT_BodySlamDance+1","Clash","AT_IchimonjiDouble"],"picked":"SKIP","floor":37.0},{"not_picked":["Sword Boomerang","Anger+1","AT_BodySlamDance"],"picked":"SKIP","floor":38.0},{"not_picked":["Sword Boomerang+1","Warcry"],"picked":"ReplayReversal","floor":41.0},{"not_picked":["Armaments","AT_BodySlamDance","Infernal Blade+1"],"picked":"SKIP","floor":42.0},{"not_picked":["Spot Weakness","Havoc","Replay:Undeath\u0027s Touch"],"picked":"SKIP","floor":44},{"not_picked":["Blood for Blood+1","infinitespire:OneForAll+1","Rampage+1"],"picked":"SKIP","floor":45},{"not_picked":["Havoc+1","Pummel+1"],"picked":"Dark Embrace","floor":46},{"not_picked":["Perfected Strike","Wild Strike+1","Hemokinesis+1"],"picked":"SKIP","floor":47},{"not_picked":["Heavy Blade","AT_BodySlamDance","AT_ManFootWork"],"picked":"SKIP","floor":48},{"not_picked":["Fire Breathing+1","Havoc+1","Body Slam"],"picked":"SKIP","floor":54}],"player_experience":189224,"relics_obtained":[{"floor":6.0,"key":"Replay:Mystery Machine"},{"floor":9.0,"key":"Snack Pack"},{"floor":23.0,"key":"Ccalipers"},{"floor":26.0,"key":"FossilizedHelix"},{"floor":27.0,"key":"MealTicket"},{"floor":30.0,"key":"Replay:Baseball"},{"floor":42.0,"key":"Gremlin Horn"},{"floor":44,"key":"Durian"},{"floor":47,"key":"AT_SilverBalance"},{"floor":54,"key":"AT_EbonyIvory"}],"event_choices":[{"cards_removed":["Strike_R"],"damage_healed":0.0,"max_hp_gain":0.0,"max_hp_loss":0.0,"gold_gain":0.0,"event_name":"The Cleric","player_choice":"Card Removal","floor":5.0,"gold_loss":50.0,"damage_taken":0.0},{"damage_healed":0.0,"max_hp_gain":0.0,"max_hp_loss":0.0,"gold_gain":30.0,"event_name":"Dead Adventurer","player_choice":"Searched \u00271\u0027 times","floor":14.0,"gold_loss":0.0,"damage_taken":0.0},{"damage_healed":0.0,"max_hp_gain":0.0,"max_hp_loss":0.0,"gold_gain":0.0,"event_name":"给自己的盒子","player_choice":"Swap Relic","floor":19.0,"relics_lost":["testmod-EnergyCheck"],"gold_loss":0.0,"damage_taken":0.0,"relics_obtained":["testmod-IncinerationGenerator"]},{"damage_healed":0.0,"max_hp_gain":0.0,"max_hp_loss":0.0,"gold_gain":0.0,"event_name":"Ghosts","player_choice":"Ignored","floor":20.0,"gold_loss":0.0,"damage_taken":0.0},{"damage_healed":0.0,"max_hp_gain":0.0,"max_hp_loss":0.0,"gold_gain":0.0,"cards_transformed":["Strike_R"],"event_name":"Transmorgrifier","player_choice":"Transformed","floor":24.0,"gold_loss":0.0,"damage_taken":0.0,"cards_obtained":["Clothesline"]}],"is_beta":false,"boss_relics":[{"not_picked":["Tiny House","aspiration:SilentSkillbook"],"picked":"testmod-EnergyCheck"},{"not_picked":["Astrolabe","testmod-SaigiyounoYou"],"picked":"Coffee Dripper"}],"items_purged_floors":[2,22,39,53],"is_endless":false,"potions_floor_spawned":[1,4,6,13,23,30,31,38,42,46,48],"ascension_level":4}}