{"host":"h18ghvg9w8zr1me3","time":1611762512,"event":{"mods":["Act Like it!","BaseMod","Hallownest","Minty Spire (QoL Compilation)","StSLib"],"gold_per_floor":[10,10,25,44,44,44,73,73,100,100,132,0,0,13,13,111,111,131,281,281,301,21,21,21,21,21,21,21,47,3,17,17,17,17],"floor_reached":33,"language":"ZHS","playtime":1511,"items_purged":[],"score":303,"play_id":"4251e8f4-160d-47f6-b92d-10407b6f7085","local_time":"20210127234832","is_ascension_mode":true,"campfire_choices":[{"floor":6.0,"key":"DIG"},{"floor":8.0,"key":"DIG"},{"floor":10.0,"key":"DIG"},{"floor":15.0,"key":"DIG"},{"data":"Rainbow","floor":23.0,"key":"SMITH"},{"data":"Rainbow","floor":25.0,"key":"SMITH"},{"data":"Fusion","floor":28.0,"key":"SMITH"},{"floor":32,"key":"DIG"}],"circlet_count":0,"master_deck":["Strike_B","Strike_B","Strike_B","Strike_B+1","Defend_B","Defend_B","Defend_B","Defend_B","Zap","Dualcast","Chill","Cold Snap+1","Coolheaded","Coolheaded","Rainbow+1","Rainbow+1","Fusion+1","Genetic Algorithm","Capacitor+1","Flash of Steel","Capacitor"],"relics":["FrozenCore","Shovel","Hallownest:DreamNailRelic","Whetstone","Mummified Hand","Meat on the Bone","Bag of Preparation","Boot","Mercury Hourglass","Bag of Marbles","Lantern","Bottled Flame","Membership Card","Question Card","HornCleat","Cables","Peace Pipe"],"acts_visited":["Hallownest:Greenpath","Hallownest:CityofTears"],"potions_floor_usage":[29,29,29,29,31],"damage_taken":[{"damage":0.0,"enemies":"Hallownest:monsterHuskGuard","floor":1.0,"turns":3.0},{"damage":0.0,"enemies":"2_ Uuma","floor":3.0,"turns":5.0},{"damage":5.0,"enemies":"Hallownest:2_Tiktiks_and_1_Crawlid","floor":4.0,"turns":3.0},{"damage":13.0,"enemies":"Hallownest:eliteCrystalGuardian","floor":7.0,"turns":5.0},{"damage":7.0,"enemies":"Hallownest:eliteVengeflyKing","floor":11.0,"turns":8.0},{"damage":0.0,"enemies":"Hallownest:monsterMossCharger","floor":14.0,"turns":2.0},{"damage":30.0,"enemies":"Hallownest:BossHornet","floor":16.0,"turns":15.0},{"damage":8.0,"enemies":"Hallownest:2_Mistakes","floor":18.0,"turns":8.0},{"damage":4.0,"enemies":"Hallownest:Guard_and_Sentry","floor":21.0,"turns":5.0},{"damage":25,"enemies":"Hallownest:eliteSoulWarrior","floor":29,"turns":8},{"damage":15,"enemies":"Hallownest:2_Flukemon","floor":31,"turns":7},{"damage":43,"enemies":"Hallownest:BossMantisLord","floor":33,"turns":8}],"seed_played":"8688755651013284762","potions_obtained":[{"floor":1.0,"key":"FearPotion"},{"floor":7.0,"key":"LiquidBronze"},{"floor":18.0,"key":"EssenceOfSteel"}],"is_trial":false,"path_per_floor":["M","?","M","M","?","R","E","R","T","R","E","?","T","M","R","B",null,"M","?","?","M","$","R","$","R","T","?","R","E","$","M","R","B"],"character_chosen":"DEFECT","items_purchased":["Membership Card","Question Card","Flash of Steel"],"campfire_rested":0,"item_purchase_floors":[22,22,30],"current_hp_per_floor":[75,75,75,70,61,61,48,48,48,48,41,41,41,41,41,23,75,67,67,67,63,63,63,63,63,63,63,63,38,38,35,35,0,0],"gold":17,"neow_bonus":"ONE_RARE_RELIC","is_daily":false,"chose_seed":false,"campfire_upgraded":3,"win_rate":0.0,"timestamp":1611762512,"path_taken":["M","?","M","?","?","R","E","R","T","R","E","?","?","M","R","BOSS","M","?","?","?","$","R","$","R","T","?","R","E","?","?","R","BOSS"],"items_purchased_type":["Relic","Relic","Card"],"build_version":"2020-12-22","purchased_purges":0,"victory":false,"max_hp_per_floor":[75,75,75,75,75,75,75,75,75,75,75,75,75,75,75,75,75,75,75,75,75,75,75,75,75,75,75,75,75,75,75,75,75,75],"card_choices":[{"not_picked":["Scrape","Go for the Eyes"],"picked":"Chill","floor":1.0},{"not_picked":["Go for the Eyes","Gash"],"picked":"Cold Snap","floor":3.0},{"not_picked":["Redo","Go for the Eyes"],"picked":"Coolheaded","floor":4.0},{"not_picked":["Compile Driver","Streamline"],"picked":"Coolheaded","floor":7.0},{"not_picked":["Heatsinks","Stack"],"picked":"Rainbow","floor":11.0},{"not_picked":["Leap","Barrage","Reprogram"],"picked":"SKIP","floor":14.0},{"not_picked":["Echo Form","Meteor Strike"],"picked":"Rainbow","floor":16.0},{"not_picked":["Barrage","Beam Cell"],"picked":"Fusion","floor":18.0},{"not_picked":["Go for the Eyes","Sweeping Beam"],"picked":"Genetic Algorithm","floor":21.0},{"not_picked":["Scrape+1","Sunder","Biased Cognition"],"picked":"Capacitor+1","floor":29},{"not_picked":["Sweeping Beam+1","Hello World","Tempest"],"picked":"Capacitor","floor":31}],"player_experience":79714,"relics_obtained":[{"floor":6.0,"key":"Whetstone"},{"floor":7.0,"key":"Mummified Hand"},{"floor":8.0,"key":"Meat on the Bone"},{"floor":9.0,"key":"Bag of Preparation"},{"floor":10.0,"key":"Boot"},{"floor":11.0,"key":"Mercury Hourglass"},{"floor":13.0,"key":"Lantern"},{"floor":15.0,"key":"Bottled Flame"},{"floor":26.0,"key":"HornCleat"},{"floor":29,"key":"Cables"},{"floor":32,"key":"Peace Pipe"}],"event_choices":[],"is_beta":false,"boss_relics":[{"not_picked":["Nuclear Battery","Sozu"],"picked":"FrozenCore"}],"items_purged_floors":[],"is_endless":false,"potions_floor_spawned":[1,7,18],"killed_by":"Hallownest:BossMantisLord","ascension_level":3}}