{"host":"q8ewzd1tf4mqkgtb","time":1611733416,"event":{"mods":["BaseMod","Hermit","Marisa????????","Minty Spire (QoL Compilation)","Relic Stats","StSLib","The Cursed","The Servant 0.9.4"],"gold_per_floor":[109,124,49,49,65,65,98,98,144,163,163,180,213,41,41,118,118,70,85,105,105,125,153,165,196,208,251,263,306,329,358,370,461,473,497,522,546,570,602,639,651,282,282,292,292,292,318,334,334,334,334,334,15,40,40,40],"floor_reached":55,"language":"ENG","playtime":9011,"items_purged":["Strike_R+1","Anger"],"score":1464,"play_id":"daaabef7-6d12-48c3-aff7-004fe62fdd35","local_time":"20210127014336","is_ascension_mode":true,"campfire_choices":[{"data":"1","floor":6.0,"key":"LIFT"},{"data":"2","floor":8.0,"key":"LIFT"},{"floor":11.0,"key":"REST"},{"data":"Heavy Blade","floor":15.0,"key":"SMITH"},{"data":"3","floor":28.0,"key":"LIFT"},{"data":"Heavy Blade","floor":32.0,"key":"SMITH"},{"data":"Brutality","floor":41,"key":"SMITH"},{"data":"Armaments","floor":46,"key":"SMITH"},{"floor":49,"key":"RECALL"},{"data":"Disarm","floor":52,"key":"SMITH"}],"circlet_count":0,"master_deck":["AscendersBane","Strike_R+1","Defend_R+1","Defend_R+1","Defend_R+1","Bash","CurseOfTheBell","Heavy Blade+1","Armaments+1","Sword Boomerang","True Grit","Pummel","Shockwave","Metallicize","Metallicize","Reaper","Disarm+1","Inflame","Heavy Blade+1","Havoc","Exhume","Havoc","Shrug It Off","Brutality+1","Rupture+1","Reckless Charge+1","Burning Pact+1","Shrug It Off","Shrug It Off","Headbutt+1","Pommel Strike+1","Parasite","Reaper","Rupture"],"relics":["Calling Bell","Red Skull","Paper Frog","Girya","Strawberry","Orichalcum","Lantern","Orrery","Velvet Choker","MawBank","Enchiridion","Ice Cream","Juzu Bracelet","Astrolabe","Pantograph","Membership Card","Pear","Incense Burner","CaptainsWheel","DollysMirror","Self Forming Clay","Art of War"],"acts_visited":["Exordium","TheCity","TheBeyond","TheEnding"],"potions_floor_usage":[55,55],"damage_taken":[{"damage":7.0,"enemies":"Small Slimes","floor":1.0,"turns":4.0},{"damage":6.0,"enemies":"Jaw Worm","floor":2.0,"turns":4.0},{"damage":7.0,"enemies":"Cultist","floor":5.0,"turns":4.0},{"damage":32.0,"enemies":"3 Sentries","floor":7.0,"turns":9.0},{"damage":6.0,"enemies":"Looter","floor":10.0,"turns":2.0},{"damage":6.0,"enemies":"Large Slime","floor":12.0,"turns":2.0},{"damage":15.0,"enemies":"Lagavulin","floor":13.0,"turns":4.0},{"damage":1.0,"enemies":"Slime Boss","floor":16.0,"turns":7.0},{"damage":19.0,"enemies":"2 Thieves","floor":18.0,"turns":5.0},{"damage":2.0,"enemies":"3 Byrds","floor":19.0,"turns":7.0},{"damage":6.0,"enemies":"Snecko","floor":20.0,"turns":6.0},{"damage":13.0,"enemies":"Snake Plant","floor":22.0,"turns":3.0},{"damage":19.0,"enemies":"Slavers","floor":23.0,"turns":7.0},{"damage":30.0,"enemies":"Shelled Parasite and Fungi","floor":25.0,"turns":3.0},{"damage":15.0,"enemies":"Gremlin Leader","floor":27.0,"turns":7.0},{"damage":6.0,"enemies":"Book of Stabbing","floor":29.0,"turns":4.0},{"damage":8.0,"enemies":"Centurion and Healer","floor":30.0,"turns":7.0},{"damage":17.0,"enemies":"Snake Plant","floor":31.0,"turns":3.0},{"damage":81.0,"enemies":"Automaton","floor":33.0,"turns":8.0},{"damage":19.0,"enemies":"3 Shapes","floor":35.0,"turns":7.0},{"damage":24,"enemies":"Orb Walker","floor":36,"turns":5},{"damage":40,"enemies":"Spire Growth","floor":37,"turns":4},{"damage":38,"enemies":"4 Shapes","floor":38,"turns":7},{"damage":56,"enemies":"3 Darklings","floor":39,"turns":8},{"damage":89,"enemies":"Giant Head","floor":40,"turns":8},{"damage":41,"enemies":"Maw","floor":44,"turns":8},{"damage":50,"enemies":"Nemesis","floor":47,"turns":9},{"damage":7,"enemies":"Writhing Mass","floor":48,"turns":7},{"damage":134,"enemies":"Awakened One","floor":50,"turns":17},{"damage":65,"enemies":"Shield and Spear","floor":54,"turns":9},{"damage":160,"enemies":"The Heart","floor":55,"turns":8}],"seed_played":"-2548979350044235076","potions_obtained":[{"floor":1.0,"key":"Fruit Juice"},{"floor":2.0,"key":"Dexterity Potion"},{"floor":12.0,"key":"LiquidBronze"},{"floor":13.0,"key":"ElixirPotion"},{"floor":19.0,"key":"BlessingOfTheForge"},{"floor":25.0,"key":"SneckoOil"},{"floor":30.0,"key":"AttackPotion"},{"floor":31.0,"key":"PowerPotion"},{"floor":39,"key":"Dexterity Potion"}],"is_trial":false,"path_per_floor":["M","M","?","?","M","R","E","R","T","M","R","M","E","$","R","B",null,"M","M","M","?","M","E","?","M","T","E","R","E","M","M","R","B",null,"M","M","M","M","M","E","R","$","T","M","?","R","E","M","R","B",null,"R","$","E","B"],"character_chosen":"IRONCLAD","items_purchased":["Orrery","Membership Card","Pear","LiquidBronze","DuplicationPotion","DollysMirror","Self Forming Clay"],"campfire_rested":1,"item_purchase_floors":[14,42,42,42,53,53,53],"current_hp_per_floor":[61,55,55,60,53,53,33,33,33,27,54,48,33,33,33,32,77,72,80,81,81,78,75,54,36,36,48,48,57,89,73,73,12,72,91,67,51,65,68,44,44,54,54,47,47,47,75,72,72,19,81,81,81,76,0,0],"gold":40,"neow_bonus":"BOSS_RELIC","is_daily":false,"chose_seed":false,"campfire_upgraded":5,"win_rate":0.0,"timestamp":1611733416,"path_taken":["M","M","?","?","M","R","E","R","T","?","R","M","E","$","R","BOSS","M","M","M","?","M","E","?","M","T","E","R","E","M","M","R","BOSS","M","M","M","M","M","E","R","$","T","M","?","R","E","M","R","BOSS","R","$","E","BOSS"],"items_purchased_type":["Relic","Relic","Relic","Potion","Potion","Relic","Relic"],"build_version":"2020-12-22","purchased_purges":2,"victory":false,"max_hp_per_floor":[75,75,75,80,80,80,92,92,92,92,92,92,92,92,92,92,92,92,92,92,92,92,92,92,92,92,92,92,92,92,92,92,92,92,92,92,92,92,92,92,92,102,102,102,102,102,102,102,102,102,102,102,102,102,102,102],"relic_stats":{"counters":[31,193],"Self Forming Clay":[129],"Astrolabe":["Rupture","Reckless Charge","Burning Pact"],"Pantograph":50,"Juzu Bracelet":0,"Art of War":[2],"Orichalcum":[342],"MawBank":228,"obtain_stats":[{"Ice Cream":27,"Girya":0,"Lantern":13,"Pear":42,"Self Forming Clay":53,"Astrolabe":34,"Velvet Choker":17,"Enchiridion":24,"Juzu Bracelet":29,"Incense Burner":43,"Orichalcum":9,"MawBank":23,"Burning Blood":0,"Calling Bell":0,"CaptainsWheel":47,"DollysMirror":53,"Strawberry":7,"Pantograph":40,"Orrery":14,"Art of War":54,"Membership Card":42,"Red Skull":0,"Paper Frog":0},{"Ice Cream":15,"Girya":0,"Lantern":7,"Pear":25,"Self Forming Clay":29,"Astrolabe":19,"Velvet Choker":8,"Enchiridion":13,"Juzu Bracelet":16,"Incense Burner":25,"Orichalcum":4,"MawBank":13,"Burning Blood":0,"Calling Bell":0,"CaptainsWheel":27,"DollysMirror":29,"Strawberry":4,"Pantograph":25,"Orrery":7,"Art of War":30,"Membership Card":25,"Red Skull":0,"Paper Frog":0},{"Ice Cream":74,"Girya":0,"Lantern":29,"Pear":135,"Self Forming Clay":176,"Astrolabe":96,"Velvet Choker":36,"Enchiridion":64,"Juzu Bracelet":78,"Incense Burner":135,"Orichalcum":21,"MawBank":64,"Burning Blood":0,"Calling Bell":0,"CaptainsWheel":152,"DollysMirror":176,"Strawberry":21,"Pantograph":135,"Orrery":29,"Art of War":185,"Membership Card":135,"Red Skull":0,"Paper Frog":0}]},"card_choices":[{"not_picked":["Pommel Strike","Sentinel"],"picked":"Heavy Blade","floor":1.0},{"not_picked":["Wild Strike","Heavy Blade"],"picked":"Armaments","floor":2.0},{"not_picked":["Sever Soul","Pommel Strike"],"picked":"Anger","floor":5.0},{"not_picked":["Wild Strike","Body Slam","Headbutt"],"picked":"SKIP","floor":7.0},{"not_picked":["Shrug It Off","Second Wind"],"picked":"Sword Boomerang","floor":10.0},{"not_picked":["Cleave","Perfected Strike"],"picked":"True Grit","floor":12.0},{"not_picked":["Entrench","Wild Strike","Havoc"],"picked":"SKIP","floor":13.0},{"not_picked":["True Grit","Cleave"],"picked":"Pummel","floor":14.0},{"not_picked":["Clash","Armaments"],"picked":"Shockwave","floor":14.0},{"not_picked":["Dark Embrace","Evolve"],"picked":"Metallicize","floor":14.0},{"not_picked":["Wild Strike","Clothesline"],"picked":"Metallicize","floor":14.0},{"not_picked":["Berserk","Double Tap"],"picked":"Reaper","floor":16.0},{"not_picked":["Clash","Wild Strike","Power Through"],"picked":"SKIP","floor":18.0},{"not_picked":["Headbutt","Wild Strike"],"picked":"Disarm","floor":19.0},{"not_picked":["Thunderclap","Barricade"],"picked":"Inflame","floor":20.0},{"not_picked":["Cleave","Evolve"],"picked":"Heavy Blade","floor":22.0},{"not_picked":["Shrug It Off","Rampage"],"picked":"Havoc","floor":23.0},{"not_picked":["Cleave","Wild Strike","Body Slam"],"picked":"SKIP","floor":25.0},{"not_picked":["Body Slam","Feel No Pain"],"picked":"Exhume","floor":27.0},{"not_picked":["Iron Wave","Warcry"],"picked":"Havoc","floor":29.0},{"not_picked":["Flex","Sword Boomerang"],"picked":"Shrug It Off","floor":30.0},{"not_picked":["Clash+1","Juggernaut","Iron Wave"],"picked":"SKIP","floor":31.0},{"not_picked":["Demon Form","Juggernaut"],"picked":"Brutality","floor":33.0},{"not_picked":["Warcry+1","Carnage+1","Sever Soul"],"picked":"SKIP","floor":35.0},{"not_picked":["Flex","Searing Blow"],"picked":"Shrug It Off","floor":36},{"not_picked":["Hemokinesis","Burning Pact"],"picked":"Shrug It Off","floor":37},{"not_picked":["Thunderclap+1","Rage","Flame Barrier"],"picked":"SKIP","floor":38},{"not_picked":["Whirlwind","Iron Wave"],"picked":"Headbutt+1","floor":39},{"not_picked":["Uppercut","Flame Barrier","Burning Pact"],"picked":"SKIP","floor":40},{"not_picked":["Bloodletting","Havoc+1"],"picked":"Pommel Strike+1","floor":44},{"not_picked":["Perfected Strike","Wild Strike","Cleave"],"picked":"SKIP","floor":47},{"not_picked":["Armaments","Body Slam","Havoc"],"picked":"SKIP","floor":48},{"not_picked":["Offering","Warcry"],"picked":"Rupture","floor":54}],"player_experience":476741,"relics_obtained":[{"floor":0.0,"key":"Red Skull"},{"floor":0.0,"key":"Paper Frog"},{"floor":0.0,"key":"Girya"},{"floor":7.0,"key":"Strawberry"},{"floor":9.0,"key":"Orichalcum"},{"floor":13.0,"key":"Lantern"},{"floor":23.0,"key":"MawBank"},{"floor":24.0,"key":"Enchiridion"},{"floor":27.0,"key":"Ice Cream"},{"floor":29.0,"key":"Juzu Bracelet"},{"floor":40,"key":"Pantograph"},{"floor":43,"key":"Incense Burner"},{"floor":47,"key":"CaptainsWheel"},{"floor":54,"key":"Art of War"}],"event_choices":[{"cards_removed":["Strike_R"],"damage_healed":0.0,"max_hp_gain":0.0,"max_hp_loss":0.0,"gold_gain":0.0,"event_name":"The Cleric","player_choice":"Card Removal","floor":3.0,"gold_loss":75.0,"damage_taken":0.0},{"damage_healed":0.0,"max_hp_gain":5.0,"max_hp_loss":0.0,"gold_gain":0.0,"event_name":"Big Fish","player_choice":"Donut","floor":4.0,"gold_loss":0.0,"damage_taken":0.0},{"damage_healed":0.0,"max_hp_gain":0.0,"max_hp_loss":0.0,"gold_gain":0.0,"event_name":"Back to Basics","player_choice":"Simplicity","floor":21.0,"gold_loss":0.0,"damage_taken":0.0,"cards_upgraded":["Strike_R","Strike_R","Strike_R","Strike_R","Defend_R","Defend_R","Defend_R","Defend_R"]},{"damage_healed":0.0,"max_hp_gain":0.0,"max_hp_loss":0.0,"gold_gain":0.0,"event_name":"Cursed Tome","player_choice":"Obtained Book","floor":24.0,"gold_loss":0.0,"damage_taken":21.0},{"damage_healed":0,"gold_gain":0,"player_choice":"Got Potions","damage_taken":0,"max_hp_gain":0,"max_hp_loss":0,"event_name":"Lab","floor":45,"gold_loss":0}],"is_beta":false,"boss_relics":[{"not_picked":["Pandora\u0027s Box","Philosopher\u0027s Stone"],"picked":"Velvet Choker"},{"not_picked":["SacredBark","Tiny House"],"picked":"Astrolabe"}],"items_purged_floors":[42,53],"is_endless":false,"potions_floor_spawned":[1,2,12,13,19,25,30,31,38,39,44,54],"killed_by":"The Heart","ascension_level":17}}