{"host":"na09lpbrez4gbfiz","time":1611740176,"event":{"mods":["Act Like it!","BaseMod","BetterRewards","Colored Map","Colored Powertips","DeckTracker","Googly Eyes","Highlight Path","Minty Spire (QoL Compilation)","Quick Restart","Spicy Shops","StSLib","SuperFastMode","Synergy Search"],"gold_per_floor":[113,113,133,145,157,157,182,38,38,38,51,124,157,157,157,258,258,269,129,144,161,174,174,187,187,187,512,512,524,190,204,204,303,303,322,76,92,92,139,139,167,167,221,221,251,251,9,25,25,25],"floor_reached":51,"language":"ENG","playtime":1322,"items_purged":["Strike_R","Defend_R","Strike_R","Strike_R","Dark Embrace"],"score":1174,"play_id":"b5d200ff-44d9-4630-9cad-eb51e693cb6e","local_time":"20210127103616","is_ascension_mode":true,"campfire_choices":[{"data":"Bash","floor":6.0,"key":"SMITH"},{"data":"Bludgeon","floor":15.0,"key":"SMITH"},{"data":"Flame Barrier","floor":23.0,"key":"SMITH"},{"data":"Offering","floor":28.0,"key":"SMITH"},{"data":"Shrug It Off","floor":32.0,"key":"SMITH"},{"floor":40.0,"key":"REST"},{"floor":42.0,"key":"REST"},{"data":"Barricade","floor":44.0,"key":"SMITH"},{"data":"Body Slam","floor":46,"key":"SMITH"},{"data":"Defend_R","floor":49,"key":"SMITH"}],"circlet_count":0,"master_deck":["Defend_R","Defend_R","Defend_R+1","Bash+1","Shrug It Off+1","Bludgeon+1","Flame Barrier+1","Barricade+1","Offering+1","Bludgeon+1","Bludgeon+1","Body Slam+1"],"relics":["Snecko Eye","Ornamental Fan","MealTicket","Gremlin Horn","The Courier","Blue Candle","Busted Crown","Paper Frog","Old Coin","Anchor","DollysMirror","Runic Pyramid","Pen Nib","Turnip","Ancient Tea Set","Red Skull","Nunchaku","Frozen Egg 2"],"acts_visited":["Exordium","TheCity","TheBeyond"],"potions_floor_usage":[48,50],"damage_taken":[{"damage":2.0,"enemies":"Jaw Worm","floor":1.0,"turns":2.0},{"damage":9.0,"enemies":"2 Louse","floor":3.0,"turns":3.0},{"damage":0.0,"enemies":"Cultist","floor":4.0,"turns":4.0},{"damage":19.0,"enemies":"Exordium Thugs","floor":5.0,"turns":6.0},{"damage":1.0,"enemies":"Gremlin Nob","floor":7.0,"turns":3.0},{"damage":0.0,"enemies":"Looter","floor":11.0,"turns":2.0},{"damage":1.0,"enemies":"3 Sentries","floor":13.0,"turns":4.0},{"damage":6.0,"enemies":"The Guardian","floor":16.0,"turns":4.0},{"damage":0.0,"enemies":"Chosen","floor":18.0,"turns":3.0},{"damage":0.0,"enemies":"3 Byrds","floor":20.0,"turns":3.0},{"damage":0.0,"enemies":"Cultist and Chosen","floor":21.0,"turns":5.0},{"damage":0.0,"enemies":"3 Cultists","floor":22.0,"turns":4.0},{"damage":8.0,"enemies":"Centurion and Healer","floor":24.0,"turns":4.0},{"damage":6.0,"enemies":"Book of Stabbing","floor":27.0,"turns":3.0},{"damage":0.0,"enemies":"Shelled Parasite and Fungi","floor":29.0,"turns":2.0},{"damage":0.0,"enemies":"Snake Plant","floor":31.0,"turns":1.0},{"damage":21.0,"enemies":"Automaton","floor":33.0,"turns":6.0},{"damage":6.0,"enemies":"3 Darklings","floor":35.0,"turns":4.0},{"damage":0.0,"enemies":"3 Shapes","floor":37.0,"turns":1.0},{"damage":44.0,"enemies":"2 Orb Walkers","floor":39.0,"turns":4.0},{"damage":12.0,"enemies":"Nemesis","floor":41.0,"turns":3.0},{"damage":4,"enemies":"Giant Head","floor":45,"turns":5},{"damage":6,"enemies":"Writhing Mass","floor":48,"turns":2},{"damage":6,"enemies":"Donu and Deca","floor":50,"turns":8}],"seed_played":"-1397769293864794474","potions_obtained":[{"floor":3.0,"key":"BloodPotion"},{"floor":5.0,"key":"GamblersBrew"},{"floor":11.0,"key":"Energy Potion"},{"floor":16.0,"key":"GamblersBrew"},{"floor":39.0,"key":"Ancient Potion"},{"floor":45,"key":"GamblersBrew"}],"is_trial":false,"path_per_floor":["M","?","M","M","M","R","E","$","T","?","M","T","E","?","R","B",null,"M","$","M","M","M","R","M","?","T","E","R","M","$","M","R","B",null,"M","$","M","?","?","R","E","R","T","R","E","R","$","M","R","B",null],"character_chosen":"IRONCLAD","items_purchased":["Bludgeon","Anchor","DollysMirror","Pen Nib","Frozen Egg 2"],"campfire_rested":2,"item_purchase_floors":[8,30,30,36,47],"current_hp_per_floor":[70,67,58,58,39,39,38,53,53,53,53,53,52,52,52,46,72,72,80,80,80,80,80,72,72,72,66,66,66,80,80,80,59,75,69,80,80,80,36,60,48,72,72,72,68,68,80,74,74,68],"gold":25,"neow_bonus":"BOSS_RELIC","is_daily":false,"chose_seed":false,"campfire_upgraded":8,"win_rate":0.0,"timestamp":1611740176,"path_taken":["M","?","M","M","M","R","E","$","T","?","?","?","E","?","R","BOSS","M","$","M","?","M","R","M","?","T","E","R","?","$","M","R","BOSS","M","$","M","?","?","R","E","R","T","R","E","R","?","M","R","BOSS"],"items_purchased_type":["Card","Relic","Relic","Relic","Relic"],"build_version":"2020-12-22","purchased_purges":5,"victory":true,"max_hp_per_floor":[80,80,80,80,80,80,80,80,80,80,80,80,80,80,80,80,80,80,80,80,80,80,80,80,80,80,80,80,80,80,80,80,80,80,80,80,80,80,80,80,80,80,80,80,80,80,80,80,80,80],"card_choices":[{"not_picked":["Dual Wield","Spot Weakness"],"picked":"Shrug It Off","floor":1.0},{"not_picked":["Body Slam","Armaments","Second Wind"],"picked":"SKIP","floor":3.0},{"not_picked":["Body Slam","Intimidate","Armaments"],"picked":"SKIP","floor":4.0},{"not_picked":["Juggernaut","Havoc","Pommel Strike"],"picked":"SKIP","floor":5.0},{"not_picked":["Bloodletting","Iron Wave","Combust"],"picked":"SKIP","floor":7.0},{"not_picked":["Heavy Blade","Body Slam","Cleave"],"picked":"SKIP","floor":11.0},{"not_picked":["Metallicize","Blood for Blood"],"picked":"Flame Barrier","floor":13.0},{"not_picked":["Fiend Fire","Brutality"],"picked":"Barricade","floor":16.0},{"not_picked":["Cleave"],"picked":"SKIP","floor":18.0},{"not_picked":["Heavy Blade+1"],"picked":"SKIP","floor":20.0},{"not_picked":["Sword Boomerang"],"picked":"SKIP","floor":21.0},{"not_picked":["Headbutt"],"picked":"SKIP","floor":22.0},{"not_picked":[],"picked":"Offering","floor":24.0},{"not_picked":["Thunderclap"],"picked":"SKIP","floor":27.0},{"not_picked":["Uppercut"],"picked":"SKIP","floor":29.0},{"not_picked":["Pummel"],"picked":"SKIP","floor":31.0},{"not_picked":["Anger"],"picked":"SKIP","floor":35.0},{"not_picked":["True Grit"],"picked":"SKIP","floor":37.0},{"not_picked":[],"picked":"Body Slam","floor":39.0},{"not_picked":["Second Wind"],"picked":"SKIP","floor":41.0},{"not_picked":["Feel No Pain"],"picked":"SKIP","floor":45},{"not_picked":["Clothesline"],"picked":"SKIP","floor":48}],"player_experience":174017,"relics_obtained":[{"floor":7.0,"key":"MealTicket"},{"floor":9.0,"key":"Gremlin Horn"},{"floor":12.0,"key":"The Courier"},{"floor":13.0,"key":"Blue Candle"},{"floor":26.0,"key":"Paper Frog"},{"floor":27.0,"key":"Old Coin"},{"floor":39.0,"key":"Turnip"},{"floor":41.0,"key":"Ancient Tea Set"},{"floor":43.0,"key":"Red Skull"},{"floor":45,"key":"Nunchaku"}],"event_choices":[{"damage_healed":0.0,"max_hp_gain":0.0,"max_hp_loss":0.0,"gold_gain":0.0,"event_name":"Scrap Ooze","player_choice":"Success","floor":2.0,"gold_loss":0.0,"damage_taken":3.0,"relics_obtained":["Ornamental Fan"]},{"damage_healed":0.0,"max_hp_gain":0.0,"max_hp_loss":0.0,"gold_gain":0.0,"cards_transformed":["Strike_R"],"event_name":"Transmorgrifier","player_choice":"Transformed","floor":10.0,"gold_loss":0.0,"damage_taken":0.0,"cards_obtained":["Dark Embrace"]},{"cards_removed":["Strike_R"],"damage_healed":0.0,"max_hp_gain":0.0,"max_hp_loss":0.0,"gold_gain":0.0,"event_name":"Purifier","player_choice":"Purged","floor":14.0,"gold_loss":0.0,"damage_taken":0.0},{"damage_healed":0.0,"max_hp_gain":0.0,"max_hp_loss":0.0,"gold_gain":0.0,"event_name":"Duplicator","player_choice":"Copied","floor":25.0,"gold_loss":0.0,"damage_taken":0.0,"cards_obtained":["Bludgeon"]},{"damage_healed":0.0,"max_hp_gain":0.0,"max_hp_loss":0.0,"gold_gain":0.0,"event_name":"SensoryStone","player_choice":"Memory 1","floor":38.0,"gold_loss":0.0,"damage_taken":0.0},{"damage_healed":0.0,"max_hp_gain":0.0,"max_hp_loss":0.0,"gold_gain":0.0,"event_name":"Mysterious Sphere","player_choice":"Fight","floor":39.0,"gold_loss":0.0,"damage_taken":0.0}],"is_beta":false,"boss_relics":[{"not_picked":["Black Star","Coffee Dripper"],"picked":"Busted Crown"},{"not_picked":["Calling Bell","Mark of Pain"],"picked":"Runic Pyramid"}],"items_purged_floors":[19,19,30,36,47],"is_endless":false,"potions_floor_spawned":[3,5,11,16,18,21,27,35,39,45],"ascension_level":8}}