{"host":"6xsbn6ynqlzwllfm","time":1611757780,"event":{"mods":["2.2 Compatiblity","BaseMod","Bestiary","Colored Map","Colored Powertips","Curses Come First","Highlight Path","Keyboard Shortcuts","Minty Spire (QoL Compilation)","Relic Stats","Slay the Relics Exporter","StSLib","SuperFastMode"],"gold_per_floor":[112,129,145,67,81,106,106,131,178,178,178,178],"floor_reached":11,"language":"ENG","playtime":399,"items_purged":[],"score":166,"play_id":"f4b422dd-51cf-4480-a9e2-fb1156b1c5cc","local_time":"20210127092940","is_ascension_mode":true,"campfire_choices":[{"data":"Bash","floor":7,"key":"SMITH"},{"floor":10,"key":"REST"}],"circlet_count":0,"master_deck":["AscendersBane","Strike_R","Strike_R","Strike_R","Strike_R","Strike_R","Defend_R","Defend_R","Defend_R+1","Defend_R+1","Bash+1","Headbutt","Clash","Flame Barrier","Dropkick","Reaper"],"relics":["Burning Blood","NeowsBlessing","Question Card","Matryoshka","CeramicFish","War Paint"],"acts_visited":["Exordium"],"potions_floor_usage":[8,8],"damage_taken":[{"damage":0,"enemies":"2 Louse","floor":1,"turns":1},{"damage":0,"enemies":"Cultist","floor":2,"turns":1},{"damage":0,"enemies":"Jaw Worm","floor":3,"turns":1},{"damage":4,"enemies":"Exordium Wildlife","floor":5,"turns":6},{"damage":38,"enemies":"3 Sentries","floor":6,"turns":13},{"damage":35,"enemies":"Lagavulin","floor":8,"turns":7},{"damage":52,"enemies":"3 Sentries","floor":11,"turns":8}],"seed_played":"-4471873429057108748","potions_obtained":[{"floor":1,"key":"LiquidMemories"},{"floor":6,"key":"ColorlessPotion"}],"is_trial":false,"path_per_floor":["M","M","M","$","M","E","R","E","T","R","E"],"character_chosen":"IRONCLAD","items_purchased":["Flame Barrier"],"campfire_rested":1,"item_purchase_floors":[4],"current_hp_per_floor":[74,75,75,75,75,43,43,14,14,36,0,0],"gold":178,"neow_bonus":"THREE_ENEMY_KILL","is_daily":false,"chose_seed":false,"campfire_upgraded":1,"win_rate":0.0,"timestamp":1611757780,"path_taken":["M","M","M","$","M","E","R","E","T","R","E"],"items_purchased_type":["Card"],"build_version":"2020-12-22","purchased_purges":0,"victory":false,"max_hp_per_floor":[75,75,75,75,75,75,75,75,75,75,75,75],"relic_stats":{"counters":[7,37],"CeramicFish":0,"War Paint":["Defend_R","Defend_R"],"Question Card":1,"obtain_stats":[{"Matryoshka":8,"NeowsBlessing":0,"CeramicFish":9,"War Paint":9,"Question Card":6,"Burning Blood":0},{"Matryoshka":6,"NeowsBlessing":0,"CeramicFish":6,"War Paint":6,"Question Card":5,"Burning Blood":0},{"Matryoshka":29,"NeowsBlessing":0,"CeramicFish":29,"War Paint":29,"Question Card":22,"Burning Blood":0}],"Burning Blood":23},"card_choices":[{"not_picked":["Shrug It Off","Body Slam"],"picked":"Headbutt","floor":1},{"not_picked":["Armaments","Power Through"],"picked":"Clash","floor":2},{"not_picked":["Seeing Red","Power Through"],"picked":"Dropkick","floor":6},{"not_picked":["Bloodletting","Warcry","Clothesline"],"picked":"Reaper","floor":8}],"player_experience":1153539,"relics_obtained":[{"floor":6,"key":"Question Card"},{"floor":8,"key":"Matryoshka"},{"floor":9,"key":"CeramicFish"},{"floor":9,"key":"War Paint"}],"event_choices":[],"is_beta":false,"boss_relics":[],"items_purged_floors":[],"is_endless":false,"potions_floor_spawned":[1,6],"killed_by":"3 Sentries","ascension_level":20}}