{"host":"v3mpq6flurzldi5g","time":1611788296,"event":{"mods":["AchievementEnabler","BaseMod","Colored Powertips","Highlight Path","Minty Spire (QoL Compilation)","StSLib"],"gold_per_floor":[116,129,143,0,15,15,15,15,63,63,77,77,77,92,92,92,92],"floor_reached":16,"language":"ENG","playtime":938,"items_purged":[],"score":152,"play_id":"0c3d8c79-bc9c-40f3-86c7-14d46794bd82","local_time":"20210127175816","is_ascension_mode":true,"campfire_choices":[{"data":"Neutralize","floor":6,"key":"SMITH"},{"floor":8,"key":"REST"},{"data":"Defend_G","floor":10,"key":"SMITH"},{"data":"Defend_G","floor":12,"key":"SMITH"},{"data":"Defend_G","floor":15,"key":"SMITH"}],"circlet_count":0,"master_deck":["AscendersBane","Strike_G","Strike_G","Strike_G","Strike_G","Strike_G","Defend_G","Defend_G+1","Defend_G+1","Defend_G+1","Defend_G+1","Survivor","Neutralize+1","Slice","Dagger Spray"],"relics":["Ring of the Snake","Ancient Tea Set","Oddly Smooth Stone","Boot","Lantern"],"acts_visited":["Exordium"],"potions_floor_usage":[3,5],"damage_taken":[{"damage":0,"enemies":"Jaw Worm","floor":1,"turns":6},{"damage":4,"enemies":"Small Slimes","floor":2,"turns":4},{"damage":0,"enemies":"Cultist","floor":3,"turns":3},{"damage":4,"enemies":"Lots of Slimes","floor":5,"turns":6},{"damage":0,"enemies":"Blue Slaver","floor":11,"turns":4},{"damage":9,"enemies":"Exordium Wildlife","floor":14,"turns":9},{"damage":87,"enemies":"The Guardian","floor":16,"turns":21}],"seed_played":"4041118801003523692","potions_obtained":[{"floor":1,"key":"Dexterity Potion"},{"floor":2,"key":"CunningPotion"},{"floor":3,"key":"DistilledChaos"}],"is_trial":false,"path_per_floor":["M","M","M","$","M","R","?","R","T","R","M","R","?","M","R","B"],"character_chosen":"THE_SILENT","items_purchased":["Oddly Smooth Stone"],"campfire_rested":1,"item_purchase_floors":[4],"current_hp_per_floor":[63,59,59,59,55,55,55,70,70,70,70,70,70,61,61,0,0],"gold":92,"neow_bonus":"RANDOM_COMMON_RELIC","is_daily":false,"chose_seed":false,"campfire_upgraded":4,"win_rate":0.0,"timestamp":1611788296,"path_taken":["M","M","M","$","M","R","?","R","T","R","M","R","?","M","R","BOSS"],"items_purchased_type":["Relic"],"build_version":"2020-12-22","purchased_purges":0,"victory":false,"max_hp_per_floor":[70,70,70,70,70,70,70,70,70,70,70,70,70,70,70,70,70],"card_choices":[{"not_picked":["Concentrate","Acrobatics","Outmaneuver"],"picked":"SKIP","floor":1},{"not_picked":["Underhanded Strike","Distraction","Deflect"],"picked":"SKIP","floor":2},{"not_picked":["Outmaneuver","All Out Attack"],"picked":"Slice","floor":3},{"not_picked":["Masterful Stab","Dodge and Roll","Slice"],"picked":"SKIP","floor":5},{"not_picked":["Endless Agony","Sucker Punch","Tactician"],"picked":"SKIP","floor":11},{"not_picked":["Quick Slash","Terror"],"picked":"Dagger Spray","floor":14}],"player_experience":1085548,"relics_obtained":[{"floor":9,"key":"Lantern"}],"event_choices":[{"damage_healed":0,"gold_gain":0,"player_choice":"Searched \u00271\u0027 times","damage_taken":0,"relics_obtained":["Boot"],"max_hp_gain":0,"max_hp_loss":0,"event_name":"Dead Adventurer","floor":7,"gold_loss":0},{"damage_healed":0,"gold_gain":0,"player_choice":"Grow","damage_taken":0,"max_hp_gain":0,"max_hp_loss":0,"event_name":"Living Wall","floor":13,"gold_loss":0,"cards_upgraded":["Defend_G"]}],"is_beta":false,"boss_relics":[],"items_purged_floors":[],"is_endless":false,"potions_floor_spawned":[1,2,3],"killed_by":"The Guardian","ascension_level":13}}