{"host":"xnmm48bggm313m0r","time":1611789038,"event":{"mods":["BaseMod","KOR Keyword Fix","Minty Spire (QoL Compilation)"],"gold_per_floor":[113,133,83,158,158,158,170,200,226,257,268,285,303,371,371,470,470,482,581,363,376,391,406,406,432,432,432,432,203,203,203,203,306,306,326,166,166,388,388,388,400,400,482,502,502,502],"floor_reached":45,"language":"KOR","playtime":2105,"items_purged":["Strike_G","Defend_G","Strike_G"],"score":461,"play_id":"e9a60583-56c4-4dc6-a31d-2b809a144019","local_time":"20210128081038","is_ascension_mode":false,"campfire_choices":[{"data":"Survivor","floor":6,"key":"SMITH"},{"floor":15,"key":"REST"},{"floor":24,"key":"REST"},{"floor":27,"key":"REST"},{"data":"Poisoned Stab","floor":32,"key":"SMITH"},{"data":"Infinite Blades","floor":40,"key":"SMITH"},{"floor":42,"key":"REST"}],"circlet_count":0,"master_deck":["Strike_G","Strike_G","Defend_G","Defend_G","Defend_G","Survivor+1","Neutralize","Underhanded Strike+1","Slice","Backflip","Backstab","Deflect","Poisoned Stab","Dagger Spray","Unload","Infinite Blades+1","Dramatic Entrance","Poisoned Stab+1","Poisoned Stab","Distraction+1","Deflect+1","Finisher+1","Dodge and Roll+1","Tactician+1","Burst+1","Deflect+1","Calculated Gamble+1","Blind+1","Master of Strategy+1","Strike_G","Poisoned Stab+1"],"relics":["Ring of the Snake","Oddly Smooth Stone","Omamori","Bird Faced Urn","Red Mask","Toxic Egg 2","MealTicket","Molten Egg 2"],"acts_visited":["Exordium","TheCity","TheBeyond"],"potions_floor_usage":[10,10,16,16,16,16,16,33,33,44,45],"damage_taken":[{"damage":10,"enemies":"Small Slimes","floor":1,"turns":6},{"damage":0,"enemies":"Jaw Worm","floor":2,"turns":3},{"damage":0,"enemies":"2 Louse","floor":7,"turns":2},{"damage":19,"enemies":"3 Sentries","floor":10,"turns":9},{"damage":9,"enemies":"2 Fungi Beasts","floor":11,"turns":3},{"damage":0,"enemies":"Looter","floor":12,"turns":2},{"damage":0,"enemies":"Exordium Wildlife","floor":13,"turns":3},{"damage":34,"enemies":"The Guardian","floor":16,"turns":13},{"damage":14,"enemies":"Shell Parasite","floor":18,"turns":6},{"damage":22,"enemies":"Spheric Guardian","floor":21,"turns":4},{"damage":22,"enemies":"3 Cultists","floor":22,"turns":5},{"damage":7,"enemies":"Chosen and Byrds","floor":23,"turns":5},{"damage":19,"enemies":"Masked Bandits","floor":25,"turns":5},{"damage":59,"enemies":"Champ","floor":33,"turns":11},{"damage":10,"enemies":"Orb Walker","floor":35,"turns":3},{"damage":50,"enemies":"3 Darklings","floor":41,"turns":12},{"damage":40,"enemies":"Writhing Mass","floor":44,"turns":8},{"damage":26,"enemies":"Spire Growth","floor":45,"turns":5}],"seed_played":"3420619626383858159","potions_obtained":[{"floor":1,"key":"SkillPotion"},{"floor":2,"key":"PowerPotion"},{"floor":7,"key":"Energy Potion"},{"floor":12,"key":"EntropicBrew"},{"floor":21,"key":"Block Potion"},{"floor":23,"key":"Strength Potion"},{"floor":25,"key":"Dexterity Potion"},{"floor":41,"key":"Regen Potion"},{"floor":44,"key":"Ancient Potion"}],"is_trial":false,"path_per_floor":["M","M","?","?","?","R","M","?","T","E","M","M","M","?","R","B",null,"M","?","$","M","M","M","R","?","T","R","?","$","?","?","R","B",null,"M","$","?","?","?","R","M","R","T","M","M"],"character_chosen":"THE_SILENT","items_purchased":["Dramatic Entrance","Poisoned Stab","Dodge and Roll+1","Tactician+1","Calculated Gamble+1"],"campfire_rested":4,"item_purchase_floors":[20,20,29,29,36],"current_hp_per_floor":[60,60,60,49,49,49,49,49,49,30,21,21,21,21,42,10,70,56,56,56,36,16,11,32,15,15,36,59,59,59,59,59,2,70,62,70,65,65,65,65,17,38,38,15,0,0],"gold":502,"neow_bonus":"RANDOM_COMMON_RELIC","is_daily":false,"chose_seed":false,"campfire_upgraded":3,"win_rate":0.0,"timestamp":1611789038,"path_taken":["M","M","?","?","?","R","M","?","T","E","M","M","M","?","R","BOSS","M","?","$","M","M","M","R","?","T","R","?","$","?","?","R","BOSS","M","$","?","?","?","R","M","R","T","?","M"],"items_purchased_type":["Card","Card","Card","Card","Card"],"build_version":"2020-12-22","purchased_purges":3,"victory":false,"max_hp_per_floor":[70,70,70,70,70,70,70,70,70,70,70,70,70,70,70,70,70,70,70,70,70,70,70,70,70,70,70,70,70,70,70,70,70,70,70,70,70,70,70,70,70,70,70,70,70,70],"card_choices":[{"not_picked":["Sucker Punch","Outmaneuver"],"picked":"Underhanded Strike","floor":1},{"not_picked":["A Thousand Cuts","Backflip"],"picked":"Slice","floor":2},{"not_picked":["Outmaneuver","Underhanded Strike"],"picked":"Backflip","floor":7},{"not_picked":["Slice","Dagger Spray"],"picked":"Backstab","floor":10},{"not_picked":["Skewer","Concentrate"],"picked":"Deflect","floor":11},{"not_picked":["Deadly Poison","Deflect"],"picked":"Poisoned Stab","floor":12},{"not_picked":["Heel Hook","Acrobatics"],"picked":"Dagger Spray","floor":13},{"not_picked":["Storm of Steel","Night Terror"],"picked":"Unload","floor":16},{"not_picked":["Slice","Skewer"],"picked":"Infinite Blades","floor":18},{"not_picked":["Bane","Cloak And Dagger"],"picked":"Poisoned Stab","floor":21},{"not_picked":["Expertise","Blade Dance"],"picked":"Distraction+1","floor":22},{"not_picked":["Sucker Punch","Endless Agony"],"picked":"Deflect+1","floor":23},{"not_picked":["Dash","Flying Knee+1"],"picked":"Finisher+1","floor":25},{"not_picked":["Doppelganger+1","A Thousand Cuts"],"picked":"Burst+1","floor":33},{"not_picked":["Blade Dance+1","Sucker Punch+1"],"picked":"Deflect+1","floor":35},{"not_picked":["Deep Breath+1","Secret Weapon+1"],"picked":"Blind+1","floor":37},{"not_picked":["Thinking Ahead+1","Mind Blast"],"picked":"Master of Strategy+1","floor":37},{"not_picked":["Well Laid Plans","Underhanded Strike","Slice"],"picked":"SKIP","floor":41},{"not_picked":["Slice+1","Acrobatics+1"],"picked":"Poisoned Stab+1","floor":44}],"player_experience":135576,"relics_obtained":[{"floor":9,"key":"Omamori"},{"floor":10,"key":"Bird Faced Urn"},{"floor":25,"key":"Red Mask"},{"floor":26,"key":"Toxic Egg 2"},{"floor":43,"key":"Molten Egg 2"}],"event_choices":[{"cards_removed":["Defend_G"],"damage_healed":0,"gold_gain":0,"player_choice":"Card Removal","damage_taken":0,"max_hp_gain":0,"max_hp_loss":0,"event_name":"The Cleric","floor":3,"gold_loss":50},{"damage_healed":0,"gold_gain":75,"player_choice":"Gather Gold","damage_taken":11,"max_hp_gain":0,"max_hp_loss":0,"event_name":"World of Goop","floor":4,"gold_loss":0},{"damage_healed":0,"gold_gain":0,"player_choice":"Grow","damage_taken":0,"max_hp_gain":0,"max_hp_loss":0,"event_name":"Living Wall","floor":5,"gold_loss":0,"cards_upgraded":["Underhanded Strike"]},{"damage_healed":0,"gold_gain":30,"player_choice":"Searched \u00272\u0027 times","damage_taken":0,"max_hp_gain":0,"max_hp_loss":0,"event_name":"Dead Adventurer","floor":8,"gold_loss":0},{"damage_healed":0,"gold_gain":68,"player_choice":"Gained Gold","damage_taken":0,"max_hp_gain":0,"max_hp_loss":0,"event_name":"Golden Wing","floor":14,"gold_loss":0},{"damage_healed":0,"gold_gain":99,"player_choice":"Stole From Cult","damage_taken":0,"max_hp_gain":0,"max_hp_loss":0,"event_name":"Nest","floor":19,"gold_loss":0},{"damage_healed":0,"gold_gain":0,"player_choice":"Fought Bandits","damage_taken":0,"max_hp_gain":0,"max_hp_loss":0,"event_name":"Masked Bandits","floor":25,"gold_loss":0},{"damage_healed":23,"gold_gain":0,"player_choice":"Heal","damage_taken":0,"max_hp_gain":0,"max_hp_loss":0,"event_name":"The Library","floor":28,"gold_loss":0},{"damage_healed":0,"gold_gain":0,"player_choice":"Ignored","damage_taken":0,"max_hp_gain":0,"max_hp_loss":0,"event_name":"Vampires","floor":30,"gold_loss":0},{"damage_healed":0,"gold_gain":0,"player_choice":"Opened","damage_taken":0,"relics_obtained":["MealTicket"],"max_hp_gain":0,"max_hp_loss":0,"event_name":"The Mausoleum","floor":31,"gold_loss":0},{"damage_healed":0,"gold_gain":0,"player_choice":"Memory 2","damage_taken":5,"max_hp_gain":0,"max_hp_loss":0,"event_name":"SensoryStone","floor":37,"gold_loss":0},{"damage_healed":0,"gold_gain":222,"player_choice":"Wore Mask","damage_taken":0,"max_hp_gain":0,"max_hp_loss":0,"event_name":"Tomb of Lord Red Mask","floor":38,"gold_loss":0},{"cards_removed":["Strike_G"],"damage_healed":0,"gold_gain":0,"player_choice":"Took Card","damage_taken":0,"max_hp_gain":0,"max_hp_loss":0,"event_name":"NoteForYourself","floor":39,"gold_loss":0,"cards_obtained":["Strike_G"]}],"is_beta":false,"boss_relics":[{"not_picked":["Cursed Key","Ectoplasm","Snecko Eye"]},{"not_picked":["Runic Dome","Runic Pyramid","Velvet Choker"]}],"items_purged_floors":[20,29,36],"is_endless":false,"potions_floor_spawned":[1,2,7,12,21,23,25,41,44],"killed_by":"Spire Growth","ascension_level":0}}