{"host":"k010f1crm27ngy21","time":1611719180,"event":{"mods":["Arknights The Spire","Aspiration","Bard","BaseMod","Conspire","Dota2Spire","Hermit","Minty Spire (QoL Compilation)","Quick Restart","Red Circlet Mod","Relic Stats","Replay The Spire","Shop Mod","Spicy Shops","StSLib","The Cursed","The Disciple","The Hierophant","The Runesmith","The Servant 0.9.4","¡¾ÒÅÎï¿¨ÅÆ¡¿REMEMod"],"gold_per_floor":[135,186,234,273,273,348,348,435,435,525,570,570,645,17,17,305,305,365,398,63,93,93,195,195,195],"floor_reached":24,"language":"ZHS","playtime":1198,"items_purged":["Pain"],"score":561,"play_id":"9629f591-320f-4b08-bf9f-bcbe9fe4b693","local_time":"20210127114620","daily_mods":["SealedDeck","Vintage","Heirloom","Time Dilation","Flight","Midas"],"is_ascension_mode":false,"campfire_choices":[{"floor":7.0,"key":"REST"},{"data":"Pain","floor":12.0,"key":"PURGE"},{"data":"Shockwave","floor":15,"key":"PURGE"}],"circlet_count":0,"master_deck":["Reaper","Headbutt","REME_FearOfPain","ReplayTheSpireMod:Strike From Hell","True Grit","Warcry","Infernal Blade","Havoc","Infernal Blade","ReplayTheSpireMod:Strike From Hell","Infernal Blade","Infernal Blade","Replay:Undeath\u0027s Touch","Havoc","ReplayTheSpireMod:Necrogeddon+1","Replay:Many Hands+1","Sever Soul","Impervious","Amnesia"],"relics":["Burning Blood","Ring of Chaos","replay:Trail_Library","REME_ComplimentaryCards","Replay:Towering Pillar of Hats","Happy Flower","Anchor","Dota2Spire:MantaStyle","WarpedTongs","Strawberry","Orichalcum","Snack Pack","Peace Pipe","Question Card","MerchantsRug","Dota2Spire:MaskOfMadness","Medical Kit","Dota2Spire:Vanguard","Toy Ornithopter","Guide Book","Bag of Marbles","Onion Ring","Dota2Spire:AssaultCuirass","MutagenicStrength","conspire:GiftBox","Replay:Bottled Snecko"],"acts_visited":["Exordium","TheCity"],"potions_floor_usage":[],"damage_taken":[{"damage":0.0,"enemies":"Cultist","floor":1.0,"turns":2.0},{"damage":8.0,"enemies":"Small Slimes","floor":2.0,"turns":2.0},{"damage":0.0,"enemies":"2 Louse","floor":3.0,"turns":1.0},{"damage":0.0,"enemies":"2 Fungi Beasts","floor":4.0,"turns":2.0},{"damage":5.0,"enemies":"Lagavulin","floor":6.0,"turns":2.0},{"damage":7.0,"enemies":"3 Sentries","floor":8.0,"turns":3.0},{"damage":5.0,"enemies":"Gremlin Nob","floor":10.0,"turns":2.0},{"damage":6.0,"enemies":"Exordium Wildlife","floor":11.0,"turns":3.0},{"damage":0,"enemies":"Slime Boss","floor":16,"turns":3},{"damage":10,"enemies":"Shell Parasite","floor":18,"turns":4},{"damage":2,"enemies":"Spheric Guardian","floor":19,"turns":3},{"damage":0,"enemies":"Snake Plant","floor":21,"turns":2},{"damage":0,"enemies":"Slavers","floor":23,"turns":2}],"seed_played":"2602890005629475277","potions_obtained":[{"floor":2.0,"key":"BlessingOfTheForge"},{"floor":3.0,"key":"Swift Potion"},{"floor":6.0,"key":"Fire Potion"},{"floor":10.0,"key":"ColorlessPotion"},{"floor":16,"key":"Milkshake"},{"floor":23,"key":"Block Potion"}],"is_trial":true,"path_per_floor":["M","M","M","M","?","E","R","E","T","E","M","R","?","$","R","B",null,"M","M","$","M","?","E","?"],"character_chosen":"IRONCLAD","items_purchased":["MerchantsRug","Dota2Spire:MaskOfMadness","Medical Kit","ReplayTheSpireMod:Necrogeddon","Guide Book","Bag of Marbles","Onion Ring"],"campfire_rested":1,"item_purchase_floors":[14,14,14,14,20,20,20],"current_hp_per_floor":[80,78,80,80,80,87,87,86,86,87,87,87,76,76,76,86,87,87,87,87,87,87,87,87,87],"gold":195,"neow_bonus":"","is_daily":false,"chose_seed":false,"campfire_upgraded":0,"win_rate":0.0,"timestamp":1611719180,"path_taken":["M","M","M","M","?","E","R","E","T","E","?","R","?","$","R","BOSS","M","M","$","M","?","E","?"],"items_purchased_type":["Relic","Relic","Relic","Card","Relic","Relic","Relic"],"build_version":"2020-12-22","purchased_purges":1,"victory":false,"max_hp_per_floor":[80,80,80,80,80,87,87,87,87,87,87,87,87,87,87,87,87,87,87,87,87,87,87,87,87],"relic_stats":{"Peace Pipe":2,"Happy Flower":[9],"counters":[13,31],"Orichalcum":[18],"Question Card":2,"Medical Kit":[0],"obtain_stats":[{"Dota2Spire:MaskOfMadness":14,"Dota2Spire:Vanguard":18,"Burning Blood":0,"Strawberry":6,"Dota2Spire:AssaultCuirass":21,"Replay:Bottled Snecko":24,"replay:Trail_Library":0,"Potion Belt":3,"MerchantsRug":14,"Dota2Spire:MantaStyle":4,"Replay:Towering Pillar of Hats":0,"Happy Flower":1,"Guide Book":20,"Ring of Chaos":0,"Orichalcum":8,"Question Card":11,"Medical Kit":14,"WarpedTongs":5,"Peace Pipe":10,"Anchor":2,"conspire:GiftBox":23,"MutagenicStrength":22,"aspiration:WatcherSkillbook":17,"Onion Ring":20,"Snack Pack":9,"Bag of Marbles":20,"Toy Ornithopter":19,"REME_ComplimentaryCards":0},{"Dota2Spire:MaskOfMadness":8,"Dota2Spire:Vanguard":10,"Burning Blood":0,"Strawberry":5,"Dota2Spire:AssaultCuirass":12,"Replay:Bottled Snecko":13,"replay:Trail_Library":0,"Potion Belt":3,"MerchantsRug":8,"Dota2Spire:MantaStyle":4,"Replay:Towering Pillar of Hats":0,"Happy Flower":1,"Guide Book":11,"Ring of Chaos":0,"Orichalcum":6,"Question Card":8,"Medical Kit":8,"WarpedTongs":4,"Peace Pipe":7,"Anchor":2,"conspire:GiftBox":13,"MutagenicStrength":12,"aspiration:WatcherSkillbook":9,"Onion Ring":11,"Snack Pack":6,"Bag of Marbles":11,"Toy Ornithopter":11,"REME_ComplimentaryCards":0},{"Dota2Spire:MaskOfMadness":17,"Dota2Spire:Vanguard":24,"Burning Blood":0,"Strawberry":9,"Dota2Spire:AssaultCuirass":29,"Replay:Bottled Snecko":31,"replay:Trail_Library":0,"Potion Belt":5,"MerchantsRug":17,"Dota2Spire:MantaStyle":7,"Replay:Towering Pillar of Hats":0,"Happy Flower":2,"Guide Book":27,"Ring of Chaos":0,"Orichalcum":12,"Question Card":17,"Medical Kit":17,"WarpedTongs":7,"Peace Pipe":14,"Anchor":4,"conspire:GiftBox":31,"MutagenicStrength":29,"aspiration:WatcherSkillbook":20,"Onion Ring":27,"Snack Pack":12,"Bag of Marbles":27,"Toy Ornithopter":27,"REME_ComplimentaryCards":0}],"Burning Blood":37,"Toy Ornithopter":0,"WarpedTongs":[24]},"card_choices":[{"not_picked":["Havoc","Shrug It Off"],"picked":"Infernal Blade","floor":6.0},{"not_picked":["Havoc","Shrug It Off"],"picked":"Infernal Blade","floor":6.0},{"not_picked":["Iron Wave","Body Slam","Combust"],"picked":"SKIP","floor":8.0},{"not_picked":["Thunderclap","conspire:ExplosiveBarrier"],"picked":"Replay:Undeath\u0027s Touch","floor":10.0},{"not_picked":["REME_Fury","Barricade","Bludgeon"],"picked":"Replay:Many Hands","floor":16},{"not_picked":["Impervious","Twin Strike","ThirdEye"],"picked":"Sever Soul","floor":23},{"not_picked":["REME_WorshipGod","REME_CRH","Reaper+1"],"picked":"Impervious","floor":23}],"player_experience":155235,"relics_obtained":[{"floor":1.0,"key":"Happy Flower"},{"floor":2.0,"key":"Anchor"},{"floor":3.0,"key":"Potion Belt"},{"floor":4.0,"key":"Dota2Spire:MantaStyle"},{"floor":6.0,"key":"Strawberry"},{"floor":8.0,"key":"Orichalcum"},{"floor":9.0,"key":"Snack Pack"},{"floor":10.0,"key":"Peace Pipe"},{"floor":11.0,"key":"Question Card"},{"floor":18,"key":"Dota2Spire:Vanguard"},{"floor":19,"key":"Toy Ornithopter"},{"floor":21,"key":"Dota2Spire:AssaultCuirass"},{"floor":23,"key":"conspire:GiftBox"}],"event_choices":[{"damage_healed":0.0,"max_hp_gain":0.0,"max_hp_loss":0.0,"gold_gain":0.0,"event_name":"Accursed Blacksmith","player_choice":"Rummage","floor":5.0,"gold_loss":0.0,"damage_taken":0.0,"relics_obtained":["WarpedTongs"],"cards_obtained":["Pain"]},{"damage_healed":0.0,"max_hp_gain":0.0,"max_hp_loss":0.0,"gold_gain":75.0,"event_name":"World of Goop","player_choice":"Gather Gold","floor":13.0,"gold_loss":0.0,"damage_taken":11.0},{"damage_healed":0,"gold_gain":0,"player_choice":"Inject Mutagens","damage_taken":0,"relics_obtained":["MutagenicStrength"],"max_hp_gain":0,"max_hp_loss":0,"event_name":"Drug Dealer","floor":22,"gold_loss":0}],"is_beta":false,"boss_relics":[{"not_picked":["Astrolabe","Ectoplasm"],"picked":"aspiration:WatcherSkillbook"}],"items_purged_floors":[14],"is_endless":true,"potions_floor_spawned":[2,3,6,10,16,19,23],"ascension_level":0}}