{"host":"7tqog9fnhs0gxmti","time":1611720925,"event":{"mods":["AchievementEnabler","Act Like it!","Astrologer","BaseMod","Beaked The Cultist","CapriCore","Colored Map","Colored Powertips","Downfall","Hermit","Highlight Path","Koishi","Marisa????????","Minty Spire (QoL Compilation)","Quick Restart","Random Character Button","Rare Cards Sparkle","Robot Space Explorer","Somnambulant","StSLib","The Bug Knight","The Construct","The Cursed","The Disciple","The Gatherer","The Hayseed","The Marked","Wandering Minibosses","everything is the same but u backflip on backflip"],"gold_per_floor":[116,127,402,415,426,458,474,474,498,573,573,573,592,603,603,707,707,718,718,401,401,62,75,103,123,123,140,155,173,207,27,27,131,131,148,73,91,91,91],"floor_reached":38,"language":"ENG","playtime":1722,"items_purged":["Regret","Bite"],"score":450,"play_id":"6e30bc42-6773-4e25-809f-8645197f09b7","local_time":"20210127121525","is_ascension_mode":false,"campfire_choices":[{"floor":8.0,"key":"REST"},{"data":"HollowMod:ShapeofUnn","floor":11.0,"key":"SMITH"},{"floor":15.0,"key":"REST"},{"floor":32.0,"key":"REST"}],"circlet_count":0,"master_deck":["HollowMod:QuickDashStart","HollowMod:QuickDashStart","HollowMod:QuickDashStart","HollowMod:QuickDashStart","HollowMod:FocusHealStart","HollowMod:PogoStrike","HollowMod:Weaversong","HollowMod:ShapeofUnn+1","HollowMod:ChannelNail","HollowMod:InfectionAssault","HollowMod:InfectedAttack","HollowMod:HowlingWraiths","HollowMod:TaintedHusks","HollowMod:NewJinnsSoul+1","Bite","Bite","Bite","Bite","HollowMod:MothsMistake","HollowMod:TaintedHusks","HollowMod:GoodIntentions+1","HollowMod:InfectedCysts","HollowMod:DoubleDash+1","HollowMod:BrokenVessel","HollowMod:NewGlowingWomb"],"relics":["HollowMod:VesselMask","Anchor","Regal Pillow","beaked:SacredNecklace","Kunai","Mercury Hourglass","Dream Catcher","StoneCalendar","HollowMod:GreatKnightMask","Cursed Key"],"acts_visited":["Exordium","TheCity","TheBeyond"],"potions_floor_usage":[],"damage_taken":[{"damage":3.0,"enemies":"Small Slimes","floor":1.0,"turns":4.0},{"damage":0.0,"enemies":"Cultist","floor":2.0,"turns":4.0},{"damage":8.0,"enemies":"2 Louse","floor":4.0,"turns":3.0},{"damage":31.0,"enemies":"Large Slime","floor":5.0,"turns":6.0},{"damage":10.0,"enemies":"Gremlin Nob","floor":6.0,"turns":3.0},{"damage":14.0,"enemies":"2 Fungi Beasts","floor":7.0,"turns":4.0},{"damage":5.0,"enemies":"Blue Slaver","floor":13.0,"turns":4.0},{"damage":2.0,"enemies":"Lots of Slimes","floor":14.0,"turns":2.0},{"damage":49.0,"enemies":"Slime Boss","floor":16.0,"turns":7.0},{"damage":41.0,"enemies":"2 Thieves","floor":18.0,"turns":4.0},{"damage":11.0,"enemies":"3 Byrds","floor":23.0,"turns":4.0},{"damage":43.0,"enemies":"Slavers","floor":24.0,"turns":5.0},{"damage":13.0,"enemies":"3 Cultists","floor":25.0,"turns":4.0},{"damage":0.0,"enemies":"Centurion and Healer","floor":27.0,"turns":7.0},{"damage":26.0,"enemies":"Snake Plant","floor":28.0,"turns":4.0},{"damage":11.0,"enemies":"Snecko","floor":29.0,"turns":4.0},{"damage":0.0,"enemies":"HollowMod:Zote","floor":30.0,"turns":2.0},{"damage":73.0,"enemies":"Automaton","floor":33.0,"turns":11.0},{"damage":24,"enemies":"3 Darklings","floor":35,"turns":4},{"damage":29,"enemies":"3 Shapes","floor":37,"turns":3},{"damage":0,"enemies":"Maw","floor":38,"turns":1}],"seed_played":"-8302720915499703871","potions_obtained":[{"floor":1.0,"key":"FairyPotion"},{"floor":2.0,"key":"AttackPotion"},{"floor":7.0,"key":"construct:ShiftPotion"},{"floor":16.0,"key":"ColorlessPotion"},{"floor":18.0,"key":"LiquidMemories"},{"floor":21.0,"key":"Fruit Juice"},{"floor":21.0,"key":"Fire Potion"},{"floor":24.0,"key":"Block Potion"},{"floor":27.0,"key":"FairyPotion"},{"floor":33.0,"key":"LiquidMemories"}],"is_trial":false,"path_per_floor":["M","M","?","M","M","E","M","R","T","?","R","?","M","M","R","B",null,"M","?","$","?","$","M","E","M","T","M","M","M","?","$","R","B",null,"M","$","M","M"],"character_chosen":"THE_BUGKNIGHT","items_purchased":["Kunai","HollowMod:MothsMistake","HollowMod:TaintedHusks","Mercury Hourglass","HollowMod:BrokenVessel","HollowMod:NewGlowingWomb"],"campfire_rested":3,"item_purchase_floors":[20,22,22,22,31,36],"current_hp_per_floor":[75,75,75,67,42,32,18,40,40,29,29,29,24,22,59,10,75,34,34,34,39,39,38,11,6,6,20,27,22,24,24,56,23,57,37,37,8,8,8],"gold":91,"neow_bonus":"ONE_RANDOM_RARE_CARD","is_daily":false,"chose_seed":false,"campfire_upgraded":1,"win_rate":0.0,"timestamp":1611720925,"path_taken":["M","M","?","M","?","E","M","R","T","?","R","?","M","M","R","BOSS","M","?","$","?","$","M","E","M","T","M","M","?","?","?","R","BOSS","M","$","M","?"],"items_purchased_type":["Relic","Card","Card","Relic","Card","Card"],"build_version":"2020-12-22","purchased_purges":2,"victory":false,"max_hp_per_floor":[75,75,75,75,75,75,75,75,75,75,75,75,75,75,75,75,75,75,52,52,57,57,57,57,57,57,57,57,57,57,57,57,57,57,57,57,57,57,57],"card_choices":[{"not_picked":["HollowMod:CrystalDash","HollowMod:SoulStrike"],"picked":"HollowMod:ShapeofUnn","floor":1.0},{"not_picked":["HollowMod:SiblingsSouls","HollowMod:ShadowDash"],"picked":"HollowMod:ChannelNail","floor":2.0},{"not_picked":["HollowMod:DescendingDark","HollowMod:CloakDash"],"picked":"HollowMod:InfectionAssault","floor":4.0},{"not_picked":["HollowMod:ElderbugsWisdom","HollowMod:RecoilStrike","HollowMod:ShapeofUnn"],"picked":"SKIP","floor":5.0},{"not_picked":["HollowMod:SiblingsSouls","HollowMod:SoulVessel"],"picked":"HollowMod:InfectedAttack","floor":6.0},{"not_picked":["HollowMod:SharpenedShadows","HollowMod:DashSlash"],"picked":"HollowMod:HowlingWraiths","floor":7.0},{"not_picked":["HollowMod:HuntersJournal","HollowMod:NewLittleFool","HollowMod:SharpenedNail"],"picked":"SKIP","floor":13.0},{"not_picked":["HollowMod:CloakDash","HollowMod:SoulEater"],"picked":"HollowMod:TaintedHusks","floor":14.0},{"not_picked":["HollowMod:SharpenedNail","HollowMod:SiblingsShadow"],"picked":"HollowMod:NewJinnsSoul+1","floor":18.0},{"not_picked":["HollowMod:InfectedAttack+1","HollowMod:RecoilStrike"],"picked":"HollowMod:GoodIntentions+1","floor":23.0},{"not_picked":["HollowMod:CornifersMapStart+1","HollowMod:ChannelNail","HollowMod:NewJinnsSoul"],"picked":"SKIP","floor":24.0},{"not_picked":["HollowMod:SiblingsSouls","HollowMod:VengefulVoid"],"picked":"HollowMod:InfectedCysts","floor":25.0},{"not_picked":["HollowMod:CycloneSlash","HollowMod:DescendingDark+1","HollowMod:DashSlash"],"picked":"SKIP","floor":27.0},{"not_picked":["HollowMod:InfectionAssault","HollowMod:HornetsHelp","HollowMod:DashSlash+1"],"picked":"SKIP","floor":28.0},{"not_picked":["HollowMod:ChannelNail","HollowMod:SharpenedNail+1"],"picked":"HollowMod:DoubleDash+1","floor":29.0},{"not_picked":["HollowMod:GrimmsGift+1","HollowMod:AbyssShriek+1","HollowMod:SoulVessel"],"picked":"SKIP","floor":35},{"not_picked":["HollowMod:PerfectDash+1","HollowMod:DescendingDark","HollowMod:VengefulVoid"],"picked":"SKIP","floor":37}],"player_experience":909292,"relics_obtained":[{"floor":6.0,"key":"Anchor"},{"floor":9.0,"key":"Regal Pillow"},{"floor":24.0,"key":"Dream Catcher"},{"floor":26.0,"key":"StoneCalendar"},{"floor":30.0,"key":"HollowMod:GreatKnightMask"}],"event_choices":[{"damage_healed":0.0,"max_hp_gain":0.0,"max_hp_loss":0.0,"gold_gain":275.0,"event_name":"Golden Shrine","player_choice":"Desecrate","floor":3.0,"gold_loss":0.0,"damage_taken":0.0,"cards_obtained":["Regret"]},{"damage_healed":0.0,"max_hp_gain":0.0,"max_hp_loss":0.0,"gold_gain":75.0,"event_name":"World of Goop","player_choice":"Gather Gold","floor":10.0,"gold_loss":0.0,"damage_taken":11.0},{"damage_healed":0.0,"max_hp_gain":0.0,"max_hp_loss":23.0,"gold_gain":0.0,"event_name":"Vampires","player_choice":"Became a vampire","floor":19.0,"gold_loss":0.0,"damage_taken":0.0,"cards_obtained":["Bite","Bite","Bite","Bite","Bite"]},{"damage_healed":0.0,"max_hp_gain":0.0,"max_hp_loss":0.0,"gold_gain":0.0,"event_name":"Lab","player_choice":"Got Potions","floor":21.0,"gold_loss":0.0,"damage_taken":0.0}],"is_beta":false,"boss_relics":[{"not_picked":["construct:WeddingRing","Coffee Dripper"],"picked":"beaked:SacredNecklace"},{"not_picked":["Empty Cage","beaked:SacredDeck"],"picked":"Cursed Key"}],"items_purged_floors":[20,31],"is_endless":false,"potions_floor_spawned":[1,2,7,16,18,24,27,33],"killed_by":"Maw","ascension_level":0}}