{"host":"3zb3nk4wvq0dtbuh","time":1611757370,"event":{"mods":["AchievementEnabler","BaseMod","Lobotomy","Minty Spire (QoL Compilation)","Quick Restart","Relic Filter Mod","StSLib","SuperFastMode","The Blackbeard"],"gold_per_floor":[360,435,454,148,323,323,323,323,348,348,367,292,292,312,312,437,437,455,476,575,594,618,618,618,618,618,632,632,632,632,675,675,804,804,827,727,727,745,745,745,780,794,839,853,853,853,853],"floor_reached":46,"language":"ZHS","playtime":569,"items_purged":["Defend_G","Defend_G"],"score":481,"play_id":"95917e66-8235-456a-b1d5-347311de7130","local_time":"20210127222250","is_ascension_mode":false,"campfire_choices":[{"data":"Doubt","floor":6.0,"key":"PURGE"},{"data":"Defend_G","floor":10.0,"key":"PURGE"},{"data":"Defend_G","floor":13.0,"key":"PURGE"},{"data":"Survivor","floor":15.0,"key":"PURGE"},{"data":"Strike_G","floor":23.0,"key":"PURGE"},{"data":"Strike_G","floor":25.0,"key":"PURGE"},{"data":"Strike_G","floor":30.0,"key":"PURGE"},{"data":"Defend_G","floor":32.0,"key":"PURGE"},{"data":"Neutralize","floor":40.0,"key":"PURGE"}],"circlet_count":2,"master_deck":["Grand Finale","Slice+1","Grand Finale"],"relics":["Ring of the Snake","Peace Pipe","Golden Idol","Empty Cage","Circlet"],"acts_visited":["Exordium","TheCity","TheBeyond"],"potions_floor_usage":[46],"damage_taken":[{"damage":0.0,"enemies":"Jaw Worm","floor":1.0,"turns":6.0},{"damage":17.0,"enemies":"2 Louse","floor":3.0,"turns":6.0},{"damage":0.0,"enemies":"Small Slimes","floor":11.0,"turns":5.0},{"damage":21.0,"enemies":"2 Fungi Beasts","floor":14.0,"turns":5.0},{"damage":129.0,"enemies":"The Guardian","floor":16.0,"turns":15.0},{"damage":23.0,"enemies":"Shell Parasite","floor":18.0,"turns":7.0},{"damage":0.0,"enemies":"2 Thieves","floor":19.0,"turns":3.0},{"damage":8.0,"enemies":"Chosen and Byrds","floor":21.0,"turns":6.0},{"damage":12.0,"enemies":"Centurion and Healer","floor":22.0,"turns":4.0},{"damage":15.0,"enemies":"Snake Plant","floor":27.0,"turns":4.0},{"damage":7.0,"enemies":"Book of Stabbing","floor":31.0,"turns":6.0},{"damage":102.0,"enemies":"Automaton","floor":33.0,"turns":10.0},{"damage":6.0,"enemies":"3 Shapes","floor":35.0,"turns":3.0},{"damage":7.0,"enemies":"Orb Walker","floor":38.0,"turns":4.0},{"damage":26.0,"enemies":"Reptomancer","floor":41.0,"turns":6.0},{"damage":32.0,"enemies":"Spire Growth","floor":42.0,"turns":5.0},{"damage":0.0,"enemies":"Sphere and 2 Shapes","floor":44.0,"turns":3.0},{"damage":69,"enemies":"Nemesis","floor":46,"turns":5}],"seed_played":"2404682989321267280","potions_obtained":[{"floor":3.0,"key":"SteroidPotion"},{"floor":16.0,"key":"Dexterity Potion"},{"floor":22.0,"key":"Energy Potion"}],"is_trial":false,"path_per_floor":["M","?","M","$","?","R","$","?","T","R","M","$","R","M","R","B",null,"M","M","?","M","M","R","?","R","T","M","T","?","R","E","R","B",null,"M","$","?","M","?","R","E","M","T","M","$","E"],"character_chosen":"THE_SILENT","items_purchased":["Peace Pipe"],"campfire_rested":0,"item_purchase_floors":[4],"current_hp_per_floor":[63,63,63,63,63,63,63,63,63,63,63,63,63,63,63,63,63,63,63,63,63,63,63,63,63,63,63,63,63,63,63,70,63,63,63,63,63,63,63,63,63,63,63,63,63,0,0],"gold":853,"neow_bonus":"TWO_FIFTY_GOLD","is_daily":false,"chose_seed":false,"campfire_upgraded":0,"win_rate":0.0,"timestamp":1611757370,"path_taken":["M","?","M","$","?","R","$","?","T","R","M","?","R","?","R","BOSS","M","M","?","M","M","R","?","R","T","M","?","?","R","E","R","BOSS","M","$","?","?","?","R","E","M","T","M","$","E"],"items_purchased_type":["Relic"],"build_version":"2020-12-22","purchased_purges":2,"victory":false,"max_hp_per_floor":[63,63,63,63,63,63,63,63,63,63,63,63,63,63,63,63,63,63,63,63,63,63,63,63,63,63,63,63,63,63,63,63,63,63,63,63,63,63,63,63,63,63,63,63,63,63,63],"card_choices":[{"not_picked":["Cloak And Dagger","Leg Sweep","Flying Knee"],"picked":"SKIP","floor":1.0},{"not_picked":["Outmaneuver","Dagger Throw","Deflect"],"picked":"SKIP","floor":3.0},{"not_picked":["Tactician","Dagger Throw","Dagger Spray"],"picked":"SKIP","floor":11.0},{"not_picked":["Underhanded Strike","Accuracy","Heel Hook"],"picked":"SKIP","floor":14.0},{"not_picked":["Wraith Form v2","Unload"],"picked":"Grand Finale","floor":16.0},{"not_picked":["Prepared","Deadly Poison","Deflect"],"picked":"SKIP","floor":18.0},{"not_picked":["Expertise","Accuracy","Skewer"],"picked":"SKIP","floor":19.0},{"not_picked":["Flechettes","Endless Agony","Blade Dance"],"picked":"SKIP","floor":21.0},{"not_picked":["Poisoned Stab","Bane+1","Masterful Stab+1"],"picked":"SKIP","floor":22.0},{"not_picked":["Flying Knee","Dodge and Roll","Outmaneuver"],"picked":"SKIP","floor":27.0},{"not_picked":["Deadly Poison","Dagger Spray"],"picked":"Slice+1","floor":31.0},{"not_picked":["Cloak And Dagger","Slice","Calculated Gamble+1"],"picked":"SKIP","floor":35.0},{"not_picked":["Setup","Flying Knee","Predator"],"picked":"SKIP","floor":38.0},{"not_picked":["Accuracy","Leg Sweep","Underhanded Strike"],"picked":"SKIP","floor":41.0},{"not_picked":["Underhanded Strike","Poisoned Stab+1"],"picked":"Grand Finale","floor":42.0},{"not_picked":["Accuracy","Dagger Spray+1","Choke"],"picked":"SKIP","floor":44.0}],"player_experience":39532,"relics_obtained":[{"floor":31.0,"key":"Circlet"},{"floor":41.0,"key":"Circlet"}],"event_choices":[{"damage_healed":0.0,"max_hp_gain":0.0,"max_hp_loss":0.0,"gold_gain":75.0,"event_name":"World of Goop","player_choice":"Gather Gold","floor":2.0,"gold_loss":0.0,"damage_taken":11.0},{"damage_healed":0.0,"max_hp_gain":0.0,"max_hp_loss":0.0,"gold_gain":175.0,"event_name":"Liars Game","player_choice":"AGREE","floor":5.0,"gold_loss":0.0,"damage_taken":0.0,"cards_obtained":["Doubt"]},{"damage_healed":0.0,"max_hp_gain":0.0,"max_hp_loss":0.0,"gold_gain":0.0,"event_name":"Golden Idol","player_choice":"Take Damage","floor":8.0,"gold_loss":0.0,"damage_taken":15.0,"relics_obtained":["Golden Idol"]},{"damage_healed":0.0,"max_hp_gain":0.0,"max_hp_loss":0.0,"gold_gain":99.0,"event_name":"Nest","player_choice":"Stole From Cult","floor":20.0,"gold_loss":0.0,"damage_taken":0.0},{"damage_healed":21.0,"max_hp_gain":0.0,"max_hp_loss":0.0,"gold_gain":0.0,"event_name":"The Library","player_choice":"Heal","floor":24.0,"gold_loss":0.0,"damage_taken":0.0},{"damage_healed":0.0,"max_hp_gain":0.0,"max_hp_loss":0.0,"gold_gain":0.0,"event_name":"Ghosts","player_choice":"Ignored","floor":29.0,"gold_loss":0.0,"damage_taken":0.0},{"damage_healed":0.0,"max_hp_gain":0.0,"max_hp_loss":0.0,"gold_gain":0.0,"event_name":"Lab","player_choice":"Got Potions","floor":37.0,"gold_loss":0.0,"damage_taken":0.0},{"damage_healed":0.0,"max_hp_gain":0.0,"max_hp_loss":0.0,"gold_gain":0.0,"event_name":"The Moai Head","player_choice":"Ignored","floor":39.0,"gold_loss":0.0,"damage_taken":0.0}],"is_beta":false,"boss_relics":[{"not_picked":["Circlet","Circlet"],"picked":"Empty Cage"},{"not_picked":["Circlet","Circlet","Circlet"]}],"items_purged_floors":[12,36],"is_endless":false,"potions_floor_spawned":[3,16,22,31,33,35,44],"killed_by":"Nemesis","ascension_level":0}}