{"host":"hjajo0rafoe1e6c4","time":1611712226,"event":{"mods":["AchievementEnabler","BaseMod","Colored Map","Highlight Path","Minty Spire (QoL Compilation)","Relic Stats"],"gold_per_floor":[119,119,137,412,423,423,1,18,18,18,32,51,51,82,82,181,181,196,208,218,293,309,309,335,361,388,405,440,440,440],"floor_reached":29,"language":"ENG","playtime":2379,"items_purged":["Regret"],"score":307,"play_id":"52e1df68-f2b0-430a-8ea3-0911c15359b7","local_time":"20210126205026","is_ascension_mode":true,"campfire_choices":[{"data":"Prepared","floor":6,"key":"SMITH"},{"data":"Tactician","floor":13,"key":"SMITH"},{"data":"Leg Sweep","floor":15,"key":"SMITH"},{"floor":23,"key":"REST"}],"circlet_count":0,"master_deck":["Strike_G","Strike_G","Strike_G","Strike_G","Strike_G","Defend_G","Defend_G","Defend_G","Defend_G","Defend_G","Survivor","Neutralize","Footwork","Flying Knee","Regret","Prepared+1","Slice","Tactician+1","Backflip","Leg Sweep+1","Eviscerate","After Image","Blur","Leg Sweep","Acrobatics","Caltrops+1","Underhanded Strike+1","Terror","Dodge and Roll"],"relics":["HoveringKite","CaptainsWheel","Tingsha","White Beast Statue","Gambling Chip","Black Star","Orichalcum","Blood Vial","Dead Branch","Snake Skull","Shovel","Calipers"],"acts_visited":["Exordium","TheCity"],"potions_floor_usage":[8,14,16,20,22,25,25,28,28,29],"damage_taken":[{"damage":1,"enemies":"Small Slimes","floor":1,"turns":4},{"damage":2,"enemies":"2 Louse","floor":3,"turns":5},{"damage":4,"enemies":"Cultist","floor":5,"turns":4},{"damage":14,"enemies":"Lots of Slimes","floor":8,"turns":5},{"damage":0,"enemies":"2 Fungi Beasts","floor":11,"turns":4},{"damage":4,"enemies":"Red Slaver","floor":12,"turns":4},{"damage":12,"enemies":"Lagavulin","floor":14,"turns":9},{"damage":16,"enemies":"The Guardian","floor":16,"turns":12},{"damage":0,"enemies":"Spheric Guardian","floor":18,"turns":4},{"damage":8,"enemies":"Chosen","floor":19,"turns":7},{"damage":36,"enemies":"3 Cultists","floor":20,"turns":11},{"damage":5,"enemies":"Snecko","floor":22,"turns":9},{"damage":3,"enemies":"Book of Stabbing","floor":25,"turns":5},{"damage":0,"enemies":"Snake Plant","floor":27,"turns":4},{"damage":25,"enemies":"Slavers","floor":28,"turns":7},{"damage":22,"enemies":"3 Cultists","floor":29,"turns":4}],"seed_played":"-8368273782242630202","potions_obtained":[{"floor":5,"key":"DuplicationPotion"},{"floor":11,"key":"Strength Potion"},{"floor":12,"key":"DistilledChaos"},{"floor":14,"key":"Fire Potion"},{"floor":16,"key":"Weak Potion"},{"floor":18,"key":"CultistPotion"},{"floor":20,"key":"AttackPotion"},{"floor":22,"key":"Poison Potion"},{"floor":25,"key":"Dexterity Potion"},{"floor":27,"key":"EssenceOfSteel"},{"floor":28,"key":"Ancient Potion"}],"is_trial":false,"path_per_floor":["M","?","M","?","M","R","$","M","T","$","M","M","R","E","R","B",null,"M","M","M","?","M","R","T","E","T","M","E","M"],"character_chosen":"THE_SILENT","items_purchased":["Tingsha","Slice"],"campfire_rested":1,"item_purchase_floors":[7,7],"current_hp_per_floor":[69,69,67,67,63,63,63,49,49,49,49,45,45,33,33,17,70,70,62,26,19,14,35,35,32,32,34,11,0,0],"gold":440,"neow_bonus":"BOSS_RELIC","is_daily":false,"chose_seed":false,"campfire_upgraded":3,"win_rate":0.0,"timestamp":1611712226,"path_taken":["M","?","M","?","?","R","$","M","T","?","M","M","R","E","R","BOSS","M","M","?","?","?","R","?","E","T","M","E","M"],"items_purchased_type":["Relic","Card"],"build_version":"2020-12-22","purchased_purges":1,"victory":false,"max_hp_per_floor":[70,70,70,70,70,70,70,70,70,70,70,70,70,70,70,70,70,70,70,70,70,70,70,70,70,70,70,70,70,70],"relic_stats":{"Blood Vial":6,"Shovel":0,"counters":[16,98],"Gambling Chip":[19],"Dead Branch":[2],"HoveringKite":[43],"Tingsha":[218],"Snake Skull":[1],"Black Star":2,"Orichalcum":[12],"obtain_stats":[{"Calipers":28,"Dead Branch":25,"HoveringKite":0,"Tingsha":7,"Snake Skull":26,"Orichalcum":24,"White Beast Statue":9,"Blood Vial":25,"CaptainsWheel":2,"Shovel":28,"Gambling Chip":14,"Black Star":17,"Ring of the Snake":0},{"Calipers":15,"Dead Branch":13,"HoveringKite":0,"Tingsha":3,"Snake Skull":13,"Orichalcum":12,"White Beast Statue":4,"Blood Vial":13,"CaptainsWheel":1,"Shovel":15,"Gambling Chip":7,"Black Star":8,"Ring of the Snake":0},{"Calipers":94,"Dead Branch":83,"HoveringKite":0,"Tingsha":13,"Snake Skull":83,"Orichalcum":78,"White Beast Statue":18,"Blood Vial":83,"CaptainsWheel":4,"Shovel":94,"Gambling Chip":35,"Black Star":47,"Ring of the Snake":0}]},"card_choices":[{"not_picked":["Flying Knee","Accuracy"],"picked":"Footwork","floor":1},{"not_picked":["Dagger Spray","Poisoned Stab"],"picked":"Flying Knee","floor":3},{"not_picked":["Finisher","Backflip"],"picked":"Prepared","floor":5},{"not_picked":["Terror","PiercingWail"],"picked":"Tactician","floor":8},{"not_picked":["Caltrops","Grand Finale"],"picked":"Backflip","floor":11},{"not_picked":["Riddle With Holes","Flying Knee"],"picked":"Leg Sweep","floor":12},{"not_picked":["Dagger Spray","Deflect"],"picked":"Eviscerate","floor":14},{"not_picked":["Doppelganger","Unload"],"picked":"After Image","floor":16},{"not_picked":["Slice","Crippling Poison+1"],"picked":"Blur","floor":18},{"not_picked":["Caltrops","Bane"],"picked":"Leg Sweep","floor":19},{"not_picked":["Poisoned Stab","Backflip"],"picked":"Acrobatics","floor":20},{"not_picked":["Sucker Punch","Masterful Stab"],"picked":"Caltrops+1","floor":22},{"not_picked":["Distraction","Flying Knee"],"picked":"Underhanded Strike+1","floor":25},{"not_picked":["Deflect","Slice"],"picked":"Terror","floor":27},{"not_picked":["Leg Sweep","Expertise"],"picked":"Dodge and Roll","floor":28}],"player_experience":172544,"relics_obtained":[{"floor":9,"key":"White Beast Statue"},{"floor":14,"key":"Gambling Chip"},{"floor":24,"key":"Orichalcum"},{"floor":25,"key":"Blood Vial"},{"floor":25,"key":"Dead Branch"},{"floor":26,"key":"Snake Skull"},{"floor":28,"key":"Shovel"},{"floor":28,"key":"Calipers"}],"event_choices":[{"damage_healed":0,"gold_gain":0,"player_choice":"Box","damage_taken":0,"relics_obtained":["CaptainsWheel"],"max_hp_gain":0,"max_hp_loss":0,"event_name":"Big Fish","floor":2,"gold_loss":0,"cards_obtained":["Regret"]},{"damage_healed":0,"gold_gain":275,"player_choice":"Desecrate","damage_taken":0,"max_hp_gain":0,"max_hp_loss":0,"event_name":"Golden Shrine","floor":4,"gold_loss":0,"cards_obtained":["Regret"]},{"damage_healed":0,"gold_gain":75,"player_choice":"Touch","damage_taken":7,"max_hp_gain":0,"max_hp_loss":0,"event_name":"FaceTrader","floor":21,"gold_loss":0}],"is_beta":false,"boss_relics":[{"not_picked":["Tiny House","Coffee Dripper"],"picked":"Black Star"}],"items_purged_floors":[7],"is_endless":false,"potions_floor_spawned":[5,11,12,14,16,18,19,20,22,25,27,28],"killed_by":"3 Cultists","ascension_level":3}}