{"host":"ds28d883r3sz42zs","time":1611716533,"event":{"mods":["2.2 Compatiblity","AchievementEnabler","Act Like it!","BaseMod","Bestiary","Better Match","Better Sensory Stone","Better Third Choice","Better-Laid Plans","BetterRewards","Block Reminder","Challenge The Spire","Colored Map","Colored Powertips","DeckTracker","Defuse TimeMaze Blight","Disable Question Mark Monsters","Displayed Cursed Tome","Emptier Cage","GifTheSpireLib","Gold Saver","Hallownest","Infinite Spire","Minty Spire (QoL Compilation)","Permanent Neow","Practice Mode","Quick Restart","Random Character Button","Rare Cards Sparkle","Relic Filter","Relic Sorter","Relic Stats","Reliquary","SacredBarkPlus","Shop Mod","Spire Arcade","StSLib","SuperFastMode","The Bug Knight","Uncapped","Unknown Chances","Wide Potions"],"gold_per_floor":[120,120,120,133,145,145,173,173,173,173,98,98,109,138,138,242,242,260,274,21,21,41,41,73,73,73,172,201,301,333,350,350,453,453,469,191,211,225,225,225,240,240,240,259,259,290,290,317,317,317,317,317,24,50,50,50],"floor_reached":55,"language":"ENG","playtime":1910,"items_purged":["Strike_R","Strike_R","Corruption","Strike_R"],"score":1111,"play_id":"96995f65-43ec-4469-affe-6025aa51111a","local_time":"20210126220213","is_ascension_mode":true,"campfire_choices":[{"data":"Wild Strike","floor":6,"key":"SMITH"},{"data":"True Grit","floor":10,"key":"SMITH"},{"data":"Fire Breathing","floor":12,"key":"SMITH"},{"data":"Disarm","floor":15,"key":"SMITH"},{"data":"Fiend Fire","floor":23,"key":"SMITH"},{"data":"Shrug It Off","floor":25,"key":"SMITH"},{"data":"Spot Weakness","floor":32,"key":"SMITH"},{"data":"Defend_R","floor":40,"key":"SMITH"},{"data":"Defend_R","floor":42,"key":"SMITH"},{"data":"Feel No Pain","floor":45,"key":"SMITH"},{"floor":47,"key":"RECALL"},{"data":"Defend_R","floor":49,"key":"SMITH"},{"data":"Defend_R","floor":52,"key":"SMITH"}],"circlet_count":0,"master_deck":["Strike_R","Strike_R+1","Defend_R+1","Defend_R+1","Defend_R+1","Defend_R+1","Bash+1","Disarm+1","True Grit+1","Wild Strike+1","Fire Breathing+1","Shrug It Off+1","Fiend Fire+1","Uppercut+1","Spot Weakness+1","Reaper+1","Rampage+1","Disarm+1","Pommel Strike+1","Feel No Pain+1","infinitespire:Execution","Evolve+1","Headbutt+1","Feel No Pain","Shrug It Off"],"relics":["Mark of Pain","Gambling Chip","Art of War","infinitespire:Satchel","Mercury Hourglass","Pantograph","infinitespire:Burning Sword","Toolbox","MutagenicStrength","Boot","infinitespire:CheckeredPen","reliquary:RosewoodLute","infinitespire:Bottled Soul","Velvet Choker","reliquary:SilkGlove","Whetstone","Oddly Smooth Stone","HollowMod:LifeEnderRelic"],"acts_visited":["Exordium","TheCity","TheBeyond","TheEnding"],"potions_floor_usage":[16,24,30,33,38,54,55,55],"damage_taken":[{"damage":0,"enemies":"2 Louse","floor":1,"turns":3},{"damage":9,"enemies":"Jaw Worm","floor":4,"turns":4},{"damage":0,"enemies":"Small Slimes","floor":5,"turns":3},{"damage":35,"enemies":"Gremlin Nob","floor":7,"turns":5},{"damage":1,"enemies":"Blue Slaver","floor":13,"turns":3},{"damage":5,"enemies":"3 Sentries","floor":14,"turns":3},{"damage":1,"enemies":"Hexaghost","floor":16,"turns":8},{"damage":3,"enemies":"2 Thieves","floor":18,"turns":3},{"damage":0,"enemies":"Chosen","floor":19,"turns":2},{"damage":17,"enemies":"Snake Plant","floor":22,"turns":2},{"damage":9,"enemies":"Gremlin Leader","floor":24,"turns":4},{"damage":0,"enemies":"Book of Stabbing","floor":28,"turns":2},{"damage":13,"enemies":"Slavers","floor":30,"turns":3},{"damage":0,"enemies":"Chosen and Byrds","floor":31,"turns":3},{"damage":18,"enemies":"Automaton","floor":33,"turns":6},{"damage":0,"enemies":"Orb Walker","floor":35,"turns":2},{"damage":5,"enemies":"3 Darklings","floor":37,"turns":3},{"damage":0,"enemies":"Transient","floor":38,"turns":5},{"damage":19,"enemies":"Sphere and 2 Shapes","floor":41,"turns":3},{"damage":32,"enemies":"Spire Growth","floor":44,"turns":4},{"damage":21,"enemies":"Nightmare","floor":46,"turns":8},{"damage":15,"enemies":"Reptomancer","floor":48,"turns":4},{"damage":25,"enemies":"Time Eater","floor":50,"turns":10},{"damage":66,"enemies":"Shield and Spear","floor":54,"turns":6},{"damage":59,"enemies":"The Heart","floor":55,"turns":3}],"seed_played":"8322791090730105755","potions_obtained":[{"floor":5,"key":"BlessingOfTheForge"},{"floor":7,"key":"EssenceOfSteel"},{"floor":14,"key":"Strength Potion"},{"floor":16,"key":"Regen Potion"},{"floor":28,"key":"AttackPotion"},{"floor":37,"key":"AttackPotion"},{"floor":38,"key":"Ancient Potion"},{"floor":44,"key":"DuplicationPotion"}],"is_trial":false,"path_per_floor":["M","?","?","M","M","R","E","?","T","R","$","R","M","E","R","B",null,"M","M","$","?","M","R","E","R","T","?","E","?","E","M","R","B",null,"M","$","M","M","?","R","M","R","T","M","R","NM","R","E","R","B",null,"R","$","E","B"],"character_chosen":"IRONCLAD","items_purchased":["Toolbox","reliquary:SilkGlove","Feel No Pain","DuplicationPotion"],"campfire_rested":0,"item_purchase_floors":[20,36,53,53],"current_hp_per_floor":[72,72,72,63,63,63,28,25,25,25,25,25,24,19,19,43,71,68,68,68,68,51,51,54,54,54,54,54,54,41,41,41,48,72,80,80,75,80,80,80,61,61,61,43,43,32,32,65,65,60,75,75,75,33,0,0],"gold":50,"neow_bonus":"BOSS_RELIC","is_daily":false,"chose_seed":false,"campfire_upgraded":12,"win_rate":0.0,"timestamp":1611716533,"path_taken":["M","?","?","M","M","R","E","?","T","R","?","R","M","E","R","BOSS","M","M","$","?","M","R","E","R","T","?","E","?","E","M","R","BOSS","M","$","M","?","?","R","M","R","T","?","R","NM","R","E","R","BOSS","R","$","E","BOSS"],"items_purchased_type":["Relic","Relic","Card","Potion"],"build_version":"2020-12-22","purchased_purges":4,"victory":false,"max_hp_per_floor":[80,80,80,80,80,80,80,80,80,80,80,80,80,80,80,80,80,80,80,80,80,80,80,80,80,80,80,80,80,80,80,80,80,80,80,80,80,80,80,80,80,80,80,80,80,80,80,80,80,80,80,80,80,80,80,80],"relic_stats":{"counters":[25,100],"Gambling Chip":[72],"Pantograph":90,"Art of War":[8],"Whetstone":["Strike_R","Reaper"],"Boot":[1],"obtain_stats":[{"reliquary:SilkGlove":36,"HollowMod:LifeEnderRelic":54,"Velvet Choker":34,"Oddly Smooth Stone":48,"infinitespire:CheckeredPen":26,"Whetstone":46,"reliquary:RosewoodLute":28,"Boot":24,"Burning Blood":0,"Mercury Hourglass":9,"infinitespire:Bottled Soul":30,"Gambling Chip":2,"Pantograph":14,"MutagenicStrength":21,"infinitespire:Satchel":8,"Toolbox":20,"Mark of Pain":0,"Art of War":7,"infinitespire:Burning Sword":17},{"reliquary:SilkGlove":16,"HollowMod:LifeEnderRelic":24,"Velvet Choker":15,"Oddly Smooth Stone":22,"infinitespire:CheckeredPen":11,"Whetstone":21,"reliquary:RosewoodLute":12,"Boot":11,"Burning Blood":0,"Mercury Hourglass":4,"infinitespire:Bottled Soul":13,"Gambling Chip":1,"Pantograph":6,"MutagenicStrength":9,"infinitespire:Satchel":4,"Toolbox":9,"Mark of Pain":0,"Art of War":4,"infinitespire:Burning Sword":7},{"reliquary:SilkGlove":54,"HollowMod:LifeEnderRelic":97,"Velvet Choker":52,"Oddly Smooth Stone":81,"infinitespire:CheckeredPen":39,"Whetstone":77,"reliquary:RosewoodLute":41,"Boot":39,"Burning Blood":0,"Mercury Hourglass":15,"infinitespire:Bottled Soul":44,"Gambling Chip":3,"Pantograph":21,"MutagenicStrength":33,"infinitespire:Satchel":15,"Toolbox":33,"Mark of Pain":0,"Art of War":15,"infinitespire:Burning Sword":28}],"Mercury Hourglass":[326]},"card_choices":[{"not_picked":["Shrug It Off","Cleave"],"picked":"Disarm","floor":1},{"not_picked":["Havoc","Shockwave"],"picked":"True Grit","floor":4},{"not_picked":["Warcry","Berserk"],"picked":"Wild Strike","floor":5},{"not_picked":["Headbutt","Iron Wave"],"picked":"Fire Breathing","floor":7},{"not_picked":["Heavy Blade","Body Slam","Warcry"],"picked":"SKIP","floor":13},{"not_picked":["Body Slam","Hemokinesis"],"picked":"Shrug It Off","floor":14},{"not_picked":["Bludgeon","Double Tap"],"picked":"Fiend Fire","floor":16},{"not_picked":["Second Wind","Iron Wave","Sword Boomerang"],"picked":"SKIP","floor":18},{"not_picked":["Iron Wave","Havoc"],"picked":"Uppercut+1","floor":19},{"not_picked":["Blood for Blood","Searing Blow","Iron Wave"],"picked":"SKIP","floor":22},{"not_picked":["Clash+1","Headbutt","Sword Boomerang"],"picked":"SKIP","floor":24},{"not_picked":["Uppercut","Sword Boomerang"],"picked":"Spot Weakness","floor":28},{"not_picked":["Thunderclap","Clothesline"],"picked":"Corruption","floor":30},{"not_picked":["Pommel Strike","Cleave","Bloodletting"],"picked":"SKIP","floor":31},{"not_picked":["Feed","Corruption"],"picked":"Reaper","floor":33},{"not_picked":["Havoc","Wild Strike+1","Reckless Charge+1"],"picked":"SKIP","floor":35},{"not_picked":["Clothesline+1","Iron Wave+1","Pommel Strike"],"picked":"SKIP","floor":37},{"not_picked":["Twin Strike","Clothesline"],"picked":"Rampage+1","floor":38},{"not_picked":["Warcry","Impervious"],"picked":"Pommel Strike+1","floor":41},{"not_picked":["Body Slam+1","Warcry"],"picked":"Feel No Pain","floor":44},{"not_picked":["infinitespire:Menacing","infinitespire:DeathsTouch"],"picked":"infinitespire:Execution","floor":46},{"not_picked":["Carnage","Fire Breathing+1"],"picked":"Evolve+1","floor":46},{"not_picked":["Body Slam+1","infinitespire:OneForAll"],"picked":"Headbutt+1","floor":48},{"not_picked":["Iron Wave","Sword Boomerang+1"],"picked":"Shrug It Off","floor":54}],"player_experience":773519,"relics_obtained":[{"floor":2,"key":"Gambling Chip"},{"floor":7,"key":"Art of War"},{"floor":9,"key":"Mercury Hourglass"},{"floor":14,"key":"Pantograph"},{"floor":24,"key":"Boot"},{"floor":26,"key":"infinitespire:CheckeredPen"},{"floor":28,"key":"reliquary:RosewoodLute"},{"floor":30,"key":"infinitespire:Bottled Soul"},{"floor":46,"key":"Whetstone"},{"floor":48,"key":"Oddly Smooth Stone"},{"floor":54,"key":"HollowMod:LifeEnderRelic"}],"event_choices":[{"damage_healed":0,"gold_gain":0,"player_choice":"Grow","damage_taken":0,"max_hp_gain":0,"max_hp_loss":0,"event_name":"Living Wall","floor":3,"gold_loss":0,"cards_upgraded":["Bash"]},{"damage_healed":0,"gold_gain":0,"player_choice":"Relic ","damage_taken":3,"max_hp_gain":0,"max_hp_loss":0,"event_name":"betterThird:BetterScrap","floor":8,"gold_loss":0,"cards_obtained":["FearNoEvil"]},{"damage_healed":0,"gold_gain":0,"player_choice":"Inject Mutagens","damage_taken":0,"relics_obtained":["MutagenicStrength"],"max_hp_gain":0,"max_hp_loss":0,"event_name":"Drug Dealer","floor":21,"gold_loss":0},{"damage_healed":0,"gold_gain":99,"player_choice":"Steal","damage_taken":0,"max_hp_gain":0,"max_hp_loss":0,"event_name":"betterThird:BetterNest","floor":27,"gold_loss":0},{"damage_healed":0,"gold_gain":100,"player_choice":"Pray","damage_taken":0,"max_hp_gain":0,"max_hp_loss":0,"event_name":"Golden Shrine","floor":29,"gold_loss":0},{"damage_healed":0,"gold_gain":0,"player_choice":"Copied","damage_taken":0,"max_hp_gain":0,"max_hp_loss":0,"event_name":"Duplicator","floor":39,"gold_loss":0,"cards_obtained":["Disarm"]}],"is_beta":false,"boss_relics":[{"not_picked":["Cursed Key","reliquary:WritOfMandamus"],"picked":"infinitespire:Burning Sword"},{"not_picked":["Black Star","Pandora\u0027s Box"],"picked":"Velvet Choker"}],"items_purged_floors":[11,20,36,53],"is_endless":false,"potions_floor_spawned":[5,7,14,16,18,19,28,37,38,44,48],"killed_by":"The Heart","ascension_level":9}}