{"host":"au11756vq5igonuc","time":1611774435,"event":{"mods":["BaseMod","Bestiary","BetterRewards","CapriCore","Colored Map","Colored Powertips","Dark Map","Downfall","Energized Spire","Halation","Highlight Path","Hubris","Infinite Spire","KinomotoSakuraMod(????)","Koishi","Marisa????????","Minty Spire (QoL Compilation)","Onozuka Komachi Mod","Railgun Mod","Reimu??????","Remilia??????","Replay The Spire","Shop Mod","StSLib","The Administrix","The Animator","The Construct","The Cursed","The Disciple","The Immortal","The Mystic","The Runesmith","The Senshi","The Servant 0.9.4","TheBandit","TheVelvet","Yakumo Yukari mod"],"gold_per_floor":[114,134,134,151,151,151,164,164,164],"floor_reached":8,"language":"ENG","playtime":566,"items_purged":[],"score":48,"play_id":"2053c1b9-a757-4e4c-bc65-a4d2ef622ea4","local_time":"20210127140715","is_ascension_mode":false,"campfire_choices":[],"circlet_count":0,"master_deck":["hadesmod:Strike","hadesmod:Strike","hadesmod:Strike","hadesmod:SwapStrike","hadesmod:Defend","hadesmod:Defend","hadesmod:Defend","hadesmod:Defend","hadesmod:Dash","hadesmod:RuyiJinguBang","hadesmod:ArrayBlast","hadesmod:CameraSmack","hadesmod:SelfieForm","hadesmod:Slide"],"relics":["hadesmod:WeaponCharger","NeowsBlessing","hubris:Towel"],"acts_visited":["Exordium"],"potions_floor_usage":[],"damage_taken":[{"damage":0,"enemies":"2 Louse","floor":1,"turns":1},{"damage":0,"enemies":"Jaw Worm","floor":2,"turns":1},{"damage":0,"enemies":"Cultist","floor":4,"turns":1},{"damage":7,"enemies":"Red Slaver","floor":7,"turns":3},{"damage":72,"enemies":"Gremlin Nob","floor":8,"turns":5}],"seed_played":"-425144271803676719","potions_obtained":[{"floor":2,"key":"ZuzhouPotion:ReiMu"},{"floor":7,"key":"Languid Potion"}],"is_trial":false,"path_per_floor":["M","M","?","M","PTL","PTL","M","E"],"character_chosen":"THE_HUNTRESS","items_purchased":[],"campfire_rested":0,"item_purchase_floors":[],"current_hp_per_floor":[60,60,60,60,60,60,53,0,0],"gold":164,"neow_bonus":"THREE_ENEMY_KILL","is_daily":false,"chose_seed":false,"campfire_upgraded":0,"win_rate":0.0,"timestamp":1611774435,"path_taken":["M","M","?","M","PTL","PTL","M","E"],"items_purchased_type":[],"build_version":"2020-12-22","purchased_purges":0,"victory":false,"max_hp_per_floor":[60,60,60,60,60,60,60,60,60],"card_choices":[{"not_picked":["hadesmod:SlotSlash","hadesmod:GlanceShot"],"picked":"hadesmod:ArrayBlast","floor":1},{"not_picked":["hadesmod:Flamesmash","hadesmod:Strikeshield"],"picked":"hadesmod:CameraSmack","floor":2},{"not_picked":["hadesmod:AlternateAnesidora","hadesmod:DigIn"],"picked":"hadesmod:SelfieForm","floor":4},{"not_picked":["hadesmod:SpookySplit","hadesmod:SlotSlash"],"picked":"hadesmod:Slide","floor":7}],"player_experience":212775,"relics_obtained":[],"event_choices":[],"is_beta":false,"boss_relics":[],"items_purged_floors":[],"is_endless":false,"potions_floor_spawned":[2,7],"killed_by":"Gremlin Nob","ascension_level":0}}