{"host":"0fmi5fguj5lvt8pf","time":1611707937,"event":{"mods":["BaseMod","Colored Map","Curses Come First","Downfall","Minty Spire (QoL Compilation)","Permanent Neow","StSLib"],"gold_per_floor":[99,119,219,219,238,264,264,714,714,733,767,767,767,767,786,883,883,883,894,913,913,929,929,952,1052,1052,1052,926,957,1057,777,797,893,893,893,905,905,924,924,924,924,944,961,961,341,370,70,90,101,101,101,127,2,2,2,2,2,2],"floor_reached":56,"language":"ENG","playtime":4311,"items_purged":["downfall:Icky","downfall:Icky","downfall:Icky","downfall:Icky"],"score":753,"play_id":"52c26447-d109-4640-901d-2e61e2e96abf","local_time":"20210126163857","is_ascension_mode":false,"campfire_choices":[{"data":"bronze:Goto","floor":1.0,"key":"SMITH"},{"data":"bronze:HardenedForm","floor":9.0,"key":"SMITH"},{"floor":13.0,"key":"REST"},{"data":"bronze:Assembly","floor":18.0,"key":"SMITH"},{"floor":27.0,"key":"REST"},{"floor":35,"key":"RECALL"},{"data":"bronze:DonuBeam","floor":40,"key":"SMITH"},{"data":"bronze:Optimize","floor":44,"key":"SMITH"},{"data":"bronze:Verify","floor":47,"key":"SMITH"},{"data":"bronze:Refactor","floor":54,"key":"SMITH"}],"circlet_count":0,"master_deck":["bronze:Strike","bronze:Strike","bronze:Strike","bronze:Strike","bronze:Defend","bronze:Defend","bronze:Defend","bronze:Replicate","bronze:Goto+1","bronze:Iterate","bronze:HardenedForm+1","bronze:BuggyMess","bronze:ForLoop","bronze:InfiniteBeams","bronze:Assembly+1","bronze:Optimize+1","bronze:Constructor","bronze:Philosophize","bronze:BronzeOrb","bronze:DonuBeam+1","bronze:ChildClass","bronze:Verify+1","bronze:ClassDefault+1","bronze:Repulsor","bronze:Format","bronze:ChildClass","bronze:BugBarrage+1","bronze:Refactor+1"],"relics":["bronze:PlatinumCore","PreservedInsect","downfall:ShatteredFragment","Meat on the Bone","Guardian:PocketSentry","Blood Vial","Toy Ornithopter","Singing Bowl","bronze:Timepiece","MutagenicStrength","Bag of Preparation","bronze:MakeshiftBattery","bronze:BottledCode","Bag of Marbles","hexamod:CandleOfCauterizing","Ice Cream","downfall:HeartBlessingRed","downfall:HeartBlessingGreen","downfall:HeartBlessingBlue","Bottled Tornado"],"acts_visited":["Exordium","TheCity","TheBeyond","TheEnding"],"potions_floor_usage":[46,50,52],"damage_taken":[{"damage":2.0,"enemies":"2 Louse","floor":2.0,"turns":2.0},{"damage":8.0,"enemies":"Small Slimes","floor":5.0,"turns":2.0},{"damage":8.0,"enemies":"Lagavulin","floor":6.0,"turns":4.0},{"damage":2.0,"enemies":"Cultist","floor":10.0,"turns":4.0},{"damage":22.0,"enemies":"3 Sentries","floor":11.0,"turns":6.0},{"damage":8.0,"enemies":"Red Slaver","floor":15.0,"turns":4.0},{"damage":32.0,"enemies":"SI_SHIV_ARCHETYPE","floor":16.0,"turns":8.0},{"damage":5.0,"enemies":"3 Byrds","floor":19.0,"turns":5.0},{"damage":13.0,"enemies":"Shell Parasite","floor":20.0,"turns":5.0},{"damage":3.0,"enemies":"Cultist and Chosen","floor":22.0,"turns":6.0},{"damage":10.0,"enemies":"Cultist and Chosen","floor":25.0,"turns":6.0},{"damage":0.0,"enemies":"downfall:FleeingMerchant","floor":28.0,"turns":4.0},{"damage":35.0,"enemies":"Gremlin Leader","floor":29.0,"turns":5.0},{"damage":9,"enemies":"downfall:Augmenter","floor":30,"turns":3},{"damage":0,"enemies":"Centurion and Healer","floor":32,"turns":3},{"damage":16,"enemies":"WA_ARCHETYPE_CALM","floor":33,"turns":8},{"damage":0,"enemies":"3 Darklings","floor":36,"turns":3},{"damage":4,"enemies":"3 Shapes","floor":38,"turns":3},{"damage":6,"enemies":"Writhing Mass","floor":42,"turns":2},{"damage":10,"enemies":"4 Shapes","floor":43,"turns":4},{"damage":0,"enemies":"Reptomancer","floor":46,"turns":2},{"damage":0,"enemies":"Sphere and 2 Shapes","floor":48,"turns":2},{"damage":0,"enemies":"Transient","floor":49,"turns":5},{"damage":52,"enemies":"DF_ARCHETYPE_ORBS","floor":50,"turns":5},{"damage":5,"enemies":"downfall:CharBossMerchant","floor":52,"turns":6},{"damage":1,"enemies":"downfall:NeowBoss","floor":55,"turns":10},{"damage":94,"enemies":"downfall:NeowBossFinal","floor":56,"turns":5}],"seed_played":"40477386831094402","potions_obtained":[{"floor":5.0,"key":"PowerPotion"},{"floor":11.0,"key":"Strength Potion"},{"floor":15.0,"key":"Dexterity Potion"},{"floor":16.0,"key":"Dexterity Potion"},{"floor":19.0,"key":"LiquidMemories"},{"floor":29.0,"key":"PowerPotion"},{"floor":46,"key":"hexamod:SoulburnPotion"}],"is_trial":false,"path_per_floor":["R","M","?","?","M","E","T","?","R","M","E","?","R","?","M","B",null,"R","M","M","?","M","?","T","?","?","R","$","E","?","$","M","B",null,"R","M","?","M","?","R","T","M","M","R","$","E","R","M","M","B",null,"E","$","R","B","B"],"character_chosen":"THE_AUTOMATON","items_purchased":["Singing Bowl","Bag of Preparation","hexamod:CandleOfCauterizing","bronze:Repulsor","bronze:Format","bronze:Refactor","hexamod:SoulburnPotion"],"campfire_rested":2,"item_purchase_floors":[28,31,45,45,45,53,53],"current_hp_per_floor":[70,68,68,47,39,31,31,31,31,41,31,31,52,49,43,35,70,70,65,54,54,53,53,53,45,45,66,68,47,44,44,48,46,76,76,78,68,66,66,66,66,64,56,56,56,63,73,77,79,44,84,86,86,86,85,0,0,0],"gold":2,"neow_bonus":"RANDOM_COMMON_RELIC","is_daily":false,"chose_seed":false,"campfire_upgraded":7,"win_rate":0.0,"timestamp":1611707937,"path_taken":["R","M","?","?","M","E","T","?","R","M","E","?","R","?","M","BOSS","R","M","M","?","M","?","T","?","?","R","$","E","?","$","M","BOSS","R","M","?","M","?","R","T","M","M","R","$","E","R","M","M","BOSS","E","$","R","BOSS","BOSS"],"items_purchased_type":["Relic","Relic","Relic","Card","Card","Card","Potion"],"build_version":"2020-12-22","purchased_purges":4,"victory":false,"max_hp_per_floor":[70,70,70,70,70,70,70,70,70,70,70,70,70,70,70,70,70,70,70,70,70,70,70,70,70,70,70,70,70,74,74,76,76,76,76,78,68,70,70,70,70,72,72,72,72,72,82,84,84,84,84,86,86,86,86,86,86,86],"card_choices":[{"not_picked":["bronze:Frontload","bronze:Overheat"],"picked":"bronze:Iterate","floor":2.0},{"not_picked":["bronze:Boost","bronze:BitShift","bronze:Deprecate"],"picked":"SKIP","floor":5.0},{"not_picked":["bronze:CutThrough","bronze:Deprecate"],"picked":"bronze:HardenedForm","floor":6.0},{"not_picked":["bronze:WhirlingStrike","bronze:BugBarrage"],"picked":"bronze:BuggyMess","floor":10.0},{"not_picked":["bronze:Deprecate","bronze:Boost"],"picked":"bronze:ForLoop","floor":11.0},{"not_picked":["bronze:Separator","bronze:Overheat"],"picked":"bronze:InfiniteBeams","floor":15.0},{"not_picked":["bronze:HyperBeam","bronze:Hardcode"],"picked":"bronze:Assembly","floor":16.0},{"not_picked":["bronze:FineTuning","bronze:Overheat"],"picked":"bronze:Optimize","floor":19.0},{"not_picked":["bronze:Boost","bronze:Separator"],"picked":"bronze:Constructor","floor":20.0},{"not_picked":["bronze:ClassDefault","bronze:Invalidate+1"],"picked":"bronze:BronzeOrb","floor":22.0},{"not_picked":[],"picked":"bronze:DonuBeam","floor":25.0},{"not_picked":["bronze:WhirlingStrike+1","bronze:Frontload","bronze:Backtrace"],"picked":"SKIP","floor":28.0},{"not_picked":["bronze:WhirlingStrike","bronze:Separator"],"picked":"bronze:ChildClass","floor":29.0},{"not_picked":["J.A.X."],"picked":"Singing Bowl","floor":30},{"not_picked":["bronze:FineTuning+1","bronze:WhirlingStrike","bronze:BugBarrage+1"],"picked":"Singing Bowl","floor":30},{"not_picked":["bronze:Allocate","bronze:Branch","bronze:DelayedGuard"],"picked":"Singing Bowl","floor":32},{"not_picked":["bronze:AlphaBuild","bronze:ThunderWave"],"picked":"bronze:Verify","floor":33},{"not_picked":["bronze:Backtrace+1","bronze:Frontload","bronze:Shield+1"],"picked":"Singing Bowl","floor":36},{"not_picked":["bronze:FineTuning+1","bronze:MaxOutput","bronze:Constructor+1"],"picked":"Singing Bowl","floor":38},{"not_picked":["bronze:BuggyMess+1","bronze:Branch+1","bronze:OilSpill+1"],"picked":"Singing Bowl","floor":42},{"not_picked":["bronze:CutThrough+1","bronze:Allocate+1"],"picked":"bronze:ClassDefault+1","floor":43},{"not_picked":["bronze:WhirlingStrike+1","bronze:BugBarrage+1"],"picked":"bronze:ChildClass","floor":46},{"not_picked":["bronze:Constructor+1","bronze:Deprecate","bronze:Branch"],"picked":"Singing Bowl","floor":48},{"not_picked":["bronze:Refactor","bronze:DigitalCarnage"],"picked":"bronze:BugBarrage+1","floor":49},{"not_picked":["bronze:Turbo","bronze:FineTuning","bronze:Iterate"],"picked":"Singing Bowl","floor":52}],"player_experience":1411977,"relics_obtained":[{"floor":6.0,"key":"Meat on the Bone"},{"floor":7.0,"key":"Guardian:PocketSentry"},{"floor":11.0,"key":"Blood Vial"},{"floor":29.0,"key":"bronze:Timepiece"},{"floor":30,"key":"MutagenicStrength"},{"floor":41,"key":"Bag of Marbles"},{"floor":46,"key":"Ice Cream"},{"floor":52,"key":"Bottled Tornado"}],"event_choices":[{"damage_healed":0.0,"max_hp_gain":0.0,"max_hp_loss":0.0,"gold_gain":0.0,"event_name":"Scrap Ooze","player_choice":"Success","floor":14.0,"gold_loss":0.0,"damage_taken":3.0,"relics_obtained":["Toy Ornithopter"]},{"damage_healed":0.0,"max_hp_gain":0.0,"max_hp_loss":0.0,"gold_gain":0.0,"event_name":"The Library","player_choice":"Read","floor":21.0,"gold_loss":0.0,"damage_taken":0.0,"cards_obtained":["bronze:Philosophize"]},{"cards_removed":["bronze:Defend"],"damage_healed":0,"gold_gain":0,"player_choice":"Removed Skill","damage_taken":0,"max_hp_gain":0,"max_hp_loss":0,"event_name":"Falling","floor":39,"gold_loss":0}],"is_beta":false,"boss_relics":[{"not_picked":["Busted Crown","Pandora\u0027s Box"],"picked":"bronze:PlatinumCore"},{"not_picked":["Astrolabe","Sozu"],"picked":"bronze:MakeshiftBattery"}],"items_purged_floors":[28,28,31,45],"is_endless":false,"potions_floor_spawned":[5,11,15,16,19,29,30,33,42,46,48,49],"killed_by":"downfall:NeowBossFinal","ascension_level":0}}