{"host":"farxtl2u8hmkbdo2","time":1611758355,"event":{"mods":["A Magickal Journey","BaseMod","Better Altar","Better Note","Better Sensory Stone","Better Skull","Better Third Choice","Challenge The Spire","Colored Map","Colored Powertips","Current Relic Mod","Energized Spire","Fox Events","Gremlin Mod","Hermit","Hubris","Mimic Mod","Minty Spire (QoL Compilation)","Quick Restart","READ ME - Guardian Mod","READ ME - Snecko Mod","Rare Cards Sparkle","StSLib","The Bladedancer","The Bug Knight","The Cursed","The Disciple","The Elementalist","The Hierophant","The Marked","The Necromancer","The Runesmith","Transform Curses"],"gold_per_floor":[360,360,360,403,456,456,496,496,574,620,687,687,703,653,653,631,631],"floor_reached":16,"language":"SPA","playtime":1365,"items_purged":[],"score":133,"play_id":"5e157303-faee-4175-873e-d2e431b3ffdb","local_time":"20210127113915","is_ascension_mode":false,"campfire_choices":[{"data":"hierophant:Dazzle","floor":6,"key":"SMITH"},{"data":"hierophant:ChurchCoffers","floor":8,"key":"SMITH"},{"data":"hierophant:Community","floor":12,"key":"SMITH"},{"data":"hierophant:Generosity","floor":15,"key":"SMITH"}],"circlet_count":0,"master_deck":["hierophant:Strike_Hierophant","hierophant:Strike_Hierophant","hierophant:Strike_Hierophant","hierophant:Strike_Hierophant","hierophant:Punish","hierophant:Defend_Hierophant","hierophant:Defend_Hierophant","hierophant:Defend_Hierophant","hierophant:Defend_Hierophant","hierophant:ChurchCoffers+1","hierophant:Doubloon","hierophant:Dazzle+1","hierophant:RustyCrate","hierophant:Doubloon","hierophant:Doubloon","hierophant:OrnateBuckler","hierophant:Doubloon","hierophant:Generosity+1","hierophant:OrnateBuckler","hierophant:Community+1","hierophant:ThreeLashes"],"relics":["hierophant:PropheticMaskRelic","Golden Idol","Orichalcum","Darkstone Periapt","InkBottle","Smiling Mask"],"acts_visited":["Exordium"],"potions_floor_usage":[7,10,10,13],"damage_taken":[{"damage":9,"enemies":"Cultist","floor":1,"turns":4},{"damage":3,"enemies":"2 Louse","floor":4,"turns":11},{"damage":0,"enemies":"2 Louse","floor":5,"turns":2},{"damage":13,"enemies":"3 Sentries","floor":7,"turns":10},{"damage":36,"enemies":"Lagavulin","floor":10,"turns":14},{"damage":0,"enemies":"Jaw Worm","floor":11,"turns":6},{"damage":5,"enemies":"Large Slime","floor":13,"turns":11},{"damage":29,"enemies":"Hexaghost","floor":16,"turns":13}],"seed_played":"5589982991354372899","potions_obtained":[{"floor":1,"key":"FearPotion"},{"floor":5,"key":"SkillPotion"},{"floor":7,"key":"ColorlessPotion"},{"floor":10,"key":"Regen Potion"}],"is_trial":false,"path_per_floor":["M","?","?","MIM","M","R","E","R","T","E","M","R","M","?","R","B"],"character_chosen":"HIEROPHANT","items_purchased":[],"campfire_rested":0,"item_purchase_floors":[],"current_hp_per_floor":[66,66,71,68,68,68,55,55,55,19,19,19,29,29,29,0,0],"gold":631,"neow_bonus":"TWO_FIFTY_GOLD","is_daily":false,"chose_seed":false,"campfire_upgraded":4,"win_rate":0.0,"timestamp":1611758355,"path_taken":["M","?","?","?","M","R","E","R","T","E","M","R","M","?","R","BOSS"],"items_purchased_type":[],"build_version":"2020-12-22","purchased_purges":0,"victory":false,"max_hp_per_floor":[75,69,74,74,74,74,74,74,74,74,74,74,74,74,74,74,74],"card_choices":[{"not_picked":["hierophant:PassingBell","hierophant:Mercenaries"],"picked":"hierophant:Dazzle","floor":1},{"not_picked":["hierophant:ConvertCurrency","hierophant:Exaltation"],"picked":"hierophant:RustyCrate","floor":4},{"not_picked":["hierophant:HammerAndAnvil","hierophant:Endure"],"picked":"hierophant:OrnateBuckler","floor":5},{"not_picked":["hierophant:FieryStrike","hierophant:AuricBeam"],"picked":"hierophant:Generosity","floor":7},{"not_picked":["hierophant:Empathy","hierophant:MirrorShield"],"picked":"hierophant:OrnateBuckler","floor":10},{"not_picked":["hierophant:Purify","hierophant:OrnateBuckler"],"picked":"hierophant:Community","floor":11},{"not_picked":["hierophant:Sermon","hierophant:Purify"],"picked":"hierophant:ThreeLashes","floor":13}],"player_experience":1903187,"relics_obtained":[{"floor":4,"key":"Orichalcum"},{"floor":7,"key":"Darkstone Periapt"},{"floor":9,"key":"InkBottle"},{"floor":10,"key":"Smiling Mask"}],"event_choices":[{"damage_healed":0,"gold_gain":0,"player_choice":"Lose Max HP","damage_taken":0,"relics_obtained":["Golden Idol"],"max_hp_gain":0,"max_hp_loss":6,"event_name":"Golden Idol","floor":2,"gold_loss":0},{"damage_healed":0,"gold_gain":0,"player_choice":"Donut","damage_taken":0,"max_hp_gain":5,"max_hp_loss":0,"event_name":"Big Fish","floor":3,"gold_loss":0},{"cards_removed":["Shame"],"damage_healed":0,"gold_gain":0,"player_choice":"Card Removal","damage_taken":0,"max_hp_gain":0,"max_hp_loss":0,"event_name":"The Cleric","floor":14,"gold_loss":50}],"is_beta":false,"boss_relics":[],"items_purged_floors":[],"is_endless":false,"potions_floor_spawned":[1,5,7,10],"killed_by":"Hexaghost","ascension_level":0}}