{"host":"8p5c6x4qt9411139","time":1611791203,"event":{"mods":["Aspiration","BaseMod","Infinite Spire","Minty Spire (QoL Compilation)","Replay The Spire","Shop Mod","StSLib","The Animator"],"gold_per_floor":[119,131,146,192,213,213,245,245,297,348,385,410,485,90,90,204,204,230,250,275,275,313,354,354,387,426,453,490,490,500,500,500,530,530,544,544],"floor_reached":35,"language":"ENG","playtime":2432,"items_purged":["Defend_R","Amnesia"],"score":353,"play_id":"0dbe4fe7-5766-4c99-b619-777f28d799bb","local_time":"20210127154643","is_ascension_mode":false,"campfire_choices":[{"data":"Midas Touch","floor":6.0,"key":"SMITH"},{"data":"ReplayTheSpireMod:Brewmster","floor":15.0,"key":"SMITH"},{"floor":24.0,"key":"REST"},{"data":"Feel No Pain","floor":29,"key":"SMITH"},{"data":"infinitespire:Menacing","floor":32,"key":"SMITH"}],"circlet_count":0,"master_deck":["Strike_R","Defend_R","Bash","Midas Touch+1","Armaments","Anger","Rage","Uppercut","ReplayTheSpireMod:Brewmster+1","Double Tap","Injury","infinitespire:Punishment","infinitespire:Menacing+1","Feel No Pain+1","Battle Trance+1","Flame Barrier"],"relics":["Burning Blood","Replay:Bandana","Bag of Preparation","Bottled Flame","Pet Ghost","Kintsugi","Boot","SacredBark","Bag of Marbles","Toy Ornithopter","Mirror","ReplayTheSpireMod:Lightbulb","Ancient Tea Set"],"acts_visited":["Exordium","TheCity"],"potions_floor_usage":[25,25,25,25,25,26,26,26,26,26,26,26,28,30,30,30,35,35,35],"damage_taken":[{"damage":1.0,"enemies":"Cultist","floor":1.0,"turns":3.0},{"damage":12.0,"enemies":"Small Slimes","floor":2.0,"turns":3.0},{"damage":11.0,"enemies":"Jaw Worm","floor":3.0,"turns":3.0},{"damage":8.0,"enemies":"Red Slaver","floor":5.0,"turns":4.0},{"damage":12.0,"enemies":"3 Louse","floor":7.0,"turns":4.0},{"damage":36.0,"enemies":"3 Sentries","floor":10.0,"turns":8.0},{"damage":9.0,"enemies":"2 Fungi Beasts","floor":11.0,"turns":3.0},{"damage":0.0,"enemies":"Lots of Slimes","floor":12.0,"turns":2.0},{"damage":0.0,"enemies":"Slime Boss","floor":16.0,"turns":26.0},{"damage":3.0,"enemies":"Spheric Guardian","floor":18.0,"turns":2.0},{"damage":14.0,"enemies":"Chosen","floor":19.0,"turns":5.0},{"damage":11.0,"enemies":"Shelled Parasite and Fungi","floor":22.0,"turns":3.0},{"damage":41.0,"enemies":"Replay:Snechameleon","floor":23.0,"turns":8.0},{"damage":15,"enemies":"Centurion and Healer","floor":25,"turns":6},{"damage":25,"enemies":"Nightmare","floor":26,"turns":10},{"damage":0,"enemies":"3 Cultists","floor":28,"turns":3},{"damage":3,"enemies":"Snake Plant","floor":30,"turns":5},{"damage":0,"enemies":"Sentry and Sphere","floor":33,"turns":2},{"damage":158,"enemies":"Automaton","floor":35,"turns":3}],"seed_played":"1700095332","potions_obtained":[{"floor":1.0,"key":"BloodPotion"},{"floor":2.0,"key":"Languid Potion"},{"floor":3.0,"key":"LiquidMemories"},{"floor":10.0,"key":"EssenceOfSteel"},{"floor":12.0,"key":"Languid Potion"},{"floor":18.0,"key":"DistilledChaos"},{"floor":25,"key":"LiquidMemories"},{"floor":26,"key":"Block Potion"}],"is_trial":false,"path_per_floor":["M","M","M","T","M","R","M","?","T","E","M","M","?","$","R","B",null,"M","M","T","AVR","M","E","R","M","NM","T","M","R","M","?","R","M","R","B"],"character_chosen":"IRONCLAD","items_purchased":["Pet Ghost","ReplayTheSpireMod:Brewmster"],"campfire_rested":1,"item_purchase_floors":[14,14],"current_hp_per_floor":[72,66,61,61,59,59,53,46,46,30,27,33,22,22,22,57,72,72,64,64,64,59,24,45,61,72,72,72,72,72,72,72,72,72,0,0],"gold":544,"neow_bonus":"RANDOM_COLORLESS_2","is_daily":false,"chose_seed":true,"campfire_upgraded":4,"win_rate":0.0,"timestamp":1611791203,"path_taken":["M","M","?","?","M","R","M","?","T","E","M","M","?","?","R","BOSS","M","M","?","AVR","M","E","R","M","NM","T","M","R","M","?","R","?","R","BOSS"],"items_purchased_type":["Relic","Card"],"build_version":"2020-12-22","purchased_purges":2,"victory":false,"max_hp_per_floor":[72,72,72,72,72,72,72,72,72,72,72,72,72,72,72,72,72,72,72,72,72,72,72,72,72,72,72,72,72,72,72,72,72,72,72,72],"card_choices":[{"not_picked":["ReplayTheSpireMod:Necrogeddon","Transmutation"],"picked":"Midas Touch","floor":0.0},{"not_picked":["Rampage","Twin Strike"],"picked":"Armaments","floor":1.0},{"not_picked":["Iron Wave","Clash"],"picked":"Anger","floor":2.0},{"not_picked":["Cleave","ReplayTheSpireMod:Strike From Hell"],"picked":"Rage","floor":3.0},{"not_picked":["Pommel Strike","ReplayTheSpireMod:Corrosion Curse","Anger"],"picked":"SKIP","floor":5.0},{"not_picked":["Iron Wave","Life Link"],"picked":"Blood for Blood","floor":7.0},{"not_picked":["Fire Breathing","Flex","ReplayReversal"],"picked":"SKIP","floor":10.0},{"not_picked":["Brutality","Searing Blow","Entrench"],"picked":"SKIP","floor":11.0},{"not_picked":["Headbutt","Sword Boomerang"],"picked":"Uppercut","floor":12.0},{"not_picked":["Feed","Demon Form"],"picked":"Double Tap","floor":16.0},{"not_picked":["Body Slam","Blood for Blood","Armaments"],"picked":"SKIP","floor":18.0},{"not_picked":["Warcry","ReplayTheSpireMod:Limb From Limb","Heavy Blade+1"],"picked":"SKIP","floor":19.0},{"not_picked":["Life Link","infinitespire:OneForAll","Defy Death+1"],"picked":"SKIP","floor":22.0},{"not_picked":["Perfected Strike","True Grit","Warcry"],"picked":"SKIP","floor":23.0},{"not_picked":["Warcry","Second Wind","Cleave"],"picked":"SKIP","floor":25},{"not_picked":["Iron Wave","Replay:Undeath\u0027s Touch"],"picked":"Feel No Pain","floor":26},{"not_picked":["Thunderclap","Twin Strike","Fire Breathing"],"picked":"SKIP","floor":28},{"not_picked":["Pommel Strike","Heavy Blade","Bloodletting+1"],"picked":"SKIP","floor":30},{"not_picked":["Rampage","Run Through"],"picked":"Battle Trance+1","floor":33}],"player_experience":397777,"relics_obtained":[{"floor":4.0,"key":"Replay:Bandana"},{"floor":9.0,"key":"Bag of Preparation"},{"floor":10.0,"key":"Bottled Flame"},{"floor":20.0,"key":"Boot"},{"floor":23.0,"key":"Toy Ornithopter"},{"floor":26,"key":"Mirror"},{"floor":27,"key":"ReplayTheSpireMod:Lightbulb"}],"event_choices":[{"cards_removed":["Defend_R"],"damage_healed":0.0,"max_hp_gain":0.0,"max_hp_loss":0.0,"gold_gain":0.0,"event_name":"Golden Wing","player_choice":"Card Removal","floor":8.0,"gold_loss":0.0,"damage_taken":7.0},{"damage_healed":0.0,"max_hp_gain":0.0,"max_hp_loss":0.0,"gold_gain":75.0,"event_name":"World of Goop","player_choice":"Gather Gold","floor":13.0,"gold_loss":0.0,"damage_taken":11.0}],"is_beta":false,"boss_relics":[{"not_picked":["aspiration:RitualDagger","aspiration:RunicSpoon"],"picked":"Kintsugi"}],"items_purged_floors":[14,21],"is_endless":true,"potions_floor_spawned":[1,2,3,10,12,18,25,26,30],"killed_by":"Automaton","ascension_level":0}}