{"host":"xp5rvh2jwe2ejyfm","time":1611707227,"event":{"mods":["Aspiration","BaseMod","BetterRewards","Colored Powertips","Conspire","Downfall","Duelist Mod","GifTheSpireLib","Gremlin Mod","Hermit","Hubris","Minty Spire (QoL Compilation)","Robot Space Explorer","StSLib","The Blackbeard","The Clintock","The Construct","The Cursed","The Disciple","The Forsaken","The Hierophant","The Necromancer","The Runesmith","The Servant 0.9.4"],"gold_per_floor":[111,130,144,160,175,204,204,219,290,306,306,306],"floor_reached":11,"language":"ENG","playtime":398,"items_purged":[],"score":79,"play_id":"8cdf46df-f18c-42d8-b6a2-e25d6a12c986","local_time":"20210126192707","is_ascension_mode":false,"campfire_choices":[{"floor":7,"key":"REST"}],"circlet_count":0,"master_deck":["TheCursedMod:Strike_TheCursed","TheCursedMod:Strike_TheCursed","TheCursedMod:Strike_TheCursed","TheCursedMod:Strike_TheCursed","TheCursedMod:Defend_TheCursed","TheCursedMod:Defend_TheCursed","TheCursedMod:Defend_TheCursed","TheCursedMod:Defend_TheCursed","TheCursedMod:CursedWand","TheCursedMod:CleanUpWorkshop","TheCursedMod:Dregs","TheCursedMod:CircleOfCorruption","TheCursedMod:HellfireBreathing","TheCursedMod:SmokeScreen","TheCursedMod:CircleOfWindfury","TheCursedMod:Stigma","TheCursedMod:CursedMace","TheCursedMod:CursedBoomerang","TheCursedMod:CursedBoomerang"],"relics":["TheCursedMod:BlackMagic101","NeowsBlessing","Vajra","hubris:TinFlute"],"acts_visited":["Exordium"],"potions_floor_usage":[6,10],"damage_taken":[{"damage":0,"enemies":"Cultist","floor":1,"turns":1},{"damage":0,"enemies":"2 Louse","floor":2,"turns":1},{"damage":0,"enemies":"Jaw Worm","floor":3,"turns":1},{"damage":7,"enemies":"Looter","floor":4,"turns":3},{"damage":0,"enemies":"Exordium Wildlife","floor":5,"turns":3},{"damage":31,"enemies":"Gremlin Nob","floor":6,"turns":5},{"damage":13,"enemies":"Lots of Slimes","floor":8,"turns":3},{"damage":17,"enemies":"Large Slime","floor":10,"turns":4},{"damage":39,"enemies":"3 Sentries","floor":11,"turns":6}],"seed_played":"6144490334319758786","potions_obtained":[{"floor":4,"key":"DuplicationPotion"},{"floor":8,"key":"Regen Potion"}],"is_trial":false,"path_per_floor":["M","M","M","M","M","E","R","M","T","M","E"],"character_chosen":"THE_CURSED","items_purchased":[],"campfire_rested":1,"item_purchase_floors":[],"current_hp_per_floor":[75,75,75,68,68,37,59,46,46,38,0,0],"gold":306,"neow_bonus":"THREE_ENEMY_KILL","is_daily":false,"chose_seed":false,"campfire_upgraded":0,"win_rate":0.0,"timestamp":1611707227,"path_taken":["M","M","M","M","M","E","R","M","T","M","E"],"items_purchased_type":[],"build_version":"2020-12-22","purchased_purges":0,"victory":false,"max_hp_per_floor":[75,75,75,75,75,75,75,75,75,75,75,75],"card_choices":[{"not_picked":["TheCursedMod:SmokeScreen","TheCursedMod:RapidMovement"],"picked":"TheCursedMod:CircleOfCorruption","floor":1},{"not_picked":["TheCursedMod:Wield","TheCursedMod:WearCloak"],"picked":"TheCursedMod:HellfireBreathing","floor":2},{"not_picked":["TheCursedMod:ForbiddenAlchemy","TheCursedMod:FleshFromBone"],"picked":"TheCursedMod:SmokeScreen","floor":3},{"not_picked":["TheCursedMod:CursedAmulet","TheCursedMod:SpreadPlague"],"picked":"TheCursedMod:CircleOfWindfury","floor":4},{"not_picked":["TheCursedMod:SmokeScreen","TheCursedMod:TacticalStrike"],"picked":"TheCursedMod:Stigma","floor":5},{"not_picked":["TheCursedMod:BlessingInDisguise","TheCursedMod:ManaBullet"],"picked":"TheCursedMod:CursedMace","floor":6},{"not_picked":["TheCursedMod:FuryStrike","TheCursedMod:Obscuration"],"picked":"TheCursedMod:CursedBoomerang","floor":8},{"not_picked":["TheCursedMod:EmpowerCircles","TheCursedMod:CircleOfAmplification"],"picked":"TheCursedMod:CursedBoomerang","floor":10}],"player_experience":360669,"relics_obtained":[{"floor":6,"key":"Vajra"},{"floor":9,"key":"hubris:TinFlute"}],"event_choices":[],"is_beta":false,"boss_relics":[],"items_purged_floors":[],"is_endless":false,"potions_floor_spawned":[4,8],"killed_by":"3 Sentries","ascension_level":0}}