{"host":"m1hsm1cztz438mir","time":1611715967,"event":{"mods":["2.2 Compatiblity","AchievementEnabler","Act Like it!","BaseMod","Colored Map","Curses Come First","Downfall","Minty Spire (QoL Compilation)","Relic Stats","Shop Mod","StSLib"],"gold_per_floor":[99,99,99,99,119,104,104,4,32,50,91,118,144,176,214,331,343,255,289,301,162,185,185,185,208,248,141,168,168,168,168],"floor_reached":29,"language":"ENG","playtime":2336,"items_purged":["hexamod:Strike","hexamod:Strike"],"score":255,"play_id":"4b1111ce-d656-42b1-bfa0-32c3a23deb09","local_time":"20210127025247","is_ascension_mode":false,"campfire_choices":[{"floor":1,"key":"RECALL"},{"data":"hexamod:FlamesFromBeyond","floor":8,"key":"SMITH"},{"data":"hexamod:ParanormalForm","floor":18,"key":"SMITH"}],"circlet_count":0,"master_deck":["hexamod:Strike","hexamod:Strike","hexamod:Defend","hexamod:Defend","hexamod:Defend","hexamod:Defend","hexamod:Sear","hexamod:Float","hexamod:FlamesFromBeyond+1","hexamod:GhostShield","hexamod:Hexaguard","hexamod:NightmareGuise","hexamod:SecondSeal","hexamod:FastForward","hexamod:ParanormalForm+1","hexamod:SpectersWail","hexamod:SuperheatedStrike","hexamod:SoulSteal","hexamod:Hexaguard","hexamod:VolcanoVisage","hexamod:PowerFromBeyond","RitualDagger","hexamod:ParanormalForm","hexamod:FirstSeal","hexamod:FlamesFromBeyond","J.A.X.","hexamod:GhostLash+1","hexamod:Firestarter","hexamod:FirstSeal"],"relics":["hexamod:SpiritBrand","downfall:HeartsMalice","Eternal Feather","downfall:HeartBlessingRed","Omamori","MawBank","Cursed Key","downfall:HeartBlessingGreen","Unceasing Top"],"acts_visited":["Exordium","TheCity"],"potions_floor_usage":[16,22,25,29,29,29],"damage_taken":[{"damage":0,"enemies":"Cultist","floor":2,"turns":1},{"damage":0,"enemies":"Jaw Worm","floor":3,"turns":1},{"damage":0,"enemies":"Small Slimes","floor":4,"turns":1},{"damage":3,"enemies":"Gremlin Gang","floor":5,"turns":3},{"damage":0,"enemies":"downfall:FleeingMerchant","floor":6,"turns":4},{"damage":0,"enemies":"Blue Slaver","floor":9,"turns":3},{"damage":0,"enemies":"Exordium Thugs","floor":10,"turns":4},{"damage":12,"enemies":"Gremlin Nob","floor":11,"turns":4},{"damage":0,"enemies":"3 Louse","floor":12,"turns":2},{"damage":8,"enemies":"3 Sentries","floor":13,"turns":6},{"damage":0,"enemies":"Blue Slaver","floor":14,"turns":3},{"damage":1,"enemies":"Large Slime","floor":15,"turns":4},{"damage":43,"enemies":"WA_ARCHETYPE_RETAIN","floor":16,"turns":8},{"damage":5,"enemies":"Shell Parasite","floor":19,"turns":7},{"damage":0,"enemies":"downfall:FleeingMerchant","floor":21,"turns":4},{"damage":9,"enemies":"Centurion and Healer","floor":22,"turns":5},{"damage":19,"enemies":"Snake Plant","floor":25,"turns":3},{"damage":29,"enemies":"Gremlin Leader","floor":26,"turns":6},{"damage":0,"enemies":"downfall:FleeingMerchant","floor":27,"turns":4},{"damage":9,"enemies":"Snecko","floor":28,"turns":5},{"damage":14,"enemies":"Slavers","floor":29,"turns":1}],"seed_played":"1706433699913361263","potions_obtained":[{"floor":5,"key":"Ancient Potion"},{"floor":9,"key":"PowerPotion"},{"floor":10,"key":"Swift Potion"},{"floor":13,"key":"Dexterity Potion"},{"floor":15,"key":"LiquidMemories"},{"floor":16,"key":"Swift Potion"},{"floor":22,"key":"ColorlessPotion"},{"floor":28,"key":"Strength Potion"}],"is_trial":false,"path_per_floor":["R","M","M","M","M","$","T","R","M","M","E","M","E","M","M","B",null,"R","M","?","$","M","?","T","M","E","$","M","E"],"character_chosen":"THE_SPIRIT","items_purchased":["hexamod:FirstSeal"],"campfire_rested":0,"item_purchase_floors":[21],"current_hp_per_floor":[70,70,70,70,67,67,67,70,70,70,58,58,50,50,49,6,70,70,65,59,59,57,57,57,38,16,16,14,0,0,0],"gold":168,"neow_bonus":"THREE_ENEMY_KILL","is_daily":false,"chose_seed":false,"campfire_upgraded":2,"win_rate":0.0,"timestamp":1611715967,"path_taken":["R","M","M","M","M","$","T","R","M","M","E","?","E","M","M","BOSS","R","M","?","$","M","?","T","M","E","$","M","E"],"items_purchased_type":["Card"],"build_version":"2020-12-22","purchased_purges":2,"victory":false,"max_hp_per_floor":[70,70,70,70,70,70,70,70,70,70,70,70,70,70,70,70,70,70,70,70,70,70,70,70,70,70,70,70,70,70,70],"relic_stats":{"counters":[21,76],"Eternal Feather":3,"MawBank":96,"Cursed Key":1,"obtain_stats":[{"downfall:HeartBlessingRed":8,"downfall:HeartsMalice":0,"Eternal Feather":7,"downfall:HeartBlessingGreen":18,"Omamori":11,"MawBank":13,"Cursed Key":17,"hexamod:SpiritBrand":0,"Unceasing Top":26},{"downfall:HeartBlessingRed":5,"downfall:HeartsMalice":0,"Eternal Feather":5,"downfall:HeartBlessingGreen":13,"Omamori":8,"MawBank":10,"Cursed Key":13,"hexamod:SpiritBrand":0,"Unceasing Top":18},{"downfall:HeartBlessingRed":7,"downfall:HeartsMalice":0,"Eternal Feather":7,"downfall:HeartBlessingGreen":41,"Omamori":18,"MawBank":26,"Cursed Key":41,"hexamod:SpiritBrand":0,"Unceasing Top":66}],"Unceasing Top":[0]},"card_choices":[{"not_picked":["hexamod:InspiringFlames","hexamod:ThermalTransfer"],"picked":"hexamod:FlamesFromBeyond","floor":2},{"not_picked":["hexamod:SwordOfDarkness","hexamod:SuperheatedStrike"],"picked":"hexamod:GhostShield","floor":3},{"not_picked":["hexamod:SpectralAdrenaline","hexamod:Again"],"picked":"hexamod:Hexaguard","floor":4},{"not_picked":["hexamod:InspiringFlames","hexamod:SecondSeal"],"picked":"hexamod:NightmareGuise","floor":5},{"not_picked":["hexamod:SwordOfDarkness","hexamod:BacktrackSmack"],"picked":"hexamod:SecondSeal","floor":6},{"not_picked":["hexamod:BurningTouch","hexamod:ThermalTransfer"],"picked":"hexamod:FastForward","floor":9},{"not_picked":["hexamod:NightmareGuise","hexamod:GhostLash"],"picked":"hexamod:ParanormalForm","floor":10},{"not_picked":["hexamod:ThermalTransfer","hexamod:Firestarter"],"picked":"hexamod:SpectersWail","floor":11},{"not_picked":["hexamod:SpectersWail","hexamod:AdvancingGuard"],"picked":"hexamod:SuperheatedStrike","floor":12},{"not_picked":["hexamod:NightmareGuise","hexamod:SpectersWail"],"picked":"hexamod:SoulSteal","floor":13},{"not_picked":["hexamod:SwordOfDarkness","hexamod:GhostLash"],"picked":"hexamod:Hexaguard","floor":14},{"not_picked":["hexamod:ShieldOfDarkness","hexamod:TurnItUp","hexamod:PhantomFireball"],"picked":"SKIP","floor":15},{"not_picked":["hexamod:TimeOfNeed","hexamod:ParanormalForm"],"picked":"hexamod:VolcanoVisage","floor":16},{"not_picked":["hexamod:AdvancingGuard","hexamod:RainOfEmbers"],"picked":"hexamod:PowerFromBeyond","floor":19},{"not_picked":["hexamod:NightmareGuise","hexamod:AdvancingGuard"],"picked":"hexamod:ParanormalForm","floor":21},{"not_picked":["hexamod:SoulSteal","hexamod:SpectersWail+1"],"picked":"hexamod:FlamesFromBeyond","floor":22},{"not_picked":["hexamod:Hexaguard","hexamod:HeatCrush"],"picked":"hexamod:GhostLash+1","floor":25},{"not_picked":["hexamod:AdvancingGuard","hexamod:BacktrackSmack"],"picked":"hexamod:Firestarter","floor":26},{"not_picked":["hexamod:SkipABeat+1","hexamod:ShieldOfDarkness+1","hexamod:HauntingEcho"],"picked":"SKIP","floor":27},{"not_picked":["hexamod:ThermalTransfer+1","hexamod:GhostflameInferno"],"picked":"hexamod:FirstSeal","floor":28}],"player_experience":416453,"relics_obtained":[{"floor":7,"key":"Eternal Feather"},{"floor":11,"key":"Omamori"},{"floor":13,"key":"MawBank"},{"floor":26,"key":"Unceasing Top"}],"event_choices":[{"damage_healed":0,"gold_gain":0,"player_choice":"Obtain J.A.X.","damage_taken":0,"max_hp_gain":0,"max_hp_loss":0,"event_name":"Drug Dealer","floor":23,"gold_loss":0,"cards_obtained":["J.A.X."]}],"is_beta":false,"boss_relics":[{"not_picked":["Astrolabe","bronze:MakeshiftBattery"],"picked":"Cursed Key"}],"items_purged_floors":[21,27],"is_endless":false,"potions_floor_spawned":[5,9,10,13,15,16,22,28],"killed_by":"Slavers","ascension_level":0}}