{"host":"pigfart","time":1611722115,"event":{"mods":["BaseMod","Colored Map","Minty Spire (QoL Compilation)","Relic Stats","StSLib"],"gold_per_floor":[114,114,124,124,199,199,238,263,263,296,56,97,117,161,161,251,251,270,6,21,21,21,21,54,54,122,136,180,16,16,342,342,342,342],"floor_reached":33,"language":"ENG","playtime":1205,"items_purged":["Strike_G","Strike_G"],"score":758,"play_id":"3263f255-4d88-4ace-9767-10cdffd749d1","local_time":"20210126223515","is_ascension_mode":true,"campfire_choices":[{"data":"Footwork","floor":6,"key":"SMITH"},{"data":"Terror","floor":15,"key":"SMITH"},{"data":"A Thousand Cuts","floor":23,"key":"SMITH"},{"floor":25,"key":"REST"},{"data":"Finisher","floor":32,"key":"SMITH"}],"circlet_count":0,"master_deck":["AscendersBane","Strike_G","Strike_G","Strike_G","Defend_G","Defend_G","Defend_G","Defend_G","Defend_G","Survivor","Neutralize","Cloak And Dagger+1","Footwork+1","Backstab","Dagger Spray","Blade Dance","Terror+1","Finisher+1","A Thousand Cuts+1","Leg Sweep","Malaise","Cloak And Dagger","Blade Dance","Acrobatics+1","Blur","Reflex+1","Escape Plan"],"relics":["Ring of the Snake","NeowsBlessing","Bloody Idol","Boot","Question Card","WingedGreaves","Chemical X","Bag of Marbles","Mango","HoveringKite","Regal Pillow","Molten Egg 2","Tough Bandages","Membership Card","Old Coin"],"acts_visited":["Exordium","TheCity"],"potions_floor_usage":[16,28],"damage_taken":[{"damage":0,"enemies":"Small Slimes","floor":1,"turns":1},{"damage":0,"enemies":"2 Louse","floor":3,"turns":1},{"damage":0,"enemies":"3 Sentries","floor":7,"turns":1},{"damage":4,"enemies":"Jaw Worm","floor":8,"turns":4},{"damage":4,"enemies":"Lagavulin","floor":10,"turns":8},{"damage":6,"enemies":"3 Sentries","floor":12,"turns":7},{"damage":0,"enemies":"Lots of Slimes","floor":13,"turns":1},{"damage":15,"enemies":"Lagavulin","floor":14,"turns":5},{"damage":16,"enemies":"The Guardian","floor":16,"turns":15},{"damage":8,"enemies":"Shell Parasite","floor":18,"turns":5},{"damage":3,"enemies":"2 Thieves","floor":20,"turns":4},{"damage":20,"enemies":"Book of Stabbing","floor":24,"turns":7},{"damage":20,"enemies":"Shelled Parasite and Fungi","floor":27,"turns":6},{"damage":0,"enemies":"Gremlin Leader","floor":28,"turns":5},{"damage":9,"enemies":"Book of Stabbing","floor":31,"turns":7},{"damage":85,"enemies":"Champ","floor":33,"turns":15}],"seed_played":"-2755692096555734901","potions_obtained":[{"floor":3,"key":"Weak Potion"},{"floor":8,"key":"FairyPotion"},{"floor":18,"key":"Explosive Potion"},{"floor":22,"key":"Dexterity Potion"}],"is_trial":false,"path_per_floor":["M","?","M","?","?","R","E","M","T","E","$","E","M","E","R","B",null,"M","$","M","?","?","R","E","R","T","M","E","$","?","E","R","B"],"character_chosen":"THE_SILENT","items_purchased":["Chemical X","Malaise","Membership Card"],"campfire_rested":1,"item_purchase_floors":[11,19,29],"current_hp_per_floor":[59,59,59,59,48,48,48,44,44,40,40,34,34,33,33,17,60,52,52,49,49,49,49,29,66,66,46,46,46,46,47,47,0,0],"gold":342,"neow_bonus":"THREE_ENEMY_KILL","is_daily":false,"chose_seed":false,"campfire_upgraded":4,"win_rate":0.0,"timestamp":1611722115,"path_taken":["M","?","M","?","?","R","E","M","T","E","$","E","?","E","R","BOSS","M","$","?","?","?","R","E","R","T","?","E","$","?","E","R","BOSS"],"items_purchased_type":["Relic","Card","Relic"],"build_version":"2020-12-18","purchased_purges":2,"victory":false,"max_hp_per_floor":[66,66,66,60,60,60,60,60,60,60,60,60,60,74,74,74,74,74,74,74,74,74,74,74,74,74,74,74,74,74,74,74,74,74],"relic_stats":{"Regal Pillow":15,"Tough Bandages":[24],"counters":[16,92],"Bloody Idol":10,"HoveringKite":[16],"Chemical X":[7],"Boot":[172],"Question Card":11,"obtain_stats":[{"Regal Pillow":24,"NeowsBlessing":0,"Golden Idol":4,"HoveringKite":17,"Mango":14,"Boot":7,"Question Card":9,"Old Coin":31,"Tough Bandages":28,"Bloody Idol":30,"Molten Egg 2":26,"WingedGreaves":10,"Bag of Marbles":12,"Chemical X":11,"Membership Card":29,"Ring of the Snake":0},{"Regal Pillow":12,"NeowsBlessing":0,"Golden Idol":2,"HoveringKite":9,"Mango":8,"Boot":3,"Question Card":4,"Old Coin":15,"Tough Bandages":14,"Bloody Idol":14,"Molten Egg 2":12,"WingedGreaves":5,"Bag of Marbles":6,"Chemical X":5,"Membership Card":14,"Ring of the Snake":0},{"Regal Pillow":59,"NeowsBlessing":0,"Golden Idol":2,"HoveringKite":43,"Mango":28,"Boot":3,"Question Card":7,"Old Coin":77,"Tough Bandages":70,"Bloody Idol":70,"Molten Egg 2":59,"WingedGreaves":15,"Bag of Marbles":22,"Chemical X":15,"Membership Card":70,"Ring of the Snake":0}],"Ring of the Snake":[32]},"card_choices":[{"not_picked":["Prepared","Deadly Poison"],"picked":"Cloak And Dagger","floor":1},{"not_picked":["Bane","Acrobatics"],"picked":"Footwork","floor":3},{"not_picked":["Bullet Time","Noxious Fumes"],"picked":"Backstab","floor":7},{"not_picked":["PiercingWail","Tactician"],"picked":"Dagger Spray","floor":8},{"not_picked":["Dagger Throw","Expertise","Outmaneuver"],"picked":"Blade Dance","floor":10},{"not_picked":["Backflip","Burst","Dodge and Roll"],"picked":"Terror","floor":12},{"not_picked":["Flying Knee","All Out Attack","Terror","Dagger Spray"],"picked":"SKIP","floor":13},{"not_picked":["Envenom","Outmaneuver","Dash"],"picked":"Finisher","floor":14},{"not_picked":["Grand Finale","Venomology","Unload"],"picked":"A Thousand Cuts","floor":16},{"not_picked":["Outmaneuver+1","Bouncing Flask","Quick Slash"],"picked":"Leg Sweep","floor":18},{"not_picked":["Sucker Punch","Concentrate","Dagger Spray"],"picked":"Cloak And Dagger","floor":20},{"not_picked":["Underhanded Strike","Sucker Punch","PiercingWail"],"picked":"Acrobatics+1","floor":24},{"not_picked":["Masterful Stab+1","Poisoned Stab+1","Deflect"],"picked":"Blur","floor":27},{"not_picked":["Envenom","All Out Attack+1","Flying Knee+1"],"picked":"Reflex+1","floor":28},{"not_picked":["Dagger Throw+1","PiercingWail+1","Cloak And Dagger"],"picked":"Escape Plan","floor":31}],"player_experience":2351043,"relics_obtained":[{"floor":7,"key":"Boot"},{"floor":9,"key":"Question Card"},{"floor":10,"key":"WingedGreaves"},{"floor":12,"key":"Bag of Marbles"},{"floor":14,"key":"Mango"},{"floor":24,"key":"Regal Pillow"},{"floor":26,"key":"Molten Egg 2"},{"floor":28,"key":"Tough Bandages"},{"floor":31,"key":"Old Coin"}],"event_choices":[{"damage_healed":0,"gold_gain":0,"player_choice":"Grow","damage_taken":0,"max_hp_gain":0,"max_hp_loss":0,"event_name":"Living Wall","floor":2,"gold_loss":0,"cards_upgraded":["Cloak And Dagger"]},{"damage_healed":0,"gold_gain":0,"player_choice":"Lose Max HP","damage_taken":0,"relics_obtained":["Golden Idol"],"max_hp_gain":0,"max_hp_loss":6,"event_name":"Golden Idol","floor":4,"gold_loss":0},{"damage_healed":0,"gold_gain":75,"player_choice":"Gather Gold","damage_taken":11,"max_hp_gain":0,"max_hp_loss":0,"event_name":"World of Goop","floor":5,"gold_loss":0},{"damage_healed":0,"gold_gain":0,"player_choice":"Read","damage_taken":0,"max_hp_gain":0,"max_hp_loss":0,"event_name":"The Library","floor":21,"gold_loss":0,"cards_obtained":["Blade Dance"]},{"damage_healed":0,"gold_gain":0,"player_choice":"Got Potions","damage_taken":0,"max_hp_gain":0,"max_hp_loss":0,"event_name":"Lab","floor":22,"gold_loss":0},{"damage_healed":0,"gold_gain":0,"player_choice":"Gave Idol","damage_taken":0,"relics_obtained":["Bloody Idol"],"max_hp_gain":0,"max_hp_loss":0,"event_name":"Forgotten Altar","floor":30,"relics_lost":["Golden Idol"],"gold_loss":0}],"is_beta":true,"boss_relics":[{"not_picked":["Empty Cage","Busted Crown"],"picked":"HoveringKite"}],"items_purged_floors":[11,19],"is_endless":false,"potions_floor_spawned":[3,8,12,14,18,27],"killed_by":"Champ","ascension_level":20}}