{"host":"juoup3p5tvzzktl5","time":1611733620,"event":{"mods":["Aspiration","BaseMod","Better Vampires","BetterRewards","Colored Map","Colored Powertips","Friendly Minions","GifTheSpireLib","Hermit","Hubris","Infinite Spire","KinomotoSakuraMod(ƒæ÷Æ±æ”£)","Koishi","KomeijiMod","Marisa£®ÏF”Í°°ƒß¿Ì…≥£©","Minty Spire (QoL Compilation)","Quick Restart","Reimu£®≤©¿ˆ¡È√Œ£©","Replay The Spire","Shop Mod","StSLib","The Administrix","The Alterego","The Bug Knight","The Construct","The Cursed","The Jungle","The Mystic","The Runesmith","The Senshi","Youmu£®ªÍ∆«—˝√Œ£©","Yuyuko"],"gold_per_floor":[116,16,16,16,0,0,26,26,26,46,57,57,76,88,88,162,162,181,0,0,10,60,75,75,95,95,95,95,95],"floor_reached":28,"language":"ZHS","playtime":1166,"items_purged":["Defend_P","Defend_P"],"score":486,"play_id":"65f4665d-3312-4024-9d40-0c89d56ac886","local_time":"20210127164700","is_ascension_mode":true,"campfire_choices":[{"data":"Eruption","floor":6.0,"key":"SMITH"},{"data":"Adaptation","floor":8.0,"key":"SMITH"},{"data":"Strike_P","floor":15.0,"key":"PURGE"},{"floor":24.0,"key":"REST"},{"floor":26.0,"key":"REST"}],"circlet_count":0,"master_deck":["Strike_P","Strike_P","Eruption+1","Vigilance","Adaptation+1","Scrawl","FlurryOfBlows","Wallop","ClearTheMind+1","Replay:Hum+1","Adaptation","Vault+1","Study","BowlingBash","WheelKick","hubris:DuctTapeCard"],"relics":["PureWater","hubris:DuctTape","ThirstyCross","Toxic Egg 2","Question Card","Runic Pyramid","Vajra","aspiration:RitualStick","Replay:Bottled Flurry"],"acts_visited":["Exordium","TheCity"],"potions_floor_usage":[],"damage_taken":[{"damage":0.0,"enemies":"Small Slimes","floor":1.0,"turns":3.0},{"damage":0.0,"enemies":"Lagavulin","floor":7.0,"turns":3.0},{"damage":1.0,"enemies":"Jaw Worm","floor":10.0,"turns":2.0},{"damage":0.0,"enemies":"Cultist","floor":11.0,"turns":2.0},{"damage":0.0,"enemies":"Blue Slaver","floor":13.0,"turns":2.0},{"damage":0.0,"enemies":"Exordium Wildlife","floor":14.0,"turns":2.0},{"damage":33.0,"enemies":"Fading Forest","floor":16.0,"turns":13.0},{"damage":11.0,"enemies":"2 Thieves","floor":18.0,"turns":3.0},{"damage":13.0,"enemies":"Shell Parasite","floor":21.0,"turns":2.0},{"damage":14.0,"enemies":"Centurion and Healer","floor":23.0,"turns":3.0},{"damage":12.0,"enemies":"Cultist and Chosen","floor":25.0,"turns":3.0},{"damage":39,"enemies":"Nightmare","floor":28,"turns":5}],"seed_played":"3355918875023947176","potions_obtained":[{"floor":7.0,"key":"ColorlessPotion"},{"floor":10.0,"key":"Explosive Potion"},{"floor":13.0,"key":"FearPotion"},{"floor":25.0,"key":"SkillPotion"}],"is_trial":false,"path_per_floor":["M","$","?","?","?","R","E","R","T","M","M","$","M","M","R_BF","B",null,"M","?","?","M","?","M","R","M","R","T","NM"],"character_chosen":"WATCHER","items_purchased":["Adaptation"],"campfire_rested":2,"item_purchase_floors":[0],"current_hp_per_floor":[45,45,45,45,45,45,45,45,45,44,44,44,44,44,44,39,61,50,50,33,20,20,6,26,14,34,34,0,0],"gold":95,"neow_bonus":"","is_daily":false,"chose_seed":true,"campfire_upgraded":2,"win_rate":0.0,"timestamp":1611733620,"path_taken":["M","$","?","?","?","R","E","R","T","M","M","$","M","M","R_BF","BOSS","M","?","?","M","?","M","R","?","R","T","NM"],"items_purchased_type":["Card"],"build_version":"2020-12-22","purchased_purges":2,"victory":false,"max_hp_per_floor":[68,68,68,68,68,68,68,68,68,68,68,68,68,68,68,68,68,68,68,68,68,68,68,68,68,68,68,68,68],"card_choices":[{"not_picked":["ClearTheMind","Replay:Hum"],"picked":"FlurryOfBlows","floor":1.0},{"not_picked":["Conclude","ForeignInfluence+1"],"picked":"Wallop","floor":7.0},{"not_picked":["Replay:DivineShield+1","Prostrate+1","WaveOfTheHand+1","PathToVictory+1"],"picked":"SKIP","floor":10.0},{"not_picked":["ForeignInfluence+1","Crescendo+1","Evaluate+1"],"picked":"ClearTheMind+1","floor":11.0},{"not_picked":["ClearTheMind+1","ConjureBlade+1","WaveOfTheHand+1"],"picked":"Replay:Hum+1","floor":13.0},{"not_picked":["EmptyBody+1","Replay:AtTheReady+1","Replay:Battleflow+1"],"picked":"Adaptation","floor":14.0},{"not_picked":["Alpha+1","DevaForm","Replay:LoomingThreat"],"picked":"Vault+1","floor":16.0},{"not_picked":["Meditate+1","ClearTheMind+1","SashWhip","WreathOfFlame+1"],"picked":"SKIP","floor":18.0},{"not_picked":["Replay:Hum+1","CutThroughFate","ForeignInfluence+1"],"picked":"Study","floor":19.0},{"not_picked":["Replay:BluntJabs","Vengeance+1","FlurryOfBlows"],"picked":"BowlingBash","floor":21.0},{"not_picked":["Replay:Cycle+1","Study","Adaptation"],"picked":"WheelKick","floor":23.0},{"not_picked":["FollowUp","ClearTheMind+1","Halt+1","Study"],"picked":"SKIP","floor":25.0}],"player_experience":1039514,"relics_obtained":[{"floor":7.0,"key":"Toxic Egg 2"},{"floor":9.0,"key":"Question Card"},{"floor":19.0,"key":"Vajra"},{"floor":27.0,"key":"Replay:Bottled Flurry"}],"event_choices":[{"damage_healed":0.0,"max_hp_gain":0.0,"max_hp_loss":0.0,"gold_gain":0.0,"event_name":"World of Goop","player_choice":"Left Gold","floor":5.0,"gold_loss":16.0,"damage_taken":0.0},{"damage_healed":0.0,"max_hp_gain":0.0,"max_hp_loss":0.0,"gold_gain":50.0,"event_name":"Golden Shrine","player_choice":"Pray","floor":22.0,"gold_loss":0.0,"damage_taken":0.0}],"is_beta":false,"boss_relics":[{"not_picked":["Sozu","Replay:Drink Me"],"picked":"Runic Pyramid"}],"items_purged_floors":[0,2],"is_endless":false,"potions_floor_spawned":[7,10,13,25],"killed_by":"Nightmare","ascension_level":20}}