{"host":"g8ufh7m4frdlkxwv","time":1611730783,"event":{"mods":["AchievementEnabler","BaseMod","Colored Map","Dark Map","Minty Spire (QoL Compilation)","Relic Stats","StSLib","ojb\u0027s Info Mod"],"gold_per_floor":[215,180,180,180,7,50,50,75,75,75,95,128,53,94,94,188,188,206,219,235,235,248,288,24,63,87,125,148,32,55,68,68,68,68],"floor_reached":33,"language":"ENG","playtime":1864,"items_purged":["Strike_G","Strike_G"],"score":725,"play_id":"4f2da36f-f498-4e77-ba5a-7039d48919eb","local_time":"20210127075943","is_ascension_mode":true,"campfire_choices":[{"data":"Noxious Fumes","floor":7.0,"key":"SMITH"},{"data":"Dagger Spray","floor":10.0,"key":"SMITH"},{"data":"Crippling Poison","floor":15.0,"key":"SMITH"},{"data":"Well Laid Plans","floor":32.0,"key":"SMITH"}],"circlet_count":0,"master_deck":["AscendersBane","Strike_G+1","Strike_G+1","Strike_G","Defend_G","Defend_G","Defend_G","Defend_G","Defend_G","Survivor","Neutralize+1","Flying Knee","Leg Sweep","Noxious Fumes+1","Blade Dance","Dagger Spray+1","Terror","Crippling Poison+1","Dash","After Image","Well Laid Plans+1","Escape Plan","Escape Plan","Backflip","After Image","Backflip","Footwork","Concentrate+1","Deflect+1","Prepared+1","Acrobatics+1","Panacea+1","Acrobatics+1","Grand Finale","PiercingWail+1","Escape Plan+1"],"relics":["Ring of the Snake","Golden Idol","Strawberry","Prayer Wheel","Whetstone","PreservedInsect","Coffee Dripper","Peace Pipe","Toxic Egg 2","Akabeko"],"acts_visited":["Exordium","TheCity"],"potions_floor_usage":[33],"damage_taken":[{"damage":9.0,"enemies":"Jaw Worm","floor":1.0,"turns":7.0},{"damage":17.0,"enemies":"Lagavulin","floor":6.0,"turns":10.0},{"damage":1.0,"enemies":"Small Slimes","floor":8.0,"turns":3.0},{"damage":0.0,"enemies":"Cultist","floor":11.0,"turns":3.0},{"damage":45.0,"enemies":"Gremlin Nob","floor":12.0,"turns":5.0},{"damage":10.0,"enemies":"Lagavulin","floor":14.0,"turns":8.0},{"damage":4.0,"enemies":"Hexaghost","floor":16.0,"turns":9.0},{"damage":0.0,"enemies":"Chosen","floor":18.0,"turns":4.0},{"damage":21.0,"enemies":"2 Thieves","floor":19.0,"turns":4.0},{"damage":0.0,"enemies":"Centurion and Healer","floor":20.0,"turns":6.0},{"damage":16.0,"enemies":"Snecko","floor":22.0,"turns":6.0},{"damage":23.0,"enemies":"Slavers","floor":23.0,"turns":4.0},{"damage":4.0,"enemies":"Book of Stabbing","floor":25.0,"turns":6.0},{"damage":13.0,"enemies":"Gremlin Leader","floor":27.0,"turns":5.0},{"damage":1.0,"enemies":"Shelled Parasite and Fungi","floor":28.0,"turns":6.0},{"damage":16.0,"enemies":"Masked Bandits","floor":29.0,"turns":5.0},{"damage":0.0,"enemies":"Book of Stabbing","floor":30.0,"turns":5.0},{"damage":0.0,"enemies":"Sentry and Sphere","floor":31.0,"turns":6.0},{"damage":6,"enemies":"Automaton","floor":33,"turns":4}],"seed_played":"-3030687133685851449","potions_obtained":[{"floor":8.0,"key":"Regen Potion"},{"floor":12.0,"key":"Dexterity Potion"},{"floor":14.0,"key":"FairyPotion"},{"floor":18.0,"key":"EssenceOfSteel"},{"floor":23.0,"key":"AttackPotion"},{"floor":27.0,"key":"Swift Potion"},{"floor":28.0,"key":"CultistPotion"}],"is_trial":false,"path_per_floor":["M","?","?","?","$","E","R","M","T","R","M","E","$","E","R","B",null,"M","M","M","?","M","E","$","E","T","E","M","?","E","M","R","B"],"character_chosen":"THE_SILENT","items_purchased":["Leg Sweep","Noxious Fumes","Weak Potion","Regen Potion","Footwork","Panacea+1","Acrobatics+1"],"campfire_rested":0,"item_purchase_floors":[5,5,5,24,24,29,29],"current_hp_per_floor":[50,66,60,60,60,50,50,49,49,49,49,4,4,9,9,5,52,52,31,31,31,15,20,20,31,31,18,17,1,1,1,1,0,0],"gold":68,"neow_bonus":"HUNDRED_GOLD","is_daily":false,"chose_seed":false,"campfire_upgraded":4,"win_rate":0.0,"timestamp":1611730783,"path_taken":["M","?","?","?","$","E","R","M","T","R","M","E","$","E","R","BOSS","M","M","?","?","M","E","$","E","T","E","M","?","E","M","R","BOSS"],"items_purchased_type":["Card","Card","Potion","Potion","Card","Card","Card"],"build_version":"2020-12-22","purchased_purges":2,"victory":false,"max_hp_per_floor":[66,66,60,60,60,67,67,67,67,67,67,67,67,67,67,67,67,67,67,67,67,67,67,67,67,67,67,67,67,67,67,67,67,67],"relic_stats":{"Peace Pipe":0,"counters":[19,106],"Golden Idol":116,"Prayer Wheel":7,"PreservedInsect":173,"Whetstone":["Strike_G","Strike_G"],"obtain_stats":[{"Peace Pipe":23,"Golden Idol":3,"Strawberry":6,"Prayer Wheel":9,"PreservedInsect":14,"Coffee Dripper":17,"Whetstone":12,"Toxic Egg 2":25,"Akabeko":27,"Ring of the Snake":0},{"Peace Pipe":12,"Golden Idol":1,"Strawberry":2,"Prayer Wheel":3,"PreservedInsect":6,"Coffee Dripper":7,"Whetstone":5,"Toxic Egg 2":13,"Akabeko":14,"Ring of the Snake":0},{"Peace Pipe":69,"Golden Idol":7,"Strawberry":17,"Prayer Wheel":20,"PreservedInsect":36,"Coffee Dripper":45,"Whetstone":28,"Toxic Egg 2":75,"Akabeko":80,"Ring of the Snake":0}],"Ring of the Snake":[38]},"card_choices":[{"not_picked":["Prepared","Bane"],"picked":"Flying Knee","floor":1.0},{"not_picked":["Riddle With Holes","PiercingWail"],"picked":"Blade Dance","floor":6.0},{"not_picked":["Tactician","Slice"],"picked":"Dagger Spray","floor":8.0},{"not_picked":["Dagger Spray","Deadly Poison"],"picked":"Terror","floor":11.0},{"not_picked":["Sucker Punch","Riddle With Holes"],"picked":"Crippling Poison","floor":11.0},{"not_picked":["Blade Dance","Prepared","Deflect"],"picked":"SKIP","floor":12.0},{"not_picked":["Sucker Punch","Dagger Spray"],"picked":"Dash","floor":14.0},{"not_picked":["Adrenaline","Glass Knife"],"picked":"After Image","floor":16.0},{"not_picked":["Underhanded Strike","Dagger Throw"],"picked":"Well Laid Plans","floor":18.0},{"not_picked":["Heel Hook","Accuracy"],"picked":"Escape Plan","floor":18.0},{"not_picked":["Choke","Well Laid Plans"],"picked":"Escape Plan","floor":19.0},{"not_picked":["PiercingWail","Flechettes","Slice"],"picked":"SKIP","floor":19.0},{"not_picked":["Flechettes","Slice"],"picked":"Backflip","floor":20.0},{"not_picked":["Quick Slash","Flying Knee"],"picked":"After Image","floor":20.0},{"not_picked":["Deflect","Dagger Spray","Acrobatics"],"picked":"SKIP","floor":22.0},{"not_picked":["Backflip","Masterful Stab","Leg Sweep"],"picked":"SKIP","floor":22.0},{"not_picked":["PiercingWail","Reflex","Acrobatics"],"picked":"SKIP","floor":23.0},{"not_picked":["Dash","Dodge and Roll+1"],"picked":"Concentrate+1","floor":25.0},{"not_picked":["Slice","Well Laid Plans"],"picked":"Deflect+1","floor":27.0},{"not_picked":["Backflip+1","Flechettes"],"picked":"Prepared+1","floor":28.0},{"not_picked":["Dagger Spray","Flying Knee"],"picked":"Acrobatics+1","floor":28.0},{"not_picked":["Setup+1","Backflip+1"],"picked":"Grand Finale","floor":30.0},{"not_picked":["Dash","Flying Knee"],"picked":"PiercingWail+1","floor":31.0},{"not_picked":["Masterful Stab","Flying Knee"],"picked":"Escape Plan+1","floor":31.0}],"player_experience":1108933,"relics_obtained":[{"floor":6.0,"key":"Strawberry"},{"floor":9.0,"key":"Prayer Wheel"},{"floor":12.0,"key":"Whetstone"},{"floor":14.0,"key":"PreservedInsect"},{"floor":23.0,"key":"Peace Pipe"},{"floor":25.0,"key":"Toxic Egg 2"},{"floor":27.0,"key":"Akabeko"}],"event_choices":[{"damage_healed":16.0,"max_hp_gain":0.0,"max_hp_loss":0.0,"gold_gain":0.0,"event_name":"The Cleric","player_choice":"Healed","floor":2.0,"gold_loss":35.0,"damage_taken":0.0},{"damage_healed":0.0,"max_hp_gain":0.0,"max_hp_loss":6.0,"gold_gain":0.0,"event_name":"Golden Idol","player_choice":"Lose Max HP","floor":3.0,"gold_loss":0.0,"damage_taken":0.0,"relics_obtained":["Golden Idol"]},{"damage_healed":0.0,"max_hp_gain":0.0,"max_hp_loss":0.0,"gold_gain":0.0,"event_name":"Upgrade Shrine","player_choice":"Upgraded","floor":4.0,"gold_loss":0.0,"damage_taken":0.0,"cards_upgraded":["Neutralize"]},{"damage_healed":0.0,"max_hp_gain":0.0,"max_hp_loss":0.0,"gold_gain":0.0,"event_name":"The Library","player_choice":"Read","floor":21.0,"gold_loss":0.0,"damage_taken":0.0,"cards_obtained":["Backflip"]},{"damage_healed":0.0,"max_hp_gain":0.0,"max_hp_loss":0.0,"gold_gain":0.0,"event_name":"Masked Bandits","player_choice":"Fought Bandits","floor":29.0,"gold_loss":0.0,"damage_taken":0.0}],"is_beta":false,"boss_relics":[{"not_picked":["HoveringKite","Snecko Eye"],"picked":"Coffee Dripper"}],"items_purged_floors":[13,24],"is_endless":false,"potions_floor_spawned":[8,12,14,18,23,27,28,29],"killed_by":"Automaton","ascension_level":20}}