{"host":"sav7uxregyirlf69","time":1611738962,"event":{"mods":["AchievementEnabler","BaseMod","Colored Map","DeckTracker","Keyboard Shortcuts","Minty Spire (QoL Compilation)","READ ME - Guardian Mod","StSLib","SuperFastMode"],"gold_per_floor":[109,34,50,63,77,107,107,107,107,107,140,140,157,167,167,244,244,255,269,50,60,60,60,93,93,93,93,93,108,108,127,127,127,127],"floor_reached":33,"language":"KOR","playtime":564,"items_purged":[],"score":654,"play_id":"d8bb561e-6cbd-47bd-9fef-1578df694e95","local_time":"20210127181602","is_ascension_mode":true,"campfire_choices":[{"data":"Perfected Strike","floor":7.0,"key":"SMITH"},{"data":"Blood for Blood","floor":10.0,"key":"SMITH"},{"data":"Fire Breathing","floor":12.0,"key":"SMITH"},{"data":"Evolve","floor":15,"key":"SMITH"},{"data":"Armaments","floor":23,"key":"SMITH"},{"floor":25,"key":"REST"},{"data":"Pommel Strike","floor":27,"key":"SMITH"},{"floor":30,"key":"REST"},{"data":"Perfected Strike","floor":32,"key":"SMITH"}],"circlet_count":0,"master_deck":["AscendersBane","Strike_R","Strike_R","Strike_R","Strike_R","Strike_R","Defend_R","Defend_R","Defend_R","Defend_R","Bash","Pommel Strike+1","Fire Breathing+1","Blood for Blood+1","Perfected Strike+1","Offering","Battle Trance","Evolve+1","Fiend Fire","Armaments+1","Perfected Strike+1"],"relics":["Burning Blood","Blood Vial","Torii","Black Star","Potion Belt","Vajra","Akabeko","Shuriken"],"acts_visited":["Exordium","TheCity"],"potions_floor_usage":[18,18,24,24,24,24],"damage_taken":[{"damage":7.0,"enemies":"Small Slimes","floor":1.0,"turns":5.0},{"damage":6.0,"enemies":"Cultist","floor":3.0,"turns":3.0},{"damage":2.0,"enemies":"2 Louse","floor":4.0,"turns":4.0},{"damage":14.0,"enemies":"2 Fungi Beasts","floor":5.0,"turns":5.0},{"damage":32.0,"enemies":"Gremlin Nob","floor":6.0,"turns":4.0},{"damage":11.0,"enemies":"3 Sentries","floor":11.0,"turns":4.0},{"damage":6,"enemies":"Gremlin Gang","floor":13,"turns":4},{"damage":12,"enemies":"Looter","floor":14,"turns":3},{"damage":6,"enemies":"Slime Boss","floor":16,"turns":5},{"damage":28,"enemies":"3 Byrds","floor":18,"turns":5},{"damage":7,"enemies":"Chosen","floor":19,"turns":3},{"damage":32,"enemies":"Centurion and Healer","floor":21,"turns":7},{"damage":21,"enemies":"Gremlin Leader","floor":24,"turns":7},{"damage":25,"enemies":"Snecko","floor":29,"turns":4},{"damage":31,"enemies":"Sentry and Sphere","floor":31,"turns":4},{"damage":39,"enemies":"Champ","floor":33,"turns":2}],"seed_played":"2871888946787446764","potions_obtained":[{"floor":4.0,"key":"Block Potion"},{"floor":6.0,"key":"AttackPotion"},{"floor":8.0,"key":"EntropicBrew"},{"floor":18,"key":"Block Potion"},{"floor":21,"key":"Block Potion"},{"floor":24,"key":"Dexterity Potion"},{"floor":29,"key":"SneckoOil"}],"is_trial":false,"path_per_floor":["M","$","M","M","M","E","R","?","T","R","E","R","M","M","R","B",null,"M","M","$","M","?","R","E","R","T","R","?","M","R","M","R","B"],"character_chosen":"IRONCLAD","items_purchased":["Fire Breathing","Potion Belt","SkillPotion"],"campfire_rested":2,"item_purchase_floors":[2,20,20],"current_hp_per_floor":[74,74,74,78,70,44,44,44,44,44,41,41,43,39,39,41,72,52,53,53,29,29,29,16,40,40,40,40,23,47,24,24,0,0],"gold":127,"neow_bonus":"TEN_PERCENT_HP_BONUS","is_daily":false,"chose_seed":false,"campfire_upgraded":7,"win_rate":0.0,"timestamp":1611738962,"path_taken":["M","$","M","M","M","E","R","?","T","R","E","R","?","M","R","BOSS","M","M","$","M","?","R","E","R","T","R","?","?","R","M","R","BOSS"],"items_purchased_type":["Card","Relic","Potion"],"build_version":"2020-12-22","purchased_purges":0,"victory":false,"max_hp_per_floor":[82,82,82,82,82,82,82,82,82,82,82,82,82,82,82,82,82,82,82,82,82,82,82,82,82,82,82,82,82,82,82,82,82,82],"card_choices":[{"not_picked":["Headbutt","Iron Wave"],"picked":"Pommel Strike","floor":1.0},{"not_picked":["Entrench","Body Slam","Headbutt"],"picked":"SKIP","floor":3.0},{"not_picked":["Limit Break","Pommel Strike"],"picked":"Blood for Blood","floor":4.0},{"not_picked":["Inflame","Spot Weakness"],"picked":"Perfected Strike","floor":5.0},{"not_picked":["Reckless Charge","Pommel Strike"],"picked":"Offering","floor":6.0},{"not_picked":["Heavy Blade","Havoc"],"picked":"Battle Trance","floor":11.0},{"not_picked":["Pummel","Metallicize","Sever Soul"],"picked":"SKIP","floor":13},{"not_picked":["Havoc","Perfected Strike"],"picked":"Evolve","floor":14},{"not_picked":["Brutality","Impervious"],"picked":"Fiend Fire","floor":16},{"not_picked":["Sever Soul","Bloodletting","Battle Trance"],"picked":"SKIP","floor":18},{"not_picked":["Ghostly Armor","Anger"],"picked":"Armaments","floor":19},{"not_picked":["Infernal Blade","Intimidate","Sever Soul"],"picked":"SKIP","floor":21},{"not_picked":["Entrench","True Grit","Pommel Strike"],"picked":"SKIP","floor":24},{"not_picked":["Iron Wave+1","Clothesline","Sword Boomerang"],"picked":"SKIP","floor":29},{"not_picked":["Wild Strike","Bloodletting"],"picked":"Perfected Strike","floor":31}],"player_experience":1393600,"relics_obtained":[{"floor":6.0,"key":"Blood Vial"},{"floor":11.0,"key":"Torii"},{"floor":24,"key":"Vajra"},{"floor":24,"key":"Akabeko"},{"floor":26,"key":"Shuriken"}],"event_choices":[{"damage_healed":0.0,"max_hp_gain":0.0,"max_hp_loss":0.0,"gold_gain":0.0,"event_name":"Lab","player_choice":"Got Potions","floor":8.0,"gold_loss":0.0,"damage_taken":0.0},{"damage_healed":0,"gold_gain":0,"player_choice":"Ignored","damage_taken":0,"max_hp_gain":0,"max_hp_loss":0,"event_name":"Ghosts","floor":22,"gold_loss":0},{"damage_healed":0,"gold_gain":0,"player_choice":"Ignored","damage_taken":0,"max_hp_gain":0,"max_hp_loss":0,"event_name":"N\u0027loth","floor":28,"gold_loss":0}],"is_beta":false,"boss_relics":[{"not_picked":["Snecko Eye","Empty Cage"],"picked":"Black Star"}],"items_purged_floors":[],"is_endless":false,"potions_floor_spawned":[4,6,14,16,18,21,24,29],"killed_by":"Champ","ascension_level":20}}