{"host":"609l7sx3bs4zmbf1","time":1611774883,"event":{"mods":["AchievementEnabler","Aspiration","BaseMod","Bestiary","Better Altar","Better Match","Better Note","Better Sensory Stone","Better Skull","Better Third Choice","BetterRewards","Conspire","GifTheSpireLib","Hero for Fun","Hubris","Minty Spire (QoL Compilation)","Rare Cards Sparkle","Spicy Shops","StSLib","Stuff the Spire","The Blue Laboratory","Uncapped","Waifu the Spire"],"gold_per_floor":[115,115,40,40,56,56,96,96,144,144,172,172,19,45,45,159,159,184,184,144,153,153,188,188,188,188,188,206,347,0,19,19,131,131,251,260,260,260],"floor_reached":37,"language":"ENG","playtime":3229,"items_purged":[],"score":446,"play_id":"c21b32a5-1f5c-4b40-b205-71cbce12b3dd","local_time":"20210127131443","is_ascension_mode":false,"campfire_choices":[{"floor":6.0,"key":"RECALL"},{"floor":8.0,"key":"REST"},{"data":"StuffTheSpire:ForEach","floor":10.0,"key":"SMITH"},{"data":"Chaos","floor":12.0,"key":"SMITH"},{"data":"Defragment","floor":15.0,"key":"SMITH"},{"floor":24.0,"key":"REST"},{"data":"Aggregate","floor":27.0,"key":"SMITH"},{"data":"Sunder","floor":32.0,"key":"SMITH"}],"circlet_count":0,"master_deck":["Strike_B","Strike_B","Strike_B","Strike_B","Defend_B","Defend_B","Defend_B","Defend_B","Zap","Dualcast","Self Repair","Aggregate+1","StuffTheSpire:ForEach+1","Turbo","Chaos+1","Defragment+1","Leap","Core Surge","White Noise+1","Enlightenment","StuffTheSpire:LoadUp","StuffTheSpire:Brawn","Pain","Sunder+1","Heatsinks","Biased Cognition","StuffTheSpire:GlassShard+1","Echo Form"],"relics":["Cracked Core","hubris:Icosahedron","CeramicFish","Regal Pillow","Nuclear Battery","Blood Vial","Vajra","hubris:PeanutButter","hubris:SphereOfDissonance","HandDrill","aspiration:EnhancedActuators","aspiration:BursterCore"],"acts_visited":["Exordium","TheCity","TheBeyond"],"potions_floor_usage":[37],"damage_taken":[{"damage":8.0,"enemies":"Jaw Worm","floor":1.0,"turns":3.0},{"damage":0.0,"enemies":"2 Louse","floor":5.0,"turns":2.0},{"damage":34.0,"enemies":"3 Sentries","floor":7.0,"turns":8.0},{"damage":2.0,"enemies":"Cultist","floor":11.0,"turns":4.0},{"damage":0.0,"enemies":"2 Fungi Beasts","floor":14.0,"turns":2.0},{"damage":51.0,"enemies":"Hexaghost","floor":16.0,"turns":10.0},{"damage":21.0,"enemies":"2 Thieves","floor":18.0,"turns":4.0},{"damage":0.0,"enemies":"conspire:FuzzyDice","floor":19.0,"turns":1.0},{"damage":54.0,"enemies":"Book of Stabbing","floor":23.0,"turns":6.0},{"damage":0.0,"enemies":"Slavers","floor":25.0,"turns":1.0},{"damage":56.0,"enemies":"conspire:SneckoGhost","floor":29.0,"turns":10.0},{"damage":19.0,"enemies":"Snake Plant","floor":31.0,"turns":3.0},{"damage":49.0,"enemies":"Champ","floor":33.0,"turns":8.0},{"damage":5.0,"enemies":"Orb Walker","floor":35.0,"turns":3.0},{"damage":0,"enemies":"3 Darklings","floor":37,"turns":1}],"seed_played":"2435224381164751744","potions_obtained":[{"floor":0.0,"key":"blueLaboratory:SystemWipe"},{"floor":0.0,"key":"blueLaboratory:BottledHope"},{"floor":0.0,"key":"SmokeBomb"},{"floor":16.0,"key":"ColorlessPotion"},{"floor":33.0,"key":"conspire:TimeTravelPotion"},{"floor":35.0,"key":"DistilledChaos"}],"is_trial":false,"path_per_floor":["M","?","?","?","M","R","E","R","T","R","M","R","$","M","R","B",null,"M","M","?","?","?","E","R","E","T","R","?","E","$","M","R","B",null,"M","?","M"],"character_chosen":"DEFECT","items_purchased":["Regal Pillow","HandDrill","aspiration:EnhancedActuators","blueLaboratory:NullPotion"],"campfire_rested":2,"item_purchase_floors":[13,30,30,30],"current_hp_per_floor":[67,67,67,67,74,74,47,69,69,69,74,74,74,74,74,23,75,61,61,61,61,23,44,75,75,75,75,75,26,26,63,63,16,75,70,55,57,57],"gold":260,"neow_bonus":"THREE_SMALL_POTIONS","is_daily":false,"chose_seed":false,"campfire_upgraded":5,"win_rate":0.0,"timestamp":1611774883,"path_taken":["M","?","?","?","M","R","E","R","T","R","M","R","?","M","R","BOSS","M","M","?","?","?","E","R","E","T","R","?","E","$","M","R","BOSS","M","?","M"],"items_purchased_type":["Relic","Relic","Relic","Potion"],"build_version":"2020-12-22","purchased_purges":0,"victory":false,"max_hp_per_floor":[75,75,75,75,75,75,75,75,75,75,75,75,75,75,75,75,75,75,75,75,75,75,75,75,75,75,75,75,75,75,75,75,75,75,75,75,75,75],"card_choices":[{"not_picked":["Redo","Cold Snap"],"picked":"Self Repair","floor":1.0},{"not_picked":["Genetic Algorithm","Heatsinks"],"picked":"Aggregate","floor":3.0},{"not_picked":["Biased Cognition","All For One"],"picked":"StuffTheSpire:ForEach","floor":3.0},{"not_picked":["Ball Lightning","Barrage"],"picked":"Turbo","floor":5.0},{"not_picked":["Meteor Strike","Conserve Battery"],"picked":"Chaos","floor":7.0},{"not_picked":["Skim","Go for the Eyes"],"picked":"Defragment","floor":11.0},{"not_picked":["Blizzard","Compile Driver"],"picked":"Leap","floor":14.0},{"not_picked":["Hyperbeam","Multi-Cast"],"picked":"Core Surge","floor":16.0},{"not_picked":["Cold Snap","Compile Driver"],"picked":"White Noise","floor":18.0},{"not_picked":["Multi-Cast","StuffTheSpire:SnapShoot"],"picked":"StuffTheSpire:LoadUp","floor":23.0},{"not_picked":["conspire:SharedLibrary","Gash"],"picked":"Sunder","floor":29.0},{"not_picked":["Cold Snap+1","Go for the Eyes+1"],"picked":"Heatsinks","floor":31.0},{"not_picked":["Reboot","StuffTheSpire:ForEach"],"picked":"Biased Cognition","floor":33.0},{"not_picked":["Sweeping Beam","Gash"],"picked":"StuffTheSpire:GlassShard+1","floor":35.0}],"player_experience":417243,"relics_obtained":[{"floor":7.0,"key":"CeramicFish"},{"floor":23.0,"key":"Vajra"},{"floor":26.0,"key":"hubris:PeanutButter"},{"floor":29.0,"key":"hubris:SphereOfDissonance"}],"event_choices":[{"damage_healed":0.0,"max_hp_gain":0.0,"max_hp_loss":0.0,"gold_gain":0.0,"event_name":"conspire:Investor","player_choice":"Leave","floor":2.0,"gold_loss":0.0,"damage_taken":0.0},{"damage_healed":0.0,"max_hp_gain":0.0,"max_hp_loss":0.0,"gold_gain":0.0,"event_name":"betterMatch:BetterMatch","player_choice":"1","floor":3.0,"gold_loss":0.0,"damage_taken":0.0,"cards_obtained":["betterMatch:UncommonCard","betterMatch:RareCard"]},{"damage_healed":0.0,"max_hp_gain":0.0,"max_hp_loss":0.0,"gold_gain":0.0,"event_name":"Designer","player_choice":"Upgrade","floor":20.0,"gold_loss":40.0,"damage_taken":0.0,"cards_upgraded":["White Noise"]},{"cards_removed":["White Noise"],"damage_healed":0.0,"max_hp_gain":0.0,"max_hp_loss":0.0,"gold_gain":0.0,"event_name":"betterNote:BetterNote","player_choice":"Take \u0026 Give","floor":21.0,"gold_loss":0.0,"damage_taken":0.0,"cards_obtained":["Enlightenment"]},{"damage_healed":0.0,"max_hp_gain":61.0,"max_hp_loss":23.0,"gold_gain":0.0,"event_name":"betterAltar:BetterAltar","player_choice":" Potion Vial ","floor":22.0,"potions_obtained":["betterAltar:AltarPotion"],"relics_lost":[],"gold_loss":0.0,"damage_taken":38.0,"relics_obtained":["Blood Vial"]},{"damage_healed":0.0,"max_hp_gain":0.0,"max_hp_loss":15.0,"gold_gain":3.0,"event_name":"betterStone:BetterStone","player_choice":"2","floor":36.0,"gold_loss":0.0,"damage_taken":0.0}],"is_beta":false,"boss_relics":[{"not_picked":["aspiration:SilentSkillbook","vexMod:RockOfEvil"],"picked":"Nuclear Battery"},{"not_picked":["Coffee Dripper","Empty Cage"],"picked":"aspiration:BursterCore"}],"items_purged_floors":[],"is_endless":false,"potions_floor_spawned":[5,16,19,33,35],"killed_by":"3 Darklings","ascension_level":0}}