{"host":"b69u97qm214vzd6b","time":1611779177,"event":{"mods":["BaseMod","Downfall","Hermit","Infinite Spire","Minty Spire (QoL Compilation)","Replay The Spire","StSLib","The Animator","The Cursed"],"gold_per_floor":[116,116,127,127,144,144,172,172,172,203,203,213,243,62,62,158,158,169,169,159,173,190,218,218,246,269,301,313,313,313,332,332,437,437,452,51,69,69,69,69,94,140,166,166,214,245,276,301,301,313,313,313,0,44,48],"floor_reached":56,"language":"ENG","playtime":4033,"items_purged":["ReplayTheSpireMod:Reroute Power+1"],"score":1509,"play_id":"a8c4874d-86d8-4474-8e32-fe629f8584ee","local_time":"20210127132617","is_ascension_mode":true,"campfire_choices":[{"floor":6,"key":"REST"},{"floor":8,"key":"RECALL"},{"floor":15,"key":"REST"},{"floor":24,"key":"REST"},{"floor":29,"key":"REST"},{"floor":32,"key":"REST"},{"data":"Chill","floor":40,"key":"SMITH"},{"data":"FIFO Queue","floor":44,"key":"SMITH"},{"data":"Barrage","floor":49,"key":"SMITH"},{"data":"Loop","floor":52,"key":"SMITH"}],"circlet_count":0,"master_deck":["Strike_B","Strike_B","Strike_B","Defend_B","Defend_B","Defend_B","Defend_B+1","Zap+1","Dualcast","Hello World","infinitespire:Collect","Cold Snap","Genetic Algorithm","Barrage+1","Leap","Scrape","FIFO Queue+1","Echo Form","Stack","infinitespire:Starlight","Coolheaded","Force Field+1","Loop+1","Cold Snap","Genetic Algorithm+1","Capacitor","Consume+1","Chill","Chill+1","Biased Cognition","Capacitor","Glacier+1","Coolheaded+1","All For One+1","Compile Driver+1","ReplaySolidLightProjector","Scrape"],"relics":["FrozenCore","White Beast Statue","Cables","WingedGreaves","Pondfish Scales","Replay:Baseball","PreservedInsect","Nuclear Battery","Sling","Darkstone Periapt","Unceasing Top","Potion Belt","Red Mask","Golden Egg","MealTicket","Replay:Bandana","Omamori","Lantern","Mirror","infinitespire:Bottled Soul","Orichalcum"],"acts_visited":["Exordium","TheCity","TheBeyond","TheEnding"],"potions_floor_usage":[12,13,16,55,55,55],"damage_taken":[{"damage":0,"enemies":"Cultist","floor":1,"turns":3},{"damage":0,"enemies":"2 Louse","floor":3,"turns":3},{"damage":0,"enemies":"Jaw Worm","floor":5,"turns":2},{"damage":10,"enemies":"Replay:BlueRogue","floor":7,"turns":6},{"damage":21,"enemies":"3 Sentries","floor":10,"turns":7},{"damage":1,"enemies":"Looter","floor":12,"turns":3},{"damage":7,"enemies":"Lagavulin","floor":13,"turns":5},{"damage":12,"enemies":"Slime Boss","floor":16,"turns":4},{"damage":9,"enemies":"Shell Parasite","floor":18,"turns":5},{"damage":7,"enemies":"2 Thieves","floor":20,"turns":4},{"damage":15,"enemies":"Snake Plant","floor":21,"turns":6},{"damage":8,"enemies":"Cultist and Chosen","floor":22,"turns":10},{"damage":14,"enemies":"Gremlin Leader","floor":23,"turns":6},{"damage":41,"enemies":"Slavers","floor":25,"turns":5},{"damage":34,"enemies":"Masked Bandits","floor":27,"turns":7},{"damage":18,"enemies":"Snecko","floor":28,"turns":6},{"damage":0,"enemies":"Sentry and Sphere","floor":31,"turns":13},{"damage":2,"enemies":"Champ","floor":33,"turns":13},{"damage":16,"enemies":"3 Darklings","floor":35,"turns":20},{"damage":0,"enemies":"Orb Walker","floor":37,"turns":7},{"damage":2,"enemies":"Giant Head","floor":41,"turns":9},{"damage":0,"enemies":"Reptomancer","floor":42,"turns":11},{"damage":13,"enemies":"Nightmare","floor":45,"turns":13},{"damage":6,"enemies":"Giant Head","floor":46,"turns":9},{"damage":0,"enemies":"Jaw Worm Horde","floor":47,"turns":7},{"damage":0,"enemies":"Spire Growth","floor":48,"turns":6},{"damage":70,"enemies":"infinitespire:MassOfShapes","floor":50,"turns":27},{"damage":37,"enemies":"Shield and Spear","floor":54,"turns":12},{"damage":27,"enemies":"The Heart","floor":55,"turns":11}],"seed_played":"-1448512632341318424","potions_obtained":[{"floor":3,"key":"bronze:BurnAndBuffPotion"},{"floor":10,"key":"Death Potion"},{"floor":12,"key":"Fruit Juice"},{"floor":13,"key":"AttackPotion"},{"floor":16,"key":"hexamod:SoulburnPotion"},{"floor":18,"key":"SpeedPotion"},{"floor":20,"key":"PowerPotion"},{"floor":21,"key":"Fire Potion"},{"floor":23,"key":"BlessingOfTheForge"},{"floor":27,"key":"Strength Potion"},{"floor":28,"key":"Guardian:BlockOnCardUsePotion"},{"floor":31,"key":"Fire Potion"},{"floor":33,"key":"infinitespire:BlackPotion"}],"is_trial":false,"path_per_floor":["M","?","M","?","M","R","E","R","T","E","?","M","E","$","R","B",null,"M","AVR","M","M","M","E","R","E","T","?","M","R","?","M","R","B",null,"M","$","M","?","?","R","E","E","T","R","NM","E","M","M","R","B",null,"R","$","E","B",null],"character_chosen":"DEFECT","items_purchased":["FIFO Queue","PreservedInsect","Golden Egg","MealTicket","infinitespire:Bottled Soul"],"campfire_rested":5,"item_purchase_floors":[14,14,36,36,53],"current_hp_per_floor":[82,62,62,46,46,70,60,60,60,39,6,10,3,3,29,17,87,78,78,86,81,73,69,87,46,46,22,4,30,30,40,66,79,87,81,81,87,87,87,87,85,85,85,85,82,86,86,86,86,16,87,87,87,57,60],"gold":48,"neow_bonus":"TEN_PERCENT_HP_BONUS","is_daily":false,"chose_seed":false,"campfire_upgraded":4,"win_rate":0.0,"timestamp":1611779177,"path_taken":["M","?","M","?","M","R","E","R","T","E","?","M","E","$","R","BOSS","M","AVR","M","M","M","E","R","E","T","?","M","R","?","M","R","BOSS","M","$","M","?","?","R","E","E","T","R","NM","E","M","M","R","BOSS","R","$","E","BOSS"],"items_purchased_type":["Card","Relic","Relic","Relic","Relic"],"build_version":"2020-12-13","purchased_purges":1,"victory":true,"max_hp_per_floor":[82,82,82,82,82,82,82,82,82,82,82,87,87,87,87,87,87,87,87,87,87,87,87,87,87,87,87,87,87,87,87,87,87,87,87,87,87,87,87,87,87,87,87,87,87,87,87,87,87,87,87,87,87,87,87],"card_choices":[{"not_picked":["Stack","ReplayTheSpireMod:Calculation Training"],"picked":"Hello World","floor":1},{"not_picked":["Replay:Fractal Strike","ReplayTheSpireMod:Black Plague"],"picked":"infinitespire:Collect","floor":2},{"not_picked":["Beam Cell","Go for the Eyes"],"picked":"Cold Snap","floor":3},{"not_picked":["Turbo","Amplify","Time Bomb"],"picked":"SKIP","floor":5},{"not_picked":["Chaos","Steam"],"picked":"Genetic Algorithm","floor":7},{"not_picked":["Scrape","Crystallizer"],"picked":"Barrage","floor":10},{"not_picked":["Compile Driver","Steam"],"picked":"Leap","floor":12},{"not_picked":["Thunder Strike","Panic Button"],"picked":"Scrape","floor":13},{"not_picked":["Thunder Strike","Buffer"],"picked":"Echo Form","floor":16},{"not_picked":["BasicCrystalCard+1","Compile Driver"],"picked":"Stack","floor":18},{"not_picked":["Cold Snap","Fusion"],"picked":"Coolheaded","floor":20},{"not_picked":["Lockon","Compile Driver"],"picked":"Force Field+1","floor":21},{"not_picked":["Sunder","Gash"],"picked":"Loop","floor":22},{"not_picked":["Melter","Go for the Eyes"],"picked":"Cold Snap","floor":23},{"not_picked":["Core Surge","Beam Cell"],"picked":"Genetic Algorithm+1","floor":25},{"not_picked":["BasicCrystalCard+1","Panic Button"],"picked":"Capacitor","floor":27},{"not_picked":["Redo","Go for the Eyes"],"picked":"Consume+1","floor":28},{"not_picked":["Biased Cognition","Ball Lightning+1"],"picked":"Chill","floor":31},{"not_picked":["Thunder Strike","Mirror Shield"],"picked":"Biased Cognition","floor":33},{"not_picked":["BasicCrystalCard","Hologram"],"picked":"ReplayTheSpireMod:Reroute Power+1","floor":35},{"not_picked":["Cold Snap","Panic Button"],"picked":"Capacitor","floor":37},{"not_picked":["Force Field+1","Steam+1"],"picked":"Glacier+1","floor":41},{"not_picked":["Go for the Eyes+1","Steam+1"],"picked":"Coolheaded+1","floor":42},{"not_picked":["Stack+1","Barrage"],"picked":"All For One","floor":45},{"not_picked":["Go for the Eyes+1","Auto Shields"],"picked":"Compile Driver+1","floor":46},{"not_picked":["Cold Snap+1","Scrape+1"],"picked":"ReplaySolidLightProjector","floor":47},{"not_picked":["Stack+1","ReplayTheSpireMod:System Scan+1","Crystallizer"],"picked":"SKIP","floor":48},{"not_picked":["Leap","Self Repair+1"],"picked":"Scrape","floor":54}],"player_experience":96488,"relics_obtained":[{"floor":7,"key":"White Beast Statue"},{"floor":9,"key":"Cables"},{"floor":10,"key":"WingedGreaves"},{"floor":13,"key":"Replay:Baseball"},{"floor":23,"key":"Darkstone Periapt"},{"floor":25,"key":"Unceasing Top"},{"floor":26,"key":"Potion Belt"},{"floor":27,"key":"Red Mask"},{"floor":41,"key":"Replay:Bandana"},{"floor":42,"key":"Omamori"},{"floor":45,"key":"Lantern"},{"floor":46,"key":"Mirror"},{"floor":54,"key":"Orichalcum"}],"event_choices":[{"damage_healed":0,"gold_gain":0,"player_choice":"Entered Light","damage_taken":16,"max_hp_gain":0,"max_hp_loss":0,"event_name":"Shining Light","floor":4,"gold_loss":0,"cards_upgraded":["Zap","Defend_B"]},{"damage_healed":0,"gold_gain":0,"player_choice":"Success","damage_taken":33,"relics_obtained":["Pondfish Scales"],"max_hp_gain":0,"max_hp_loss":0,"event_name":"Scrap Ooze","floor":11,"gold_loss":0},{"damage_healed":0,"gold_gain":0,"player_choice":"Fought Bandits","damage_taken":0,"max_hp_gain":0,"max_hp_loss":0,"event_name":"Masked Bandits","floor":27,"gold_loss":0},{"damage_healed":0,"gold_gain":0,"player_choice":"Read","damage_taken":0,"max_hp_gain":0,"max_hp_loss":0,"event_name":"The Library","floor":30,"gold_loss":0,"cards_obtained":["Chill"]},{"cards_removed":["Strike_B"],"damage_healed":0,"gold_gain":0,"player_choice":"Removed Attack","damage_taken":0,"max_hp_gain":0,"max_hp_loss":0,"event_name":"Falling","floor":38,"gold_loss":0},{"damage_healed":0,"gold_gain":0,"player_choice":"Ignored","damage_taken":0,"max_hp_gain":0,"max_hp_loss":0,"event_name":"Purifier","floor":39,"gold_loss":0}],"is_beta":false,"boss_relics":[{"not_picked":["Philosopher\u0027s Stone","SacredBark"],"picked":"Nuclear Battery"},{"not_picked":["Replay:Drink Me","Ring of Chaos"],"picked":"FrozenCore"}],"items_purged_floors":[53],"is_endless":false,"potions_floor_spawned":[3,10,12,13,16,18,20,21,22,23,25,27,28,31,33,35,37,41,42,45,46,47,48,54],"ascension_level":3}}