{"host":"pe7ycb8t2t906so2","time":1611791688,"event":{"mods":["BaseMod","Colored Map","Highlight Path","Minty Spire (QoL Compilation)"],"gold_per_floor":[114,126,146,146,165,165,177,102,175,175,532,532,559,571,583,667,679,702,727,739,739],"floor_reached":20,"language":"FRA","playtime":1147,"items_purged":["Strike_P"],"score":414,"play_id":"29987243-d1a3-42c2-af00-1e00fad34d1c","local_time":"20210127185448","is_ascension_mode":true,"campfire_choices":[{"data":"PathToVictory","floor":6,"key":"SMITH"},{"data":"CutThroughFate","floor":10,"key":"SMITH"},{"floor":12,"key":"REST"},{"floor":15,"key":"REST"}],"circlet_count":0,"master_deck":["AscendersBane","Strike_P","Strike_P","Defend_P","Defend_P","Defend_P","Defend_P","Eruption","Vigilance","PathToVictory+1","CutThroughFate+1","Prostrate","Alpha","MasterReality","PathToVictory+1"],"relics":["PureWater","NeowsBlessing","CultistMask","Shuriken","Old Coin","MawBank","Busted Crown"],"acts_visited":["Exordium","TheCity"],"potions_floor_usage":[11,11,18],"damage_taken":[{"damage":0,"enemies":"Small Slimes","floor":1,"turns":1},{"damage":0,"enemies":"Cultist","floor":2,"turns":1},{"damage":0,"enemies":"Jaw Worm","floor":3,"turns":1},{"damage":7,"enemies":"2 Fungi Beasts","floor":5,"turns":4},{"damage":0,"enemies":"Blue Slaver","floor":7,"turns":4},{"damage":23,"enemies":"Lagavulin Event","floor":11,"turns":5},{"damage":32,"enemies":"3 Sentries","floor":13,"turns":5},{"damage":0,"enemies":"Slime Boss","floor":16,"turns":5},{"damage":30,"enemies":"Shell Parasite","floor":18,"turns":5},{"damage":27,"enemies":"3 Byrds","floor":19,"turns":5},{"damage":0,"enemies":"Centurion and Healer","floor":20,"turns":1}],"seed_played":"-366382057892354240","potions_obtained":[{"floor":1,"key":"DuplicationPotion"},{"floor":3,"key":"AttackPotion"},{"floor":13,"key":"SkillPotion"},{"floor":18,"key":"BottledMiracle"}],"is_trial":false,"path_per_floor":["M","M","M","?","M","R","M","$","T","R","?","R","E","?","R","B",null,"M","M","M"],"character_chosen":"WATCHER","items_purchased":[],"campfire_rested":2,"item_purchase_floors":[],"current_hp_per_floor":[61,61,61,61,54,54,54,54,54,54,31,51,19,12,32,32,59,29,2,2,2],"gold":739,"neow_bonus":"THREE_ENEMY_KILL","is_daily":false,"chose_seed":false,"campfire_upgraded":2,"win_rate":0.0,"timestamp":1611791688,"path_taken":["M","M","M","?","M","R","?","$","T","R","?","R","E","?","R","BOSS","M","M","M"],"items_purchased_type":[],"build_version":"2020-12-22","purchased_purges":1,"victory":false,"max_hp_per_floor":[68,68,68,68,68,68,68,68,68,68,68,68,68,68,68,68,68,68,68,68,68],"card_choices":[{"not_picked":["BattleHymn","Study"],"picked":"PathToVictory","floor":1},{"not_picked":["BattleHymn","FlurryOfBlows"],"picked":"CutThroughFate","floor":2},{"not_picked":["Worship","Protect","ThirdEye"],"picked":"SKIP","floor":3},{"not_picked":["Wallop","Crescendo"],"picked":"Prostrate","floor":5},{"not_picked":["BowlingBash","ClearTheMind","FlyingSleeves"],"picked":"SKIP","floor":7},{"not_picked":["SandsOfTime","Crescendo"],"picked":"Alpha","floor":11},{"not_picked":["BattleHymn","Tantrum","TalkToTheHand"],"picked":"SKIP","floor":13},{"not_picked":["Blasphemy","Devotion"],"picked":"MasterReality","floor":16},{"not_picked":[],"picked":"PathToVictory+1","floor":18},{"not_picked":["Crescendo+1"],"picked":"SKIP","floor":19}],"player_experience":959748,"relics_obtained":[{"floor":9,"key":"Shuriken"},{"floor":13,"key":"MawBank"}],"event_choices":[{"damage_healed":0,"gold_gain":0,"player_choice":"Trade","damage_taken":0,"relics_obtained":["CultistMask"],"max_hp_gain":0,"max_hp_loss":0,"event_name":"FaceTrader","floor":4,"gold_loss":0},{"damage_healed":0,"gold_gain":30,"player_choice":"Searched \u00273\u0027 times","damage_taken":0,"relics_obtained":["Old Coin"],"max_hp_gain":0,"max_hp_loss":0,"event_name":"Dead Adventurer","floor":11,"gold_loss":0},{"cards_removed":["Strike_P"],"damage_healed":0,"gold_gain":0,"player_choice":"Card Removal","damage_taken":7,"max_hp_gain":0,"max_hp_loss":0,"event_name":"Golden Wing","floor":14,"gold_loss":0}],"is_beta":false,"boss_relics":[{"not_picked":["SacredBark","VioletLotus"],"picked":"Busted Crown"}],"items_purged_floors":[8],"is_endless":false,"potions_floor_spawned":[1,3,13,18],"killed_by":"Centurion and Healer","ascension_level":17}}