{"host":"g1wmg2w41xhsnw8g","time":1611726981,"event":{"mods":["2.2 Compatiblity","Act Like it!","Aspiration","BaseMod","Better Altar","Better Match","Better Note","Better Sensory Stone","Better Skull","Better Third Choice","BetterRewards","Booster Modes","CapriCore","Colored Map","Colored Powertips","Defuse TimeMaze Blight","Displayed Cursed Tome","Evolution","Fox Events","Friendly Minions","GifTheSpireLib","Good Game Mod","Googly Eyes","Infinite Spire","Jorbs\u0027s Wanderer Trilogy","Minty Spire (QoL Compilation)","Red Circlet Mod","Relic Filter Mod","Relic Sorter","Reliquary","Shop Mod","Spicy Shops","StSLib","The Runesmith","The Sage","Trackpad","Transform Curses","Wandering Minibosses","Weighted Paths","????"],"gold_per_floor":[115,71,81,81,99,126,141,141,141,176,176,176,207,221,108,212,212,195,195,161,187,43,84,84,128,181,181,181],"floor_reached":27,"language":"ENG","playtime":2342,"items_purged":[],"score":361,"play_id":"cfcf10f5-9f74-4827-a173-964b01c148d3","local_time":"20210127005621","daily_mods":["Heirloom","Elite Swarm"],"is_ascension_mode":true,"campfire_choices":[{"data":"Runesmith:MetallurgicalResearch","floor":12,"key":"SMITH"},{"data":"Runesmith:Supernova","floor":24,"key":"SMITH"}],"circlet_count":0,"master_deck":["Runesmith:EnergizedChisel","Runesmith:ShiftingStrike","Runesmith:HeatedChisel","Runesmith:EarthShield","Runesmith:StaticCage","Runesmith:Grindstone","Runesmith:CraftFirestone","Runesmith:Fortify","Runesmith:BackupBattery","Chrysalis","Runesmith:CraftVitae","Demon Form","Runesmith:MetallurgicalResearch+1","Runesmith:DuctTape","Runesmith:ReplicatingBarrier","Runesmith:PerfectChisel","Runesmith:Permafrost","Runesmith:Supernova+1","stsjorbsmod:ChainLightning+1","Runesmith:Augment+1","Runesmith:FissionHammer","Runesmith:GrandSlam"],"relics":["Runesmith:BrokenRuby","EVO:Axolotl","REME:ComplimentaryCards","infinitespire:Magic Flask","betterThird:SlimedRelic","Thread and Needle","sagemod:Singing_Vial","infinitespire:Golems Mask","Tiny Chest","infinitespire:ShieldingShard","MerchantsRug","SacredBark","CeramicFish","Omamori","Centennial Puzzle","Runesmith:Locket","infinitespire:Beetle Shell"],"acts_visited":["Exordium","TheCity"],"potions_floor_usage":[14,15,20,25],"damage_taken":[{"damage":1,"enemies":"2 Louse","floor":1,"turns":3},{"damage":0,"enemies":"Cultist","floor":3,"turns":3},{"damage":0,"enemies":"Small Slimes","floor":5,"turns":5},{"damage":2,"enemies":"Lagavulin","floor":6,"turns":6},{"damage":0,"enemies":"Looter","floor":7,"turns":3},{"damage":0,"enemies":"3 Sentries","floor":10,"turns":11},{"damage":27,"enemies":"Gremlin Nob","floor":13,"turns":6},{"damage":3,"enemies":"Lots of Slimes","floor":14,"turns":2},{"damage":0,"enemies":"The Guardian","floor":16,"turns":12},{"damage":21,"enemies":"2 Thieves","floor":18,"turns":5},{"damage":17,"enemies":"Spheric Guardian","floor":20,"turns":8},{"damage":18,"enemies":"Nightmare","floor":23,"turns":8},{"damage":4,"enemies":"Slavers","floor":25,"turns":6},{"damage":59,"enemies":"Gremlin Leader","floor":27,"turns":4}],"seed_played":"-6117659405935528861","potions_obtained":[{"floor":3,"key":"Ancient Potion"},{"floor":10,"key":"Dexterity Potion"},{"floor":13,"key":"Explosive Potion"},{"floor":14,"key":"EntropicBrew"},{"floor":18,"key":"Regen Potion"},{"floor":23,"key":"SkillPotion"}],"is_trial":true,"path_per_floor":["M","?","M","?","M","E","M","?","T","E","?","R","E","M","R","B",null,"M","?","M","T","$","NM","R","E","T","E"],"character_chosen":"RUNESMITH_CLASS","items_purchased":["MerchantsRug","Runesmith:Permafrost","Omamori"],"campfire_rested":0,"item_purchase_floors":[15,15,22],"current_hp_per_floor":[74,63,63,51,51,49,49,49,49,49,49,49,22,19,19,19,75,54,54,75,75,75,57,57,53,53,0,0],"gold":181,"neow_bonus":"","is_daily":false,"chose_seed":false,"campfire_upgraded":2,"win_rate":0.0,"timestamp":1611726981,"path_taken":["M","?","M","?","M","E","?","?","T","E","?","R","E","?","R","BOSS","M","?","M","?","?","NM","R","E","T","E"],"items_purchased_type":["Relic","Card","Relic"],"build_version":"2020-12-22","purchased_purges":0,"victory":false,"max_hp_per_floor":[75,75,75,75,75,75,75,75,75,75,75,75,75,75,75,75,75,75,75,75,75,75,75,75,75,75,75,75],"card_choices":[{"not_picked":["Runesmith:CraftMagma","Runesmith:EnergizedChisel"],"picked":"Runesmith:BackupBattery","floor":1},{"not_picked":["Runesmith:HammerThrow","Runesmith:EnergizedChisel"],"picked":"Runesmith:CraftVitae","floor":3},{"not_picked":["Runesmith:WhiteBalance","Runesmith:RuneHurl","Runesmith:HammerThrow"],"picked":"SKIP","floor":5},{"not_picked":["Runesmith:GrandSlam","Runesmith:FissionHammer"],"picked":"Runesmith:MetallurgicalResearch","floor":6},{"not_picked":["Runesmith:Grindstone","Runesmith:ElementalConversion","Runesmith:EarthShield"],"picked":"SKIP","floor":7},{"not_picked":["Runesmith:CraftIndustria","Runesmith:ArcReactor"],"picked":"Runesmith:ReplicatingBarrier","floor":10},{"not_picked":["Runesmith:MetallurgicalResearch","Runesmith:ArcReactor","Runesmith:GenerateForcefield"],"picked":"Singing Bowl","floor":13},{"not_picked":["Runesmith:HammerThrow","Runesmith:WhiteBalance"],"picked":"Runesmith:PerfectChisel","floor":14},{"not_picked":["Runesmith:GrandSlam","Runesmith:LastStand"],"picked":"Runesmith:Supernova","floor":16},{"not_picked":["Runesmith:Overpower","Runesmith:HeatedChisel","Runesmith:HammerThrow"],"picked":"Singing Bowl","floor":18},{"not_picked":["Runesmith:Repurpose","Runesmith:CraftMagma+1"],"picked":"Runesmith:Augment+1","floor":20},{"not_picked":["Runesmith:DuctTape","Runesmith:CraftIndustria"],"picked":"Runesmith:FissionHammer","floor":23},{"not_picked":["Runesmith:Duplicate","Runesmith:ArcReactor"],"picked":"Runesmith:GrandSlam","floor":25}],"player_experience":980530,"relics_obtained":[{"floor":6,"key":"infinitespire:Golems Mask"},{"floor":9,"key":"Tiny Chest"},{"floor":10,"key":"infinitespire:ShieldingShard"},{"floor":13,"key":"Ancient Tea Set"},{"floor":21,"key":"CeramicFish"},{"floor":23,"key":"Centennial Puzzle"},{"floor":25,"key":"Runesmith:Locket"},{"floor":26,"key":"infinitespire:Beetle Shell"}],"event_choices":[{"damage_healed":0,"gold_gain":0,"player_choice":"Slimed","damage_taken":11,"max_hp_gain":0,"max_hp_loss":0,"event_name":"betterThird:BetterGoop","floor":2,"gold_loss":44},{"damage_healed":0,"gold_gain":1,"player_choice":"Relic Relic Card ","damage_taken":12,"max_hp_gain":0,"max_hp_loss":0,"event_name":"betterThird:BetterScrap","floor":4,"gold_loss":0,"cards_obtained":["Demon Form","Establishment"]},{"damage_healed":0,"gold_gain":0,"cards_transformed":["Runesmith:Overpower"],"player_choice":"Change","damage_taken":0,"max_hp_gain":0,"max_hp_loss":0,"event_name":"Living Wall","floor":8,"gold_loss":0,"cards_obtained":["Runesmith:DuctTape"]},{"cards_removed":["Runesmith:MakeshiftArmor"],"damage_healed":0,"gold_gain":0,"player_choice":"Purged","damage_taken":0,"max_hp_gain":0,"max_hp_loss":0,"event_name":"Purifier","floor":11,"gold_loss":0},{"cards_removed":["Runesmith:Permafrost"],"damage_healed":0,"gold_gain":0,"player_choice":"Take \u0026 Give","damage_taken":0,"max_hp_gain":0,"max_hp_loss":0,"event_name":"betterNote:BetterNote","floor":19,"gold_loss":0,"cards_obtained":["stsjorbsmod:ChainLightning"]}],"is_beta":false,"boss_relics":[{"not_picked":["Busted Crown","aspiration:PoetsPen"],"picked":"SacredBark"}],"items_purged_floors":[],"is_endless":true,"potions_floor_spawned":[3,10,13,14,18,23],"killed_by":"Gremlin Leader","ascension_level":1}}