{"host":"gc0hqzwg2gd3zszy","time":1611772754,"event":{"mods":["BaseMod","DeckTracker","Minty Spire (QoL Compilation)","Relic Stats","SuperFastMode"],"gold_per_floor":[109,109,109,123,140,140,170,170,170,170,199,199,215,215,215,292,292,307,319,319,331,349,349,364,381,381,400,413,413,59,109,109,183,183,193,67,79,0,12,39,39,72,145,163,163,198,36,55,55,55,55,55,55,2,28,28,28],"floor_reached":56,"language":"KOR","playtime":2417,"items_purged":["Defend_G","Defend_G","Strike_G"],"score":1848,"play_id":"09e91c42-4de9-4e84-979f-c7ab2860b016","local_time":"20210128033914","is_ascension_mode":true,"campfire_choices":[{"data":"Predator","floor":6.0,"key":"SMITH"},{"floor":8.0,"key":"REST"},{"data":"Cloak And Dagger","floor":10.0,"key":"SMITH"},{"data":"Neutralize","floor":12.0,"key":"SMITH"},{"data":"Infinite Blades","floor":15.0,"key":"SMITH"},{"data":"Finisher","floor":23.0,"key":"SMITH"},{"data":"Calculated Gamble","floor":32.0,"key":"SMITH"},{"data":"Cloak And Dagger","floor":41.0,"key":"SMITH"},{"data":"Blade Dance","floor":45.0,"key":"SMITH"},{"floor":49.0,"key":"RECALL"},{"data":"Footwork","floor":53.0,"key":"SMITH"}],"circlet_count":0,"master_deck":["AscendersBane","Strike_G","Strike_G","Defend_G","Defend_G","Defend_G","Survivor","Neutralize+1","Predator+1","Masterful Stab","Acrobatics","Infinite Blades+1","Cloak And Dagger+1","Leg Sweep","Adrenaline","Finisher+1","Reflex","Heel Hook","Cloak And Dagger+1","All Out Attack+1","Calculated Gamble+1","Die Die Die","Blade Dance+1","PiercingWail+1","Well Laid Plans","Blur","Footwork+1","Dodge and Roll"],"relics":["Ring of the Snake","Shuriken","HornCleat","PreservedInsect","Du-Vu Doll","Busted Crown","MealTicket","Letter Opener","HoveringKite","Red Mask","Molten Egg 2","Eternal Feather","Incense Burner","Bottled Lightning"],"acts_visited":["Exordium","TheCity","TheBeyond","TheEnding"],"potions_floor_usage":[56],"damage_taken":[{"damage":5.0,"enemies":"Small Slimes","floor":1.0,"turns":5.0},{"damage":0.0,"enemies":"2 Louse","floor":4.0,"turns":2.0},{"damage":0.0,"enemies":"Jaw Worm","floor":5.0,"turns":3.0},{"damage":26.0,"enemies":"Gremlin Nob","floor":7.0,"turns":4.0},{"damage":11.0,"enemies":"Lagavulin","floor":11.0,"turns":4.0},{"damage":0.0,"enemies":"Looter","floor":13.0,"turns":3.0},{"damage":18.0,"enemies":"Slime Boss","floor":16.0,"turns":6.0},{"damage":12.0,"enemies":"3 Byrds","floor":18.0,"turns":5.0},{"damage":7.0,"enemies":"2 Thieves","floor":19.0,"turns":4.0},{"damage":0.0,"enemies":"Cultist and Chosen","floor":21.0,"turns":5.0},{"damage":0.0,"enemies":"Shelled Parasite and Fungi","floor":22.0,"turns":3.0},{"damage":6.0,"enemies":"Chosen and Byrds","floor":24.0,"turns":3.0},{"damage":0.0,"enemies":"Centurion and Healer","floor":25.0,"turns":3.0},{"damage":14.0,"enemies":"Snecko","floor":27.0,"turns":5.0},{"damage":0.0,"enemies":"Snake Plant","floor":28.0,"turns":3.0},{"damage":21.0,"enemies":"Collector","floor":33.0,"turns":7.0},{"damage":0.0,"enemies":"3 Darklings","floor":35.0,"turns":3.0},{"damage":9.0,"enemies":"3 Shapes","floor":37.0,"turns":2.0},{"damage":0.0,"enemies":"Spire Growth","floor":39.0,"turns":3.0},{"damage":5.0,"enemies":"Reptomancer","floor":40.0,"turns":3.0},{"damage":6.0,"enemies":"Giant Head","floor":42.0,"turns":4.0},{"damage":7.0,"enemies":"4 Shapes","floor":44.0,"turns":3.0},{"damage":6.0,"enemies":"Reptomancer","floor":46.0,"turns":4.0},{"damage":0.0,"enemies":"Transient","floor":48.0,"turns":6.0},{"damage":21.0,"enemies":"Awakened One","floor":50.0,"turns":7.0},{"damage":38.0,"enemies":"Donu and Deca","floor":51.0,"turns":8.0},{"damage":26.0,"enemies":"Shield and Spear","floor":55.0,"turns":5.0},{"damage":45,"enemies":"The Heart","floor":56,"turns":3}],"seed_played":"2109877502946180767","potions_obtained":[{"floor":4.0,"key":"Swift Potion"},{"floor":5.0,"key":"DuplicationPotion"},{"floor":13.0,"key":"Fire Potion"},{"floor":18.0,"key":"DuplicationPotion"},{"floor":21.0,"key":"Fire Potion"},{"floor":33.0,"key":"SneckoOil"},{"floor":40.0,"key":"LiquidBronze"},{"floor":42.0,"key":"Fire Potion"},{"floor":46.0,"key":"SpeedPotion"},{"floor":48.0,"key":"CunningPotion"}],"is_trial":false,"path_per_floor":["M","?","?","M","M","R","E","R","T","R","E","R","M","T","R","B",null,"M","M","?","M","M","R","M","M","T","M","M","?","$","?","R","B",null,"M","$","M","?","M","E","R","E","T","M","R","E","$","M","R","B","B",null,"R","$","E","B"],"character_chosen":"THE_SILENT","items_purchased":["Letter Opener","Blade Dance","Footwork","SpeedPotion"],"campfire_rested":1,"item_purchase_floors":[30,36,47,54],"current_hp_per_floor":[54,47,52,52,52,52,26,47,47,47,36,36,36,36,36,18,58,46,39,39,39,39,39,33,33,33,19,19,19,34,34,34,13,57,57,71,62,62,62,57,57,51,51,44,59,53,68,68,71,50,12,56,71,71,45,0,0],"gold":28,"neow_bonus":"THREE_CARDS","is_daily":false,"chose_seed":false,"campfire_upgraded":9,"win_rate":0.0,"timestamp":1611772754,"path_taken":["M","?","?","M","M","R","E","R","T","R","E","R","M","?","R","BOSS","M","M","?","M","?","R","M","M","T","M","M","?","$","?","R","BOSS","M","?","M","?","M","E","R","E","T","M","R","E","$","M","R","BOSS","BOSS","R","$","E","BOSS"],"items_purchased_type":["Relic","Card","Card","Potion"],"build_version":"2020-12-22","purchased_purges":3,"victory":false,"max_hp_per_floor":[66,66,71,71,71,71,71,71,71,71,71,71,71,71,71,71,71,71,71,71,71,71,71,71,71,71,71,71,71,71,71,71,71,71,71,71,71,71,71,71,71,71,71,71,71,71,71,71,71,71,71,71,71,71,71,71,71],"relic_stats":{"Busted Crown":36,"counters":[28,116],"Shuriken":[117],"HoveringKite":[29],"MealTicket":44,"Eternal Feather":33,"PreservedInsect":329,"Letter Opener":[202],"obtain_stats":[{"HoveringKite":34,"Eternal Feather":42,"PreservedInsect":11,"Incense Burner":46,"Letter Opener":30,"Du-Vu Doll":14,"HornCleat":9,"Busted Crown":17,"Shuriken":7,"MealTicket":26,"Molten Egg 2":40,"Red Mask":38,"Bottled Lightning":55,"Ring of the Snake":0},{"HoveringKite":16,"Eternal Feather":21,"PreservedInsect":5,"Incense Burner":23,"Letter Opener":15,"Du-Vu Doll":6,"HornCleat":4,"Busted Crown":7,"Shuriken":4,"MealTicket":13,"Molten Egg 2":20,"Red Mask":18,"Bottled Lightning":27,"Ring of the Snake":0},{"HoveringKite":65,"Eternal Feather":80,"PreservedInsect":18,"Incense Burner":87,"Letter Opener":58,"Du-Vu Doll":21,"HornCleat":14,"Busted Crown":27,"Shuriken":14,"MealTicket":50,"Molten Egg 2":76,"Red Mask":70,"Bottled Lightning":113,"Ring of the Snake":0}],"Ring of the Snake":[56]},"card_choices":[{"not_picked":["Deflect","Sucker Punch"],"picked":"Predator","floor":0.0},{"not_picked":["Deadly Poison","Deflect"],"picked":"Masterful Stab","floor":1.0},{"not_picked":["Dagger Throw","Eviscerate"],"picked":"Acrobatics","floor":4.0},{"not_picked":["Dagger Throw","Quick Slash"],"picked":"Infinite Blades","floor":5.0},{"not_picked":["Backstab","Bane"],"picked":"Cloak And Dagger","floor":7.0},{"not_picked":["Outmaneuver","Doppelganger","Bullet Time"],"picked":"SKIP","floor":11.0},{"not_picked":["Flechettes","Slice"],"picked":"Leg Sweep","floor":13.0},{"not_picked":["Grand Finale","Glass Knife"],"picked":"Adrenaline","floor":16.0},{"not_picked":["All Out Attack"],"picked":"SKIP","floor":18.0},{"not_picked":[],"picked":"Finisher","floor":19.0},{"not_picked":["Concentrate"],"picked":"SKIP","floor":21.0},{"not_picked":[],"picked":"Reflex","floor":22.0},{"not_picked":["Heel Hook"],"picked":"SKIP","floor":24.0},{"not_picked":[],"picked":"Heel Hook","floor":24.0},{"not_picked":["Underhanded Strike"],"picked":"SKIP","floor":25.0},{"not_picked":[],"picked":"Cloak And Dagger","floor":27.0},{"not_picked":[],"picked":"All Out Attack+1","floor":28.0},{"not_picked":[],"picked":"Die Die Die","floor":33.0},{"not_picked":["Heel Hook"],"picked":"SKIP","floor":35.0},{"not_picked":[],"picked":"PiercingWail+1","floor":37.0},{"not_picked":[],"picked":"Well Laid Plans","floor":39.0},{"not_picked":["Deadly Poison+1"],"picked":"SKIP","floor":40.0},{"not_picked":["Deadly Poison+1"],"picked":"SKIP","floor":40.0},{"not_picked":["Flying Knee+1"],"picked":"SKIP","floor":42.0},{"not_picked":["Dagger Spray+1"],"picked":"SKIP","floor":44.0},{"not_picked":[],"picked":"Blur","floor":46.0},{"not_picked":["Crippling Poison"],"picked":"SKIP","floor":48.0},{"not_picked":[],"picked":"Dodge and Roll","floor":55.0}],"player_experience":1365558,"relics_obtained":[{"floor":7.0,"key":"Shuriken"},{"floor":9.0,"key":"HornCleat"},{"floor":11.0,"key":"PreservedInsect"},{"floor":14.0,"key":"Du-Vu Doll"},{"floor":26.0,"key":"MealTicket"},{"floor":40.0,"key":"Molten Egg 2"},{"floor":42.0,"key":"Eternal Feather"},{"floor":46.0,"key":"Incense Burner"},{"floor":55.0,"key":"Bottled Lightning"}],"event_choices":[{"cards_removed":["Strike_G"],"damage_healed":0.0,"max_hp_gain":0.0,"max_hp_loss":0.0,"gold_gain":0.0,"event_name":"Golden Wing","player_choice":"Card Removal","floor":2.0,"gold_loss":0.0,"damage_taken":7.0},{"damage_healed":0.0,"max_hp_gain":5.0,"max_hp_loss":0.0,"gold_gain":0.0,"event_name":"Big Fish","player_choice":"Donut","floor":3.0,"gold_loss":0.0,"damage_taken":0.0},{"cards_removed":["Strike_G"],"damage_healed":0.0,"max_hp_gain":0.0,"max_hp_loss":0.0,"gold_gain":0.0,"event_name":"Purifier","player_choice":"Purged","floor":20.0,"gold_loss":0.0,"damage_taken":0.0},{"damage_healed":0.0,"max_hp_gain":0.0,"max_hp_loss":0.0,"gold_gain":0.0,"event_name":"The Library","player_choice":"Read","floor":29.0,"gold_loss":0.0,"damage_taken":0.0,"cards_obtained":["Calculated Gamble"]},{"damage_healed":0.0,"max_hp_gain":0.0,"max_hp_loss":0.0,"gold_gain":50.0,"event_name":"Golden Shrine","player_choice":"Pray","floor":31.0,"gold_loss":0.0,"damage_taken":0.0},{"damage_healed":0.0,"max_hp_gain":0.0,"max_hp_loss":0.0,"gold_gain":0.0,"event_name":"Tomb of Lord Red Mask","player_choice":"Paid","floor":38.0,"gold_loss":79.0,"damage_taken":0.0,"relics_obtained":["Red Mask"]}],"is_beta":false,"boss_relics":[{"not_picked":["Coffee Dripper","Velvet Choker"],"picked":"Busted Crown"},{"not_picked":["Runic Pyramid","Sozu"],"picked":"HoveringKite"}],"items_purged_floors":[30,36,47],"is_endless":false,"potions_floor_spawned":[4,5,13,18,21,33,40,42,46,48],"killed_by":"The Heart","ascension_level":20}}