{"host":"8dhn6p16jorj0i1s","time":1611777383,"event":{"mods":["AchievementEnabler","BaseMod","Colored Map","DeckTracker","Highlight Path","Minty Spire (QoL Compilation)","Permanent Neow","Quick Restart"],"gold_per_floor":[109,123,134,59,70,70,80,30,30,44,55,55,74,104,104,204,204,216,91,110,121,138,148,148,174,222,222,222],"floor_reached":27,"language":"ENG","playtime":2660,"items_purged":["Decay","Strike_G"],"score":325,"play_id":"22c6a5f9-1f7c-49eb-9a5f-e31bf1fc7cd8","local_time":"20210127205623","is_ascension_mode":true,"campfire_choices":[{"data":"Envenom","floor":6.0,"key":"SMITH"},{"floor":12.0,"key":"REST"},{"data":"Neutralize","floor":15.0,"key":"SMITH"},{"data":"Backflip","floor":24,"key":"SMITH"}],"circlet_count":0,"master_deck":["Strike_G","Strike_G","Strike_G","Defend_G","Defend_G","Defend_G","Defend_G","Defend_G","Survivor","Neutralize+1","Envenom+1","Blade Dance","Blade Dance","Heel Hook","PiercingWail","Backstab","Terror","Storm of Steel","Setup+1","Backflip+1","Catalyst","Heel Hook","Backflip+1"],"relics":["Ring of the Snake","Tingsha","Blue Candle","WristBlade","Mango","Lantern"],"acts_visited":["Exordium","TheCity"],"potions_floor_usage":[21,23,25,25,27],"damage_taken":[{"damage":11.0,"enemies":"Jaw Worm","floor":1.0,"turns":6.0},{"damage":2.0,"enemies":"2 Louse","floor":2.0,"turns":4.0},{"damage":3.0,"enemies":"Small Slimes","floor":3.0,"turns":4.0},{"damage":11.0,"enemies":"Exordium Wildlife","floor":5.0,"turns":5.0},{"damage":8.0,"enemies":"Blue Slaver","floor":7.0,"turns":3.0},{"damage":0.0,"enemies":"2 Fungi Beasts","floor":10.0,"turns":3.0},{"damage":12.0,"enemies":"Lots of Slimes","floor":11.0,"turns":4.0},{"damage":3.0,"enemies":"Blue Slaver","floor":13.0,"turns":3.0},{"damage":10.0,"enemies":"Lagavulin","floor":14.0,"turns":3.0},{"damage":3.0,"enemies":"Slime Boss","floor":16.0,"turns":8.0},{"damage":0.0,"enemies":"Chosen","floor":18.0,"turns":2.0},{"damage":1.0,"enemies":"3 Byrds","floor":20.0,"turns":3.0},{"damage":13,"enemies":"Snecko","floor":21,"turns":5},{"damage":3,"enemies":"Cultist and Chosen","floor":22,"turns":3},{"damage":9,"enemies":"Snake Plant","floor":23,"turns":3},{"damage":15,"enemies":"Book of Stabbing","floor":25,"turns":5},{"damage":26,"enemies":"Slavers","floor":27,"turns":4}],"seed_played":"-3967985156479742683","potions_obtained":[{"floor":5.0,"key":"SkillPotion"},{"floor":11.0,"key":"GamblersBrew"},{"floor":13.0,"key":"Poison Potion"},{"floor":14.0,"key":"BlessingOfTheForge"},{"floor":20.0,"key":"Strength Potion"},{"floor":22,"key":"DistilledChaos"},{"floor":25,"key":"EssenceOfSteel"}],"is_trial":false,"path_per_floor":["M","M","M","$","M","R","M","?","T","M","M","R","M","E","R","B",null,"M","$","M","M","M","M","R","E","T","E"],"character_chosen":"THE_SILENT","items_purchased":["Backflip"],"campfire_rested":1,"item_purchase_floors":[19],"current_hp_per_floor":[52,50,47,47,36,36,28,28,28,28,16,37,34,24,24,21,58,58,58,57,44,41,32,32,31,31,5,5],"gold":222,"neow_bonus":"THREE_RARE_CARDS","is_daily":false,"chose_seed":false,"campfire_upgraded":3,"win_rate":0.0,"timestamp":1611777383,"path_taken":["M","M","M","$","M","R","M","?","T","M","M","R","M","E","R","BOSS","M","$","M","M","M","M","R","E","T","E"],"items_purchased_type":["Card"],"build_version":"2020-12-22","purchased_purges":2,"victory":false,"max_hp_per_floor":[70,70,70,70,70,70,70,70,70,70,70,70,70,70,70,70,70,70,70,70,70,70,70,70,84,84,84,84],"card_choices":[{"not_picked":["Burst","Doppelganger"],"picked":"Envenom","floor":0.0},{"not_picked":["Backflip","Outmaneuver"],"picked":"Blade Dance","floor":1.0},{"not_picked":["Deadly Poison","PiercingWail","Prepared"],"picked":"SKIP","floor":2.0},{"not_picked":["Leg Sweep","Eviscerate"],"picked":"Blade Dance","floor":3.0},{"not_picked":["Flechettes","Backflip","Flying Knee"],"picked":"SKIP","floor":5.0},{"not_picked":["Grand Finale","Underhanded Strike"],"picked":"Heel Hook","floor":7.0},{"not_picked":["Quick Slash","Dagger Spray","Sucker Punch"],"picked":"SKIP","floor":10.0},{"not_picked":["Bane","Sucker Punch"],"picked":"PiercingWail","floor":11.0},{"not_picked":["Dagger Throw","Flechettes"],"picked":"Backstab","floor":13.0},{"not_picked":["Masterful Stab","Acrobatics"],"picked":"Terror","floor":14.0},{"not_picked":["Tools of the Trade","Phantasmal Killer"],"picked":"Storm of Steel","floor":16.0},{"not_picked":["Quick Slash+1","Escape Plan"],"picked":"Setup+1","floor":18.0},{"not_picked":["Crippling Poison+1","Deflect+1"],"picked":"Catalyst","floor":20.0},{"not_picked":["Skewer+1","Prepared","Dodge and Roll"],"picked":"SKIP","floor":21},{"not_picked":["All Out Attack","Outmaneuver","Riddle With Holes"],"picked":"SKIP","floor":22},{"not_picked":["All Out Attack","Outmaneuver","Riddle With Holes"],"picked":"SKIP","floor":22},{"not_picked":["Flying Knee","Terror+1"],"picked":"Heel Hook","floor":23},{"not_picked":["Flechettes+1","Flying Knee"],"picked":"Backflip+1","floor":25}],"player_experience":477382,"relics_obtained":[{"floor":9.0,"key":"Tingsha"},{"floor":14.0,"key":"Blue Candle"},{"floor":25,"key":"Mango"},{"floor":26,"key":"Lantern"}],"event_choices":[{"cards_removed":["Strike_G"],"damage_healed":0.0,"max_hp_gain":0.0,"max_hp_loss":0.0,"gold_gain":0.0,"event_name":"The Cleric","player_choice":"Card Removal","floor":8.0,"gold_loss":50.0,"damage_taken":0.0}],"is_beta":false,"boss_relics":[{"not_picked":["Astrolabe","Pandora\u0027s Box"],"picked":"WristBlade"}],"items_purged_floors":[4,19],"is_endless":false,"potions_floor_spawned":[5,11,13,14,20,22,25],"killed_by":"Slavers","ascension_level":7}}