{"host":"e326moqq81vao3qq","time":1611774667,"event":{"mods":["BaseMod","Colored Powertips","Highlight Path","Minty Spire (QoL Compilation)","Quick Restart","Relic Stats","Spicy Shops","StSLib","The Druid"],"gold_per_floor":[119,134,134,134,151,151,186,186,186,199,213,231,231,45,45,141,141,121,121,134,134,144,144,158,174,174,200,200,110,38,58,58,162,162,178,193,243,86,86,117,131,147,147,178,178,35,35,45,45,45],"floor_reached":51,"language":"ENG","playtime":3017,"items_purged":[],"score":843,"play_id":"486318c7-c1e1-4d0c-a31d-963a9066d566","local_time":"20210127141107","is_ascension_mode":true,"campfire_choices":[{"data":"theDruid:BriarArmor","floor":6,"key":"SMITH"},{"data":"theDruid:Recoil","floor":8,"key":"SMITH"},{"floor":13,"key":"REST"},{"data":"Apotheosis","floor":15,"key":"SMITH"},{"floor":23,"key":"RECALL"},{"floor":32,"key":"REST"},{"floor":45,"key":"REST"},{"floor":47,"key":"REST"},{"floor":49,"key":"REST"}],"circlet_count":0,"master_deck":["theDruid:Strike_O+1","theDruid:Strike_O","theDruid:Defend_O","theDruid:Defend_O","theDruid:Defend_O","theDruid:Defend_O","theDruid:BriarArmor+1","theDruid:WildSlash","theDruid:BrambleLash","theDruid:ThickHide","theDruid:Recoil+1","theDruid:ForestsSoul","theDruid:WallofRoots","theDruid:Recoil","Apotheosis+1","theDruid:SerratedFlesh","theDruid:FelineGrace+1","theDruid:TakeShelter+1","theDruid:Resupply+1","theDruid:WallofRoots","theDruid:BristlingDefense","theDruid:BackupSupplies+1","theDruid:Restoration","theDruid:BriarArmor","theDruid:ThickHide+1","theDruid:BrambleLash"],"relics":["Runic Pyramid","TungstenRod","Bird Faced Urn","Fusion Hammer","theDruid:TigersClaw","Question Card","Bag of Preparation","Busted Crown","Ice Cream","ClockworkSouvenir","InkBottle","Pocketwatch","DollysMirror"],"acts_visited":["Exordium","TheCity","TheBeyond"],"potions_floor_usage":[7],"damage_taken":[{"damage":2,"enemies":"2 Louse","floor":1,"turns":3},{"damage":0,"enemies":"Cultist","floor":2,"turns":4},{"damage":0,"enemies":"Jaw Worm","floor":5,"turns":4},{"damage":45,"enemies":"Gremlin Nob","floor":7,"turns":4},{"damage":9,"enemies":"Exordium Wildlife","floor":10,"turns":5},{"damage":8,"enemies":"Lots of Slimes","floor":11,"turns":4},{"damage":0,"enemies":"2 Fungi Beasts","floor":12,"turns":3},{"damage":15,"enemies":"The Guardian","floor":16,"turns":8},{"damage":0,"enemies":"2 Thieves","floor":18,"turns":4},{"damage":3,"enemies":"3 Byrds","floor":20,"turns":2},{"damage":0,"enemies":"Centurion and Healer","floor":22,"turns":5},{"damage":0,"enemies":"Snecko","floor":24,"turns":4},{"damage":0,"enemies":"Cultist and Chosen","floor":25,"turns":5},{"damage":13,"enemies":"Gremlin Leader","floor":27,"turns":6},{"damage":0,"enemies":"Shelled Parasite and Fungi","floor":31,"turns":5},{"damage":0,"enemies":"Champ","floor":33,"turns":9},{"damage":0,"enemies":"3 Darklings","floor":35,"turns":5},{"damage":16,"enemies":"Orb Walker","floor":36,"turns":5},{"damage":0,"enemies":"Mind Bloom Boss Battle","floor":37,"turns":6},{"damage":0,"enemies":"Giant Head","floor":40,"turns":9},{"damage":0,"enemies":"Maw","floor":41,"turns":6},{"damage":2,"enemies":"4 Shapes","floor":42,"turns":9},{"damage":5,"enemies":"Reptomancer","floor":44,"turns":7},{"damage":0,"enemies":"Spire Growth","floor":48,"turns":6},{"damage":12,"enemies":"Time Eater","floor":50,"turns":6}],"seed_played":"-782206907377368088","potions_obtained":[{"floor":2,"key":"PowerPotion"},{"floor":10,"key":"SmokeBomb"},{"floor":16,"key":"DuplicationPotion"},{"floor":22,"key":"SpeedPotion"},{"floor":24,"key":"SteroidPotion"},{"floor":31,"key":"FairyPotion"},{"floor":37,"key":"DistilledChaos"},{"floor":48,"key":"EntropicBrew"}],"is_trial":false,"path_per_floor":["M","M","$","?","M","R","E","R","T","M","M","M","R","$","R","B",null,"M","?","M","?","M","R","M","M","T","E","?","?","$","M","R","B",null,"M","M","?","$","?","E","M","M","T","E","R","$","R","M","R","B",null],"character_chosen":"DRUID","items_purchased":["Apotheosis","theDruid:BristlingDefense","ClockworkSouvenir","DollysMirror"],"campfire_rested":5,"item_purchase_floors":[14,30,38,46],"current_hp_per_floor":[73,73,73,73,73,73,28,28,28,19,11,11,33,33,33,18,75,75,75,72,72,72,72,72,72,72,59,59,59,59,61,75,75,75,75,59,61,61,61,63,65,65,65,62,75,75,75,75,75,65],"gold":45,"neow_bonus":"BOSS_RELIC","is_daily":false,"chose_seed":false,"campfire_upgraded":3,"win_rate":0.0,"timestamp":1611774667,"path_taken":["M","M","$","?","?","R","E","R","T","M","M","M","R","$","R","BOSS","M","?","M","?","?","R","M","M","T","E","?","?","$","M","R","BOSS","M","?","?","$","?","E","M","?","T","E","R","$","R","M","R","BOSS"],"items_purchased_type":["Card","Card","Relic","Relic"],"build_version":"2020-12-22","purchased_purges":0,"victory":true,"max_hp_per_floor":[75,75,75,75,75,75,75,75,75,75,75,75,75,75,75,75,75,75,75,75,75,75,75,75,75,75,75,75,75,75,75,75,75,75,75,75,75,75,75,75,75,75,75,75,75,75,75,75,75,75],"relic_stats":{"Busted Crown":16,"counters":[25,134],"Bird Faced Urn":[14],"Bag of Preparation":[22],"Question Card":11,"obtain_stats":[{"Ice Cream":37,"Bag of Preparation":27,"theDruid:TigersClaw":21,"Question Card":26,"theDruid:CrownOfTheWilds":0,"ClockworkSouvenir":38,"Busted Crown":34,"DollysMirror":46,"Bird Faced Urn":9,"Fusion Hammer":17,"TungstenRod":7,"InkBottle":40,"Runic Pyramid":0,"Pocketwatch":44},{"Ice Cream":19,"Bag of Preparation":14,"theDruid:TigersClaw":10,"Question Card":13,"theDruid:CrownOfTheWilds":0,"ClockworkSouvenir":19,"Busted Crown":16,"DollysMirror":23,"Bird Faced Urn":4,"Fusion Hammer":8,"TungstenRod":4,"InkBottle":20,"Runic Pyramid":0,"Pocketwatch":23},{"Ice Cream":91,"Bag of Preparation":61,"theDruid:TigersClaw":41,"Question Card":55,"theDruid:CrownOfTheWilds":0,"ClockworkSouvenir":91,"Busted Crown":75,"DollysMirror":122,"Bird Faced Urn":15,"Fusion Hammer":35,"TungstenRod":15,"InkBottle":100,"Runic Pyramid":0,"Pocketwatch":122}],"TungstenRod":24,"InkBottle":[15],"Pocketwatch":[0]},"card_choices":[{"not_picked":["theDruid:AstralShield","theDruid:Moonbeam"],"picked":"theDruid:BrambleLash","floor":1},{"not_picked":["theDruid:Swipe","theDruid:ExposingSlash"],"picked":"theDruid:ThickHide","floor":2},{"not_picked":["theDruid:AstralShield","theDruid:BrambleLash","theDruid:PlagueClaw"],"picked":"SKIP","floor":5},{"not_picked":["theDruid:Resupply","theDruid:MysticBarrier"],"picked":"theDruid:Recoil","floor":7},{"not_picked":["theDruid:FuriousSlash","theDruid:Adaptation"],"picked":"theDruid:ForestsSoul","floor":10},{"not_picked":["theDruid:ThickHide","theDruid:ForestsSoul"],"picked":"theDruid:WallofRoots","floor":11},{"not_picked":["theDruid:TakeShelter","theDruid:Eclipse"],"picked":"theDruid:Recoil","floor":12},{"not_picked":["theDruid:Restoration","theDruid:WildFrenzy"],"picked":"theDruid:SerratedFlesh","floor":16},{"not_picked":["theDruid:PlagueClaw","theDruid:Thornburst+1"],"picked":"theDruid:FelineGrace+1","floor":18},{"not_picked":["theDruid:Swipe+1","theDruid:LunarScythe+1","theDruid:AstralShield"],"picked":"SKIP","floor":20},{"not_picked":["theDruid:Recoil","theDruid:FelineGrace"],"picked":"theDruid:TakeShelter+1","floor":22},{"not_picked":["theDruid:Gore","theDruid:PlagueClaw"],"picked":"theDruid:Resupply+1","floor":24},{"not_picked":["theDruid:Slingshot","theDruid:Recoil","theDruid:Eclipse+1"],"picked":"SKIP","floor":25},{"not_picked":["theDruid:IronbarkArmor","theDruid:Recoil","theDruid:Swipe"],"picked":"theDruid:WallofRoots","floor":27},{"not_picked":["theDruid:Swipe","theDruid:Starfall","theDruid:Adaptation"],"picked":"theDruid:BackupSupplies+1","floor":31},{"not_picked":["theDruid:Earthquake","theDruid:ApexPredator","theDruid:IronbarkArmor"],"picked":"theDruid:Restoration","floor":33},{"not_picked":["theDruid:ThickHide","theDruid:Moonbeam+1"],"picked":"SKIP","floor":35},{"not_picked":["theDruid:Gore+1","theDruid:FuriousSlash+1"],"picked":"SKIP","floor":36},{"not_picked":["theDruid:RockSlide"],"picked":"theDruid:ThickHide+1","floor":40},{"not_picked":["theDruid:Starfall+1","theDruid:PlagueClaw"],"picked":"SKIP","floor":41},{"not_picked":["theDruid:Recoil","theDruid:PouncingStrike+1"],"picked":"SKIP","floor":42},{"not_picked":["theDruid:Recoil","theDruid:Earthquake"],"picked":"SKIP","floor":44},{"not_picked":["theDruid:Gore+1","theDruid:Pathfinder"],"picked":"SKIP","floor":48}],"player_experience":254489,"relics_obtained":[{"floor":7,"key":"TungstenRod"},{"floor":9,"key":"Bird Faced Urn"},{"floor":26,"key":"Question Card"},{"floor":27,"key":"Bag of Preparation"},{"floor":37,"key":"Ice Cream"},{"floor":40,"key":"InkBottle"},{"floor":44,"key":"Pocketwatch"}],"event_choices":[{"cards_removed":["theDruid:Strike_O"],"damage_healed":0,"gold_gain":0,"player_choice":"Offered Basic","damage_taken":0,"max_hp_gain":0,"max_hp_loss":0,"event_name":"Bonfire Elementals","floor":4,"gold_loss":0},{"damage_healed":0,"gold_gain":0,"player_choice":"Simplicity","damage_taken":0,"max_hp_gain":0,"max_hp_loss":0,"event_name":"Back to Basics","floor":19,"gold_loss":0,"cards_upgraded":[]},{"damage_healed":0,"gold_gain":0,"player_choice":"Gave Potion","damage_taken":0,"relics_obtained":["theDruid:TigersClaw"],"max_hp_gain":0,"max_hp_loss":0,"event_name":"WeMeetAgain","floor":21,"gold_loss":0},{"damage_healed":0,"gold_gain":0,"player_choice":"Ignored","damage_taken":0,"max_hp_gain":0,"max_hp_loss":0,"event_name":"Vampires","floor":28,"gold_loss":0},{"cards_removed":["theDruid:Strike_O"],"damage_healed":0,"gold_gain":0,"player_choice":"Upgrade and Remove","damage_taken":0,"max_hp_gain":0,"max_hp_loss":0,"event_name":"Designer","floor":29,"gold_loss":90,"cards_upgraded":["theDruid:Strike_O"]},{"damage_healed":0,"gold_gain":0,"player_choice":"Fight","damage_taken":0,"max_hp_gain":0,"max_hp_loss":0,"event_name":"MindBloom","floor":37,"gold_loss":0},{"damage_healed":0,"gold_gain":0,"player_choice":"1 cards matched","damage_taken":0,"max_hp_gain":0,"max_hp_loss":0,"event_name":"Match and Keep!","floor":39,"gold_loss":0,"cards_obtained":["theDruid:BriarArmor"]}],"is_beta":false,"boss_relics":[{"not_picked":["Snecko Eye","Cursed Key"],"picked":"Fusion Hammer"},{"not_picked":["Black Star","Tiny House"],"picked":"Busted Crown"}],"items_purged_floors":[],"is_endless":false,"potions_floor_spawned":[2,10,16,22,24,31,37,40,42,44,48],"ascension_level":1}}