{"host":"lrlw254gqe5layub","time":1611732263,"event":{"mods":["AchievementEnabler","BaseMod","Colored Map","Colored Powertips","Minty Spire (QoL Compilation)","Rare Cards Sparkle","SuperFastMode"],"gold_per_floor":[109,34,34,54,4,4,19,19,19,94,125,145,161,172,172,267,267,287,386,386,406,73,87,87,87],"floor_reached":24,"language":"KOR","playtime":845,"items_purged":["Strike_B","Strike_B"],"score":287,"play_id":"b27c68e0-183b-43b7-9e3f-4578e4eb2ab0","local_time":"20210127162423","is_ascension_mode":true,"campfire_choices":[{"data":"Zap","floor":6.0,"key":"SMITH"},{"data":"Dualcast","floor":8.0,"key":"SMITH"},{"floor":15.0,"key":"REST"}],"circlet_count":0,"master_deck":["Strike_B","Defend_B","Defend_B","Defend_B","Defend_B","Zap+1","Dualcast+1","Fusion+1","Cold Snap","Redo","Electrodynamics","Zap+1","Redo+1","Loop"],"relics":["FrozenCore","Pear","StrikeDummy","Regal Pillow"],"acts_visited":["Exordium","TheCity"],"potions_floor_usage":[24],"damage_taken":[{"damage":1.0,"enemies":"Cultist","floor":1.0,"turns":3.0},{"damage":0.0,"enemies":"Small Slimes","floor":4.0,"turns":3.0},{"damage":7.0,"enemies":"Jaw Worm","floor":7.0,"turns":3.0},{"damage":17.0,"enemies":"Lagavulin","floor":11.0,"turns":8.0},{"damage":9.0,"enemies":"3 Louse","floor":12.0,"turns":3.0},{"damage":3.0,"enemies":"Blue Slaver","floor":13.0,"turns":3.0},{"damage":4.0,"enemies":"Looter","floor":14.0,"turns":3.0},{"damage":13.0,"enemies":"Slime Boss","floor":16.0,"turns":12.0},{"damage":6.0,"enemies":"3 Byrds","floor":18.0,"turns":3.0},{"damage":25.0,"enemies":"2 Thieves","floor":21.0,"turns":4.0},{"damage":23.0,"enemies":"Sentry and Sphere","floor":23.0,"turns":7.0},{"damage":22,"enemies":"Centurion and Healer","floor":24,"turns":4}],"seed_played":"-8344336560817973988","potions_obtained":[{"floor":4.0,"key":"FocusPotion"},{"floor":12.0,"key":"BlessingOfTheForge"},{"floor":14.0,"key":"Block Potion"},{"floor":21.0,"key":"BlessingOfTheForge"}],"is_trial":false,"path_per_floor":["M","$","?","M","?","R","M","R","T","?","E","M","M","M","R","B",null,"M","?","?","M","$","M","M"],"character_chosen":"DEFECT","items_purchased":["Loop","Regal Pillow"],"campfire_rested":1,"item_purchase_floors":[22,22],"current_hp_per_floor":[67,67,67,67,67,67,60,60,70,59,42,33,30,26,51,38,73,67,67,67,42,42,19,0,0],"gold":87,"neow_bonus":"THREE_CARDS","is_daily":false,"chose_seed":false,"campfire_upgraded":2,"win_rate":0.0,"timestamp":1611732263,"path_taken":["M","?","?","M","?","R","M","R","T","?","E","M","M","M","R","BOSS","M","?","?","?","$","M","M"],"items_purchased_type":["Card","Relic"],"build_version":"2020-12-22","purchased_purges":2,"victory":false,"max_hp_per_floor":[75,75,75,75,75,75,75,75,85,85,85,85,85,85,85,85,85,85,85,85,85,85,85,85,85],"card_choices":[{"not_picked":["Beam Cell","Blizzard"],"picked":"Fusion","floor":0.0},{"not_picked":["Hologram","Rebound","Beam Cell"],"picked":"SKIP","floor":1.0},{"not_picked":["Go for the Eyes","Reprogram"],"picked":"Cold Snap","floor":4.0},{"not_picked":["Stack","Skim","Coolheaded"],"picked":"SKIP","floor":7.0},{"not_picked":["Blizzard","Ball Lightning","Rip and Tear"],"picked":"SKIP","floor":11.0},{"not_picked":["Sweeping Beam","Ball Lightning","White Noise"],"picked":"SKIP","floor":12.0},{"not_picked":["Meteor Strike","Go for the Eyes"],"picked":"Redo","floor":13.0},{"not_picked":["Storm","Barrage","Skim"],"picked":"SKIP","floor":14.0},{"not_picked":["Seek","Hyperbeam"],"picked":"Electrodynamics","floor":16.0},{"not_picked":["Stack","Streamline","Conserve Battery"],"picked":"SKIP","floor":18.0},{"not_picked":["Steam","Melter"],"picked":"Redo+1","floor":21.0},{"not_picked":["Redo","Leap+1","Seek"],"picked":"SKIP","floor":23.0}],"player_experience":474152,"relics_obtained":[{"floor":9.0,"key":"Pear"},{"floor":11.0,"key":"StrikeDummy"}],"event_choices":[{"damage_healed":0.0,"max_hp_gain":0.0,"max_hp_loss":0.0,"gold_gain":0.0,"event_name":"Living Wall","player_choice":"Grow","floor":3.0,"gold_loss":0.0,"damage_taken":0.0,"cards_upgraded":["Fusion"]},{"cards_removed":["Strike_B"],"damage_healed":0.0,"max_hp_gain":0.0,"max_hp_loss":0.0,"gold_gain":0.0,"event_name":"The Cleric","player_choice":"Card Removal","floor":5.0,"gold_loss":50.0,"damage_taken":0.0},{"damage_healed":0.0,"max_hp_gain":0.0,"max_hp_loss":0.0,"gold_gain":75.0,"event_name":"World of Goop","player_choice":"Gather Gold","floor":10.0,"gold_loss":0.0,"damage_taken":11.0},{"damage_healed":0.0,"max_hp_gain":0.0,"max_hp_loss":0.0,"gold_gain":99.0,"event_name":"Nest","player_choice":"Stole From Cult","floor":19.0,"gold_loss":0.0,"damage_taken":0.0},{"damage_healed":0.0,"max_hp_gain":0.0,"max_hp_loss":0.0,"gold_gain":0.0,"event_name":"Duplicator","player_choice":"Copied","floor":20.0,"gold_loss":0.0,"damage_taken":0.0,"cards_obtained":["Zap"]}],"is_beta":false,"boss_relics":[{"not_picked":["Runic Pyramid","Sozu"],"picked":"FrozenCore"}],"items_purged_floors":[2,22],"is_endless":false,"potions_floor_spawned":[4,12,14,21],"killed_by":"Centurion and Healer","ascension_level":9}}