{"host":"v6p2g6darcbso1ds","time":1611775525,"event":{"mods":["BaseMod","Colored Powertips","Downfall","Hermit","Minty Spire (QoL Compilation)","Replay The Spire","StSLib","The Cursed"],"gold_per_floor":[110,110,125,145,61,93,93,126,126,145,196,196,217,217,217,222,222],"floor_reached":16,"language":"ENG","playtime":1202,"items_purged":[],"score":135,"play_id":"202c2bc3-6ef5-4362-a8e6-cba6a4e1d402","local_time":"20210127122525","is_ascension_mode":false,"campfire_choices":[{"floor":7.0,"key":"REST"}],"circlet_count":0,"master_deck":["hermit:Strike_Hermit+1","hermit:Strike_Hermit","hermit:Strike_Hermit","hermit:Strike_Hermit","hermit:Defend_Hermit","hermit:Defend_Hermit","hermit:Defend_Hermit","hermit:Defend_Hermit","hermit:Snapshot","hermit:Covet+1","Replay:Hysterical Blindness","Thinking Ahead","hermit:Glare","Regret","hermit:HighCaliber","hermit:TakeCover","hermit:Misfire+1","hermit:Manifest","hermit:Headshot","hermit:CalledShot","hermit:Scavenge"],"relics":["hermit:Momento","Divine Protection","Replay:Accelerometer","Vajra","Replay:Bottled Flurry","Pen Nib"],"acts_visited":["Exordium"],"potions_floor_usage":[],"damage_taken":[{"damage":12.0,"enemies":"Jaw Worm","floor":1.0,"turns":5.0},{"damage":0.0,"enemies":"2 Louse","floor":3.0,"turns":3.0},{"damage":0.0,"enemies":"Cultist","floor":4.0,"turns":3.0},{"damage":9.0,"enemies":"3 Sentries","floor":6.0,"turns":10.0},{"damage":0.0,"enemies":"Replay:BlueRogue","floor":8.0,"turns":8.0},{"damage":0.0,"enemies":"2 Fungi Beasts","floor":10.0,"turns":3.0},{"damage":12.0,"enemies":"Gremlin Gang","floor":13.0,"turns":5.0},{"damage":0,"enemies":"Slime Boss","floor":16,"turns":2}],"seed_played":"-997895773151843529","potions_obtained":[{"floor":3.0,"key":"Explosive Potion"},{"floor":8.0,"key":"Toxic Potion"}],"is_trial":false,"path_per_floor":["M","?","M","M","$","E","R","E","T","M","T","?","M","?","R","B"],"character_chosen":"HERMIT","items_purchased":["hermit:Misfire+1","hermit:Manifest"],"campfire_rested":1,"item_purchase_floors":[5,5],"current_hp_per_floor":[63,63,63,63,63,54,75,75,75,75,75,60,48,75,72,72,72],"gold":222,"neow_bonus":"RANDOM_COLORLESS_2","is_daily":false,"chose_seed":false,"campfire_upgraded":0,"win_rate":0.0,"timestamp":1611775525,"path_taken":["M","?","M","M","$","E","R","E","T","M","?","?","M","?","R","BOSS"],"items_purchased_type":["Card","Card"],"build_version":"2020-12-22","purchased_purges":0,"victory":false,"max_hp_per_floor":[75,75,75,75,75,75,75,75,75,75,75,75,75,75,75,75,75],"card_choices":[{"not_picked":["Panache","Sadistic Nature"],"picked":"Thinking Ahead","floor":0.0},{"not_picked":["hermit:Snipe","hermit:TrackingShot"],"picked":"hermit:Glare","floor":1.0},{"not_picked":["hermit:ShadowCloak","hermit:Coalescence"],"picked":"hermit:HighCaliber","floor":3.0},{"not_picked":["hermit:Misfire","hermit:Feint"],"picked":"hermit:TakeCover","floor":4.0},{"not_picked":["hermit:FlashPowder","hermit:Desperado"],"picked":"hermit:Headshot","floor":6.0},{"not_picked":["hermit:Misfire","hermit:FatalDesire"],"picked":"hermit:CalledShot","floor":8.0},{"not_picked":["hermit:EyeOfTheStorm","hermit:CursedWeapon"],"picked":"hermit:Scavenge","floor":10.0},{"not_picked":["hermit:LoneWolf","hermit:Ricochet"],"picked":"hermit:Maintenance","floor":13.0}],"player_experience":107128,"relics_obtained":[{"floor":6.0,"key":"Replay:Accelerometer"},{"floor":8.0,"key":"Vajra"},{"floor":9.0,"key":"Replay:Bottled Flurry"},{"floor":11.0,"key":"Pen Nib"}],"event_choices":[{"damage_healed":0.0,"max_hp_gain":0.0,"max_hp_loss":0.0,"gold_gain":0.0,"event_name":"Big Fish","player_choice":"Box","floor":2.0,"gold_loss":0.0,"damage_taken":0.0,"relics_obtained":["Divine Protection"],"cards_obtained":["Regret"]},{"damage_healed":0.0,"max_hp_gain":0.0,"max_hp_loss":0.0,"gold_gain":0.0,"event_name":"Shining Light","player_choice":"Entered Light","floor":12.0,"gold_loss":0.0,"damage_taken":15.0,"cards_upgraded":["hermit:Covet","hermit:Strike_Hermit"]},{"cards_removed":["hermit:Maintenance"],"damage_healed":27.0,"max_hp_gain":0.0,"max_hp_loss":0.0,"gold_gain":0.0,"event_name":"Bonfire Elementals","player_choice":"Offered Uncommon","floor":14.0,"gold_loss":0.0,"damage_taken":0.0},{"damage_healed":0.0,"max_hp_gain":0.0,"max_hp_loss":0.0,"gold_gain":0.0,"event_name":"Designer","player_choice":"Punched","floor":15.0,"gold_loss":0.0,"damage_taken":3.0}],"is_beta":false,"boss_relics":[],"items_purged_floors":[],"is_endless":false,"potions_floor_spawned":[3,8],"killed_by":"Slime Boss","ascension_level":0}}