{"host":"y087t2reloz9bi43","time":1611766308,"event":{"mods":["2.2 Compatiblity","AchievementEnabler","Aspiration","BaseMod","Beaked The Cultist","Bestiary","Better Note","Better Vampires","BetterRewards","ChefMod","Clockwork Mod","Colored Map","Colored Powertips","Conspire","Downfall","Ekko","Fireblade Mod","Friendly Minions","GifTheSpireLib","Gold Saver","Gremlin Mod","Halation","Hermit","Hubris","Infinite Spire","Jedi Mod","JesterMod","Jorbs\u0027s Wanderer Trilogy","Mad Scientist","Marisa????????","Mimic Mod","Minty Spire (QoL Compilation)","Permanent Neow","Potionbrewer","Rare Cards Sparkle","Relic Stats","Robot Space Explorer","Shade Mod","Shop Mod","StSLib","The Alterego","The Blackbeard","The Bug Knight","The Construct","The Cursed","The Disciple","The Elementalist","The Exalted","The Hierophant","The Jungle","The Marked","The Mystic","The Necromancer","The Runesmith","The Senshi","The Servant 0.9.4","TheBandit","TheFirefly","TheHero","TheVacant","Transform Curses","Uncapped","everything is the same but u backflip on backflip","thorton"],"gold_per_floor":[112,112,112,131,56,56,70,46,97,124,139,139,158,178,178,273,273,286,286,300,316,316,316],"floor_reached":22,"language":"ENG","playtime":4236,"items_purged":["Injury"],"score":213,"play_id":"f96b51d2-5fe1-48dd-b246-ebd912999920","local_time":"20210127165148","is_ascension_mode":false,"campfire_choices":[{"data":"elementalist:Solar_Form","floor":6,"key":"SMITH"},{"data":"elementalist:Flame","floor":12,"key":"SMITH"},{"data":"elementalist:Fire_Emblem","floor":15,"key":"SMITH"}],"circlet_count":0,"master_deck":["elementalist:Fire_Emblem","elementalist:Fire_Emblem+1","elementalist:Strike+Elemblue","elementalist:Defend_Elemblue","elementalist:Defend_Elemblue","elementalist:Defend_Elemblue","elementalist:Defend_Elemblue","elementalist:Defend_Elemblue","elementalist:Firestrike","elementalist:Earthstrike","elementalist:Waterstrike","elementalist:Airstrike","elementalist:Crystal_Chalk","elementalist:Flame+1","elementalist:Solar_Form+1","elementalist:Overheat","elementalist:Flame+1","elementalist:Fission_Lance+1","elementalist:Emberveil","elementalist:Flame+1","elementalist:Accelerant+1","elementalist:Emberveil+1","elementalist:Flame+1","elementalist:Aegis+1"],"relics":["elementalistmod:MagusStaff","elementalistmod:RedRibbon","Bromod:ArcaneTempo","hubris:Towel","Molten Egg 2","infinitespire:Lucky Rock","PreservedInsect","hubris:TerracottaHorce"],"acts_visited":["Exordium","TheCity"],"potions_floor_usage":[13,16,22],"damage_taken":[{"damage":1,"enemies":"conspire:RoseBush","floor":1,"turns":4},{"damage":2,"enemies":"2 Louse","floor":4,"turns":3},{"damage":0,"enemies":"Small Slimes","floor":7,"turns":3},{"damage":6,"enemies":"HollowMod:MossKnight","floor":10,"turns":9},{"damage":5,"enemies":"Looter","floor":11,"turns":3},{"damage":0,"enemies":"Lots of Slimes","floor":13,"turns":3},{"damage":1,"enemies":"Exordium Wildlife","floor":14,"turns":3},{"damage":15,"enemies":"The Guardian","floor":16,"turns":9},{"damage":36,"enemies":"Shell Parasite","floor":18,"turns":7},{"damage":25,"enemies":"2 Thieves","floor":20,"turns":4},{"damage":1,"enemies":"conspire:HollyBat","floor":21,"turns":7},{"damage":7,"enemies":"Centurion and Healer","floor":22,"turns":2}],"seed_played":"-8521901183827610484","potions_obtained":[{"floor":1,"key":"sneckomod:MuddlingPotion"},{"floor":10,"key":"AttackPotion"},{"floor":14,"key":"Weak Potion"},{"floor":16,"key":"Weak Potion"},{"floor":20,"key":"hexamod:SoulburnPotion"}],"is_trial":false,"path_per_floor":["M","?","?","M","$","R","M","$","T","E","M","R","M","M","R","B",null,"M","?","M","M","M"],"character_chosen":"THE_ELEMENTALIST","items_purchased":["elementalist:Flame+1"],"campfire_rested":0,"item_purchase_floors":[8],"current_hp_per_floor":[69,69,69,67,67,67,67,67,67,61,56,56,56,55,55,40,63,27,27,2,1,0,0],"gold":316,"neow_bonus":"RANDOM_COMMON_RELIC","is_daily":false,"chose_seed":false,"campfire_upgraded":3,"win_rate":0.0,"timestamp":1611766308,"path_taken":["M","?","?","M","?","R","M","$","T","E","M","R","M","M","R","BOSS","M","?","M","?","M"],"items_purchased_type":["Card"],"build_version":"2020-12-22","purchased_purges":1,"victory":false,"max_hp_per_floor":[70,70,70,70,70,70,70,70,70,70,70,70,70,70,70,70,70,70,70,70,70,70,70],"relic_stats":{"counters":[12,57],"PreservedInsect":0,"obtain_stats":[{"Bromod:ArcaneTempo":0,"Molten Egg 2":3,"PreservedInsect":10,"infinitespire:Lucky Rock":9,"hubris:Towel":2,"elementalistmod:MagusStaff":0,"elementalistmod:GraduationLetter":0,"elementalistmod:RedRibbon":7,"hubris:TerracottaHorce":17},{"Bromod:ArcaneTempo":0,"Molten Egg 2":1,"PreservedInsect":4,"infinitespire:Lucky Rock":3,"hubris:Towel":1,"elementalistmod:MagusStaff":0,"elementalistmod:GraduationLetter":0,"elementalistmod:RedRibbon":3,"hubris:TerracottaHorce":8},{"Bromod:ArcaneTempo":0,"Molten Egg 2":4,"PreservedInsect":19,"infinitespire:Lucky Rock":10,"hubris:Towel":4,"elementalistmod:MagusStaff":0,"elementalistmod:GraduationLetter":0,"elementalistmod:RedRibbon":8,"hubris:TerracottaHorce":37}]},"card_choices":[{"not_picked":["elementalist:Momentum","elementalist:Monument"],"picked":"elementalist:Flame","floor":1},{"not_picked":["elementalist:Pressurize+1","elementalist:Spout+1"],"picked":"elementalist:Solar_Form","floor":4},{"not_picked":["elementalist:Cauterize+1","elementalist:Widdershins_Conversion"],"picked":"elementalist:Overheat","floor":7},{"not_picked":["elementalist:Widdershins_Conversion","elementalist:Mage_Hand"],"picked":"elementalist:Fission_Lance+1","floor":10},{"not_picked":["elementalist:Undertow","elementalist:Heavensfall+1","elementalist:Spout+1"],"picked":"SKIP","floor":11},{"not_picked":["elementalist:Undertow","elementalist:Heavensfall+1","elementalist:Spout+1"],"picked":"SKIP","floor":11},{"not_picked":["elementalist:Undertow","elementalist:Heavensfall+1","elementalist:Spout+1"],"picked":"SKIP","floor":11},{"not_picked":["elementalist:Confluence","elementalist:Overheat"],"picked":"elementalist:Emberveil","floor":13},{"not_picked":["elementalist:Confluence","elementalist:Undertow"],"picked":"elementalist:Flame+1","floor":14},{"not_picked":["elementalist:Heavensfall+1","elementalist:Wirbelwight"],"picked":"elementalist:Accelerant+1","floor":16},{"not_picked":["elementalist:Confluence","elementalist:Geomancy"],"picked":"elementalist:Emberveil+1","floor":18},{"not_picked":["elementalist:Heavensfall+1","elementalist:Prepared_Sand+1"],"picked":"elementalist:Flame+1","floor":20},{"not_picked":["elementalist:Geomancy","elementalist:Wards"],"picked":"elementalist:Aegis+1","floor":21}],"player_experience":443219,"relics_obtained":[{"floor":9,"key":"infinitespire:Lucky Rock"},{"floor":10,"key":"PreservedInsect"}],"event_choices":[],"is_beta":false,"boss_relics":[{"not_picked":["Velvet Choker","conspire:SpecialSausage"],"picked":"hubris:TerracottaHorce"}],"items_purged_floors":[5],"is_endless":false,"potions_floor_spawned":[1,10,14,16,20],"killed_by":"Centurion and Healer","ascension_level":0}}