{"host":"uvmuduost5bzvojs","time":1611729348,"event":{"mods":["Aspiration","Bard","BaseMod","Better Match","Block Reminder","Conspire","Hermit","Highlight Path","Hubris","Infinite Spire","Jorbs\u0027s Wanderer Trilogy","Mad Scientist","Marisa????????","Mimic Mod","Minty Spire (QoL Compilation)","Potionbrewer","Replay The Spire","Robot Space Explorer","StSLib","The Blackbeard","The Construct","The Cursed","The Disciple","The Hayseed","The Hierophant","The Juggle","The Jungle","The Poker Player","The Runesmith","The Servant 0.9.4","The Spell Scribe","The Valiant","TheBandit"],"gold_per_floor":[115,128,154,209,219,219,237,237,252,252,264,37,37,89,89,154,154,135,55,117,117,190,190,150,150],"floor_reached":24,"language":"ENG","playtime":1121,"items_purged":["hierophant:Strike_Hierophant"],"score":246,"play_id":"3eb53a12-01d2-4e4c-8a3b-f21fdb584e64","local_time":"20210127013548","is_ascension_mode":false,"campfire_choices":[{"data":"hierophant:ArchangelShield","floor":6,"key":"SMITH"},{"data":"hierophant:Kindle","floor":8,"key":"SMITH"},{"data":"hierophant:Zeal","floor":10,"key":"SMITH"},{"data":"hierophant:RustyCrate","floor":15,"key":"SMITH"},{"floor":23,"key":"REST"}],"circlet_count":0,"master_deck":["hierophant:Punish","hierophant:Defend_Hierophant","hierophant:Defend_Hierophant","hierophant:Defend_Hierophant","hierophant:Defend_Hierophant","hierophant:ChurchCoffers","hierophant:Kindle+1","hierophant:HammerAndAnvil","hierophant:ThreeLashes","hierophant:FieryStrike","hierophant:Flagellation","hierophant:Smite","hierophant:ArchangelShield+1","hierophant:Shelter","hierophant:Zeal+1","hierophant:Doubloon","hierophant:Doubloon","hierophant:RustyCrate","hierophant:FieryStrike","hierophant:Encroach","hierophant:Doubloon","hierophant:Refuge","hierophant:Bribe","hierophant:Anathema+1","hierophant:RustyCrate+1","hierophant:Doubloon","hierophant:Doubloon","hierophant:Cornucopia","hierophant:Embezzle+1","hierophant:Charity","hierophant:Doubloon","hierophant:SecretStash"],"relics":["hierophant:PropheticMaskRelic","ReplayFunnel","Blue Candle","Tiny Chest","Replay:Wax Seal","potionbrewer:BoosterPack","conspire:RunicOctahedron"],"acts_visited":["Exordium","TheCity"],"potions_floor_usage":[7,16,16,18],"damage_taken":[{"damage":10,"enemies":"Cultist","floor":1,"turns":4},{"damage":0,"enemies":"2 Louse","floor":2,"turns":1},{"damage":0,"enemies":"Small Slimes","floor":5,"turns":1},{"damage":4,"enemies":"Gremlin Nob","floor":7,"turns":3},{"damage":1,"enemies":"Gremlin Gang","floor":9,"turns":4},{"damage":0,"enemies":"Gremlin Gang","floor":11,"turns":1},{"damage":0,"enemies":"Exordium Thugs","floor":14,"turns":2},{"damage":24,"enemies":"The Guardian","floor":16,"turns":11},{"damage":14,"enemies":"2 Thieves","floor":18,"turns":4},{"damage":10,"enemies":"Chosen","floor":20,"turns":3},{"damage":30,"enemies":"Snake Plant","floor":22,"turns":7},{"damage":38,"enemies":"Snecko","floor":24,"turns":6}],"seed_played":"-6963874843190535660","potions_obtained":[{"floor":1,"key":"Block Potion"},{"floor":11,"key":"Doom Potion"},{"floor":14,"key":"Energy Potion"},{"floor":16,"key":"Block Potion"}],"is_trial":false,"path_per_floor":["M","M","T","?","M","R","E","R","MIM","R","M","$","?","M","R","B",null,"M","$","M","?","M","R","M"],"character_chosen":"HIEROPHANT","items_purchased":["potionbrewer:BoosterPack","hierophant:Charity"],"campfire_rested":1,"item_purchase_floors":[12,19],"current_hp_per_floor":[58,58,58,41,41,41,37,37,36,36,36,36,36,36,36,12,68,54,54,44,44,14,34,0,0],"gold":150,"neow_bonus":"TRANSFORM_TWO_CARDS","is_daily":false,"chose_seed":false,"campfire_upgraded":4,"win_rate":0.0,"timestamp":1611729348,"path_taken":["M","?","?","?","M","R","E","R","MIM","R","M","$","?","?","R","BOSS","M","$","M","?","M","R","M"],"items_purchased_type":["Relic","Card"],"build_version":"2020-12-22","purchased_purges":1,"victory":false,"max_hp_per_floor":[68,68,68,68,68,68,68,68,68,68,68,68,68,68,68,68,68,68,68,68,68,68,68,68,68],"card_choices":[{"not_picked":["hierophant:MorningPrayer","hierophant:PassingBell"],"picked":"hierophant:ThreeLashes","floor":1},{"not_picked":["hierophant:Dazzle","hierophant:Community"],"picked":"hierophant:FieryStrike","floor":2},{"not_picked":["hierophant:AuricShield","hierophant:ThreeLashes"],"picked":"hierophant:Flagellation","floor":4},{"not_picked":["hierophant:MorningPrayer","hierophant:Sermon"],"picked":"hierophant:Smite","floor":4},{"not_picked":["hierophant:Refuge","hierophant:Charity"],"picked":"hierophant:ArchangelShield","floor":5},{"not_picked":["hierophant:DisplayOfPower","hierophant:Purify"],"picked":"hierophant:Shelter","floor":7},{"not_picked":["hierophant:Charity","hierophant:HolyVerse"],"picked":"hierophant:Zeal","floor":9},{"not_picked":["hierophant:Purify","hierophant:FieryStrike","hierophant:Invocation"],"picked":"SKIP","floor":11},{"not_picked":["hierophant:MirrorShield","hierophant:Remorse"],"picked":"hierophant:RustyCrate","floor":14},{"not_picked":["hierophant:Invocation","hierophant:Determination"],"picked":"hierophant:Cornucopia","floor":16},{"not_picked":["hierophant:Dazzle","hierophant:AuricBeam"],"picked":"hierophant:Embezzle+1","floor":18},{"not_picked":["hierophant:Martyrdom","hierophant:HammerAndAnvil+1"],"picked":"hierophant:SecretStash","floor":20},{"not_picked":["hierophant:SealAway","hierophant:MorningPrayer","hierophant:DisplayOfPower"],"picked":"SKIP","floor":22}],"player_experience":1843503,"relics_obtained":[{"floor":3,"key":"ReplayFunnel"},{"floor":4,"key":"Blue Candle"},{"floor":7,"key":"Tiny Chest"},{"floor":9,"key":"Replay:Wax Seal"}],"event_choices":[{"damage_healed":0,"gold_gain":0,"player_choice":"Upgraded","damage_taken":0,"max_hp_gain":0,"max_hp_loss":0,"event_name":"Upgrade Shrine","floor":13,"gold_loss":0,"cards_upgraded":["hierophant:Anathema"]},{"cards_removed":["hierophant:Strike_Hierophant"],"damage_healed":0,"gold_gain":0,"player_choice":"Purged","damage_taken":0,"max_hp_gain":0,"max_hp_loss":0,"event_name":"Purifier","floor":21,"gold_loss":0}],"is_beta":false,"boss_relics":[{"not_picked":["aspiration:IroncladSkillbook","Calling Bell"],"picked":"conspire:RunicOctahedron"}],"items_purged_floors":[12],"is_endless":false,"potions_floor_spawned":[1,11,14,16],"killed_by":"Snecko","ascension_level":0}}