{"host":"95i1gxnztdrdyvhi","time":1611716106,"event":{"mods":["AchievementEnabler","Act Like it!","BaseMod","Downfall","Minty Spire (QoL Compilation)","Quick Restart","StSLib"],"gold_per_floor":[99,99,99,99,116,116,116,116,116,26,58,77,77,91,103,198,198,98,113,123,323,62,82,128,128,128,128],"floor_reached":25,"language":"ENG","playtime":1560,"items_purged":["downfall:Malfunctioning","downfall:Haunted"],"score":199,"play_id":"f5d7961e-2d42-43d5-8fd2-0d016ab48567","local_time":"20210127025506","is_ascension_mode":false,"campfire_choices":[{"data":"bronze:Goto","floor":1,"key":"SMITH"},{"data":"bronze:CloningBeam","floor":13,"key":"SMITH"},{"data":"bronze:Verify","floor":18,"key":"SMITH"}],"circlet_count":0,"master_deck":["bronze:Strike","bronze:Strike","bronze:Strike","bronze:Strike","bronze:Defend","bronze:Defend+1","bronze:Defend","bronze:Defend","bronze:Replicate","bronze:Goto+1","bronze:Iterate","bronze:ClassDefault+1","bronze:Spike+1","bronze:DigitalCarnage+1","bronze:FineTuning","bronze:Deprecate+1","bronze:Verify+1","bronze:CloningBeam+1","bronze:ItsAFeature","bronze:ChosenStrike","bronze:Assembly+1","bronze:Branch+1","bronze:FineTuning+1"],"relics":["bronze:BronzeCore","downfall:HeartsMalice","Thread and Needle","Toxic Egg 2","Strawberry","SacredBark","downfall:HeartBlessingGreen","Juzu Bracelet","Smiling Mask"],"acts_visited":["Exordium","TheCity"],"potions_floor_usage":[],"damage_taken":[{"damage":0,"enemies":"Small Slimes","floor":2,"turns":1},{"damage":0,"enemies":"2 Louse","floor":3,"turns":1},{"damage":0,"enemies":"2 Louse","floor":4,"turns":1},{"damage":11,"enemies":"Jaw Worm","floor":5,"turns":2},{"damage":1,"enemies":"downfall:FleeingMerchant","floor":10,"turns":4},{"damage":13,"enemies":"3 Sentries","floor":11,"turns":5},{"damage":0,"enemies":"2 Fungi Beasts","floor":12,"turns":2},{"damage":7,"enemies":"Exordium Wildlife","floor":14,"turns":5},{"damage":0,"enemies":"Gremlin Gang","floor":15,"turns":5},{"damage":30,"enemies":"SI_SHIV_ARCHETYPE","floor":16,"turns":7},{"damage":5,"enemies":"Shell Parasite","floor":19,"turns":6},{"damage":0,"enemies":"Chosen","floor":20,"turns":5},{"damage":0,"enemies":"downfall:FleeingMerchant","floor":22,"turns":4},{"damage":11,"enemies":"Snecko","floor":23,"turns":5},{"damage":52,"enemies":"downfall:Augmenter","floor":25,"turns":8}],"seed_played":"1428295808543902981","potions_obtained":[{"floor":11,"key":"Weak Potion"},{"floor":12,"key":"FearPotion"},{"floor":14,"key":"AttackPotion"}],"is_trial":false,"path_per_floor":["R","M","M","?","M","?","T","?","?","$","E","M","R","M","M","B",null,"R","M","M","?","$","M","T","?"],"character_chosen":"THE_AUTOMATON","items_purchased":["Juzu Bracelet"],"campfire_rested":0,"item_purchase_floors":[22],"current_hp_per_floor":[70,70,70,70,59,59,59,59,47,46,40,40,40,33,33,3,77,77,72,72,72,72,61,61,9,9,9],"gold":128,"neow_bonus":"THREE_ENEMY_KILL","is_daily":false,"chose_seed":false,"campfire_upgraded":3,"win_rate":0.0,"timestamp":1611716106,"path_taken":["R","M","M","?","M","?","T","?","?","?","E","M","R","M","M","BOSS","R","M","M","?","$","M","T","?"],"items_purchased_type":["Relic"],"build_version":"2020-12-22","purchased_purges":2,"victory":false,"max_hp_per_floor":[70,70,70,70,70,70,70,70,70,70,77,77,77,77,77,77,77,77,77,77,77,77,77,77,77,77,77],"card_choices":[{"not_picked":["bronze:Branch","bronze:FollowUp"],"picked":"bronze:Iterate","floor":2},{"not_picked":["bronze:BugBarrage","bronze:DelayedGuard"],"picked":"bronze:ClassDefault","floor":3},{"not_picked":[],"picked":"bronze:Spike","floor":4},{"not_picked":["bronze:Invalidate","bronze:WhirlingStrike"],"picked":"bronze:DigitalCarnage","floor":4},{"not_picked":["bronze:ClassDefault","bronze:ForceShield"],"picked":"bronze:FineTuning","floor":5},{"not_picked":["bronze:Shield+1","bronze:Overheat"],"picked":"bronze:Deprecate+1","floor":10},{"not_picked":["bronze:Overheat","bronze:FineTuning+1"],"picked":"bronze:Verify","floor":11},{"not_picked":["bronze:NullPointer","bronze:Invalidate+1"],"picked":"bronze:CloningBeam","floor":12},{"not_picked":["bronze:BronzeArmor+1","bronze:OilSpill"],"picked":"bronze:ItsAFeature","floor":14},{"not_picked":["bronze:Frontload+1","bronze:BronzeArmor+1"],"picked":"bronze:ChosenStrike","floor":15},{"not_picked":["bronze:ThunderWave","bronze:AlphaBuild"],"picked":"bronze:Assembly+1","floor":16},{"not_picked":["bronze:ClassDefault","bronze:Frontload+1"],"picked":"bronze:Branch+1","floor":19},{"not_picked":["bronze:DelayedSlice","bronze:ForceShield+1"],"picked":"bronze:FineTuning+1","floor":20},{"not_picked":["bronze:Fortify+1","bronze:CutThrough","bronze:DigitalCarnage+1"],"picked":"SKIP","floor":22},{"not_picked":["bronze:Shell+1","bronze:WildBeam+1","bronze:Deprecate+1"],"picked":"SKIP","floor":23}],"player_experience":830153,"relics_obtained":[{"floor":7,"key":"Thread and Needle"},{"floor":11,"key":"Strawberry"},{"floor":24,"key":"Smiling Mask"}],"event_choices":[{"damage_healed":0,"gold_gain":0,"player_choice":"Grow","damage_taken":0,"max_hp_gain":0,"max_hp_loss":0,"event_name":"Living Wall","floor":6,"gold_loss":0,"cards_upgraded":["bronze:ClassDefault"]},{"damage_healed":0,"gold_gain":0,"player_choice":"Success","damage_taken":12,"relics_obtained":["Toxic Egg 2"],"max_hp_gain":0,"max_hp_loss":0,"event_name":"Scrap Ooze","floor":9,"gold_loss":0}],"is_beta":false,"boss_relics":[{"not_picked":["Pandora\u0027s Box","Runic Dome"],"picked":"SacredBark"}],"items_purged_floors":[10,22],"is_endless":false,"potions_floor_spawned":[11,12,14,15,23],"killed_by":"downfall:Augmenter","ascension_level":0}}