{"host":"ji1fk25fd1ga4ji1","time":1611709023,"event":{"mods":["2.2 Compatiblity","BaseMod","Colored Map","DeckTracker","Minty Spire (QoL Compilation)","Permanent Neow","Quick Restart","StSLib","SuperFastMode"],"gold_per_floor":[20,30,55,71,90,90,106,106,106,206,206,237,249,267,267,364,364,379,478,403,403,414,414,448,448,448,448,274,305,305,316,316,416,416,433,448,463,338,338,338,363,213,213,213,213,243,243,103,103,103],"floor_reached":51,"language":"KOR","playtime":1101,"items_purged":["Strike_B","Strike_B","Strike_B","Defend_B","Recycle+1"],"score":828,"play_id":"60b8c6dd-57f1-40f4-a8cc-9e9629215412","local_time":"20210127095703","is_ascension_mode":true,"campfire_choices":[{"data":"Dualcast","floor":6.0,"key":"SMITH"},{"data":"Zap","floor":8.0,"key":"SMITH"},{"data":"Conserve Battery","floor":11.0,"key":"SMITH"},{"data":"Chaos","floor":15.0,"key":"SMITH"},{"data":"Skim","floor":23.0,"key":"SMITH"},{"data":"Rainbow","floor":25.0,"key":"SMITH"},{"floor":30,"key":"REST"},{"data":"Defragment","floor":32,"key":"SMITH"},{"data":"Fission","floor":40,"key":"SMITH"},{"data":"Fission","floor":44,"key":"SMITH"},{"floor":49,"key":"REST"}],"circlet_count":0,"master_deck":["Defend_B+1","Zap+1","Dualcast+1","Rainbow+1","Conserve Battery+1","Chaos+1","Skim+1","Defragment+1","Chaos+1","Conserve Battery+1","Fission+1","Capacitor+1","Amplify+1","Defragment+1","Fission+1"],"relics":["Cracked Core","Blood Vial","FossilizedHelix","HornCleat","Inserter","Du-Vu Doll","Mummified Hand","Bag of Preparation","DataDisk","Astrolabe","Mango","Frozen Egg 2","The Courier"],"acts_visited":["Exordium","TheCity","TheBeyond"],"potions_floor_usage":[29,29,29,29],"damage_taken":[{"damage":0.0,"enemies":"Cultist","floor":1.0,"turns":3.0},{"damage":10.0,"enemies":"Small Slimes","floor":2.0,"turns":3.0},{"damage":4.0,"enemies":"2 Louse","floor":4.0,"turns":2.0},{"damage":2.0,"enemies":"Blue Slaver","floor":5.0,"turns":4.0},{"damage":4.0,"enemies":"Lots of Slimes","floor":7.0,"turns":4.0},{"damage":11.0,"enemies":"Lagavulin","floor":12.0,"turns":10.0},{"damage":0.0,"enemies":"Exordium Thugs","floor":13.0,"turns":3.0},{"damage":0.0,"enemies":"Exordium Wildlife","floor":14.0,"turns":3.0},{"damage":30.0,"enemies":"Slime Boss","floor":16.0,"turns":13.0},{"damage":5.0,"enemies":"Chosen","floor":18.0,"turns":7.0},{"damage":0.0,"enemies":"Shell Parasite","floor":22.0,"turns":7.0},{"damage":15.0,"enemies":"Book of Stabbing","floor":24.0,"turns":7.0},{"damage":22,"enemies":"Slavers","floor":29,"turns":7},{"damage":7,"enemies":"Chosen and Byrds","floor":31,"turns":5},{"damage":20,"enemies":"Collector","floor":33,"turns":11},{"damage":0,"enemies":"Orb Walker","floor":35,"turns":4},{"damage":8,"enemies":"3 Darklings","floor":36,"turns":6},{"damage":0,"enemies":"Sphere and 2 Shapes","floor":37,"turns":5},{"damage":0,"enemies":"Nemesis","floor":41,"turns":3},{"damage":0,"enemies":"Reptomancer","floor":46,"turns":5},{"damage":17,"enemies":"Time Eater","floor":50,"turns":6}],"seed_played":"-6276479280715202157","potions_obtained":[{"floor":2.0,"key":"ColorlessPotion"},{"floor":12.0,"key":"EssenceOfDarkness"},{"floor":16.0,"key":"Swift Potion"},{"floor":21.0,"key":"EntropicBrew"},{"floor":24.0,"key":"Dexterity Potion"},{"floor":35,"key":"BlessingOfTheForge"},{"floor":46,"key":"SkillPotion"}],"is_trial":false,"path_per_floor":["M","M","T","M","M","R","M","R","T","?","R","E","M","M","R","B",null,"M","?","$","?","M","R","E","R","T","T","$","E","R","M","R","B",null,"M","M","M","$","?","R","E","$","T","R","?","E","?","$","R","B",null],"character_chosen":"DEFECT","items_purchased":["Defragment"],"campfire_rested":2,"item_purchase_floors":[28],"current_hp_per_floor":[75,65,65,63,63,63,61,61,61,61,61,52,54,56,56,28,75,70,70,70,70,72,72,59,59,59,59,59,39,61,56,56,38,75,75,67,69,69,69,69,85,85,85,85,85,87,87,87,89,72],"gold":103,"neow_bonus":"THREE_RARE_CARDS","is_daily":false,"chose_seed":false,"campfire_upgraded":9,"win_rate":0.0,"timestamp":1611709023,"path_taken":["M","M","?","M","M","R","M","R","T","?","R","E","?","M","R","BOSS","M","?","$","?","?","R","E","R","T","?","$","E","R","M","R","BOSS","M","M","M","$","?","R","E","$","T","R","?","E","?","$","R","BOSS"],"items_purchased_type":["Card"],"build_version":"2020-12-22","purchased_purges":5,"victory":true,"max_hp_per_floor":[75,75,75,75,75,75,75,75,75,75,75,75,75,75,75,75,75,75,75,75,75,75,75,75,75,75,75,75,75,75,75,75,75,75,75,75,75,75,75,75,89,89,89,89,89,89,89,89,89,89],"card_choices":[{"not_picked":["Seek","Meteor Strike"],"picked":"Rainbow","floor":0.0},{"not_picked":["Sweeping Beam","FTL"],"picked":"Gash","floor":1.0},{"not_picked":["Tempest","Cold Snap"],"picked":"Conserve Battery","floor":2.0},{"not_picked":["Static Discharge","Doom and Gloom","Rebound"],"picked":"SKIP","floor":4.0},{"not_picked":["Cold Snap","Glacier","Aggregate"],"picked":"SKIP","floor":5.0},{"not_picked":["Cold Snap","Glacier","Aggregate"],"picked":"SKIP","floor":5.0},{"not_picked":["BootSequence","Streamline","Steam Power"],"picked":"SKIP","floor":7.0},{"not_picked":["Go for the Eyes","Leap","Undo"],"picked":"SKIP","floor":12.0},{"not_picked":["Chaos","Barrage","Static Discharge"],"picked":"SKIP","floor":13.0},{"not_picked":["Barrage","Static Discharge"],"picked":"Chaos","floor":13.0},{"not_picked":["Skim","Double Energy","Steam Power"],"picked":"SKIP","floor":14.0},{"not_picked":["Double Energy","Steam Power"],"picked":"Skim","floor":14.0},{"not_picked":["Sweeping Beam+1","Streamline","Conserve Battery"],"picked":"SKIP","floor":18.0},{"not_picked":["Rebound","Cold Snap","Rip and Tear"],"picked":"SKIP","floor":22.0},{"not_picked":["Rebound","Cold Snap","Rip and Tear"],"picked":"SKIP","floor":22.0},{"not_picked":["Capacitor","Seek"],"picked":"Recycle+1","floor":24.0},{"not_picked":["Melter","Chill"],"picked":"Chaos+1","floor":29},{"not_picked":["Ball Lightning+1","Conserve Battery+1","Barrage+1"],"picked":"SKIP","floor":31},{"not_picked":["Ball Lightning+1","Barrage+1"],"picked":"Conserve Battery+1","floor":31},{"not_picked":["Buffer","Electrodynamics"],"picked":"Fission","floor":33},{"not_picked":["Cold Snap","Steam+1","Leap"],"picked":"SKIP","floor":35},{"not_picked":["Cold Snap+1","Redo+1","Genetic Algorithm"],"picked":"SKIP","floor":36},{"not_picked":["Beam Cell+1","Redo+1","Ball Lightning"],"picked":"SKIP","floor":37},{"not_picked":["Barrage+1","Streamline+1"],"picked":"Fission","floor":41},{"not_picked":["Compile Driver+1","Streamline","BootSequence+1"],"picked":"SKIP","floor":46}],"player_experience":479152,"relics_obtained":[{"floor":3.0,"key":"Blood Vial"},{"floor":9.0,"key":"FossilizedHelix"},{"floor":12.0,"key":"HornCleat"},{"floor":24.0,"key":"Du-Vu Doll"},{"floor":26.0,"key":"Mummified Hand"},{"floor":27.0,"key":"Bag of Preparation"},{"floor":29,"key":"DataDisk"},{"floor":41,"key":"Mango"},{"floor":43,"key":"Frozen Egg 2"},{"floor":46,"key":"The Courier"}],"event_choices":[{"damage_healed":0.0,"max_hp_gain":0.0,"max_hp_loss":0.0,"gold_gain":100.0,"event_name":"Golden Shrine","player_choice":"Pray","floor":10.0,"gold_loss":0.0,"damage_taken":0.0},{"damage_healed":0.0,"max_hp_gain":0.0,"max_hp_loss":0.0,"gold_gain":99.0,"event_name":"Nest","player_choice":"Stole From Cult","floor":19.0,"gold_loss":0.0,"damage_taken":0.0},{"damage_healed":0.0,"max_hp_gain":0.0,"max_hp_loss":0.0,"gold_gain":0.0,"event_name":"Lab","player_choice":"Got Potions","floor":21.0,"gold_loss":0.0,"damage_taken":0.0},{"cards_removed":["Gash"],"damage_healed":0,"gold_gain":0,"player_choice":"Removed Attack","damage_taken":0,"max_hp_gain":0,"max_hp_loss":0,"event_name":"Falling","floor":39,"gold_loss":0},{"damage_healed":0,"gold_gain":0,"player_choice":"Memory 1","damage_taken":0,"max_hp_gain":0,"max_hp_loss":0,"event_name":"SensoryStone","floor":45,"gold_loss":0},{"damage_healed":0,"gold_gain":0,"player_choice":"Forge","damage_taken":0,"max_hp_gain":0,"max_hp_loss":0,"event_name":"Accursed Blacksmith","floor":47,"gold_loss":0,"cards_upgraded":["Defend_B"]}],"is_beta":false,"boss_relics":[{"not_picked":["FrozenCore","Pandora\u0027s Box"],"picked":"Inserter"},{"not_picked":["Calling Bell","Snecko Eye"],"picked":"Astrolabe"}],"items_purged_floors":[20,28,38,42,48],"is_endless":false,"potions_floor_spawned":[2,12,16,22,24,35,46],"ascension_level":1}}