{"host":"jfbo3eu2ui08ej1u","time":1611720325,"event":{"mods":["2.2 Compatiblity","AchievementEnabler","Act Like it!","Aspiration","BaseMod","Better Altar","Better Match","Better Note","Better Sensory Stone","Better Skull","Better Third Choice","Block Reminder","Colored Map","Colored Powertips","Conspire","DeckTracker","Displayed Cursed Tome","Energized Spire","Fox Events","GifTheSpireLib","Hubris","Infinite Spire","Marked Mod","Minty Spire (QoL Compilation)","Pale of the Ancients","Poor People Problems","Quick Restart","Relic Filter","Reliquary","Reorder Act Four","Replay The Spire","Shop Mod","Spicy Shops","Spire Arcade","StSLib","Stuff the Spire","The Blue Laboratory","The Disciple","The Forsaken","The Hierophant","The Marked","Uncapped","Unceasing Turn Reminder","Wandering Minibosses"],"gold_per_floor":[110,73,73,86,103,103,129,149,174,190,210,210,227,261,261,340,340,355,74,88,88,100,100,112,27,77,77,90,90,105,124,124,198,198,215,215,260,298,20,20,20,20],"floor_reached":41,"language":"ENG","playtime":1457,"items_purged":["Strike_R","Pain"],"score":910,"play_id":"bd70d905-ce9f-4766-9a6d-8215d4e854a7","local_time":"20210126230525","is_ascension_mode":true,"campfire_choices":[{"data":"True Grit","floor":6.0,"key":"SMITH"},{"floor":12.0,"key":"REST"},{"data":"Limit Break","floor":15.0,"key":"SMITH"},{"floor":23.0,"key":"REST"},{"floor":27,"key":"REST"},{"floor":29,"key":"REST"},{"data":"Metallicize","floor":32,"key":"SMITH"},{"floor":40,"key":"REST"}],"circlet_count":0,"master_deck":["AscendersBane","Strike_R","Strike_R","Strike_R","Strike_R","Defend_R","Defend_R","Defend_R","Defend_R","Bash+1","True Grit+1","ReplayTheSpireMod:Limb From Limb","Inflame","Thunderclap","Pommel Strike","StuffTheSpire:Slingshot","ReplayTheSpireMod:LeadingStrike","Limit Break+1","Dropkick","Headbutt","Shockwave","Armaments","Inflame","Looming Evil","Armaments","wanderingMiniBosses:FinaleOfPromise","Pot Of Greed","Pot Of Greed","Pot Of Greed","Metallicize+1","Shrug It Off","Heavy Blade","conspire:Purge","True Grit","StuffTheSpire:CuriosityCurse","Disarm","Armaments","Shame","Pot Of Greed"],"relics":["Burning Blood","aspiration:HiddenCompartment","Red Skull","Replay:Accelerometer","ReplayTheSpireMod:DimensionalGlitch","ReplayTheSpireMod:Ring of Collecting","ReplayTheSpireMod:Ring of Challenge","wanderingMiniBosses:Blackblade","Grinning Jar","Ring of Misfortune","Blue Doll","infinitespire:Burning Sword","reliquary:TridentHead","Pondfish Scales","Frozen Egg 2","ReplayTheSpireMod:CursedCoin","infinitespire:WardingShard"],"acts_visited":["Exordium","TheCity","TheBeyond"],"potions_floor_usage":[24,41],"damage_taken":[{"damage":1.0,"enemies":"Cultist","floor":1.0,"turns":3.0},{"damage":1.0,"enemies":"Small Slimes","floor":4.0,"turns":4.0},{"damage":12.0,"enemies":"Jaw Worm","floor":5.0,"turns":4.0},{"damage":36.0,"enemies":"Lagavulin","floor":7.0,"turns":8.0},{"damage":21.0,"enemies":"Exordium Wildlife","floor":8.0,"turns":7.0},{"damage":0.0,"enemies":"Looter","floor":10.0,"turns":1.0},{"damage":8.0,"enemies":"Blue Slaver","floor":11.0,"turns":3.0},{"damage":23.0,"enemies":"2 Fungi Beasts","floor":13.0,"turns":7.0},{"damage":2.0,"enemies":"Gremlin Nob","floor":14.0,"turns":3.0},{"damage":22.0,"enemies":"Hexaghost","floor":16.0,"turns":6.0},{"damage":36.0,"enemies":"Shell Parasite","floor":18.0,"turns":6.0},{"damage":5.0,"enemies":"3 Byrds","floor":20.0,"turns":4.0},{"damage":0.0,"enemies":"Snake Plant","floor":22.0,"turns":2.0},{"damage":54,"enemies":"Snecko","floor":24,"turns":7},{"damage":10,"enemies":"Cultist and Chosen","floor":28,"turns":6},{"damage":2,"enemies":"3 Cultists","floor":30,"turns":4},{"damage":6,"enemies":"Centurion and Healer","floor":31,"turns":4},{"damage":7,"enemies":"Champ","floor":33,"turns":5},{"damage":39,"enemies":"3 Darklings","floor":35,"turns":4},{"damage":23,"enemies":"2 Orb Walkers","floor":37,"turns":2},{"damage":42,"enemies":"Nemesis","floor":41,"turns":4}],"seed_played":"637604386693903157","potions_obtained":[{"floor":4.0,"key":"Fruit Juice"},{"floor":5.0,"key":"blueLaboratory:AbyssPotion"},{"floor":10.0,"key":"blueLaboratory:PolymorphPotion"},{"floor":14.0,"key":"blueLaboratory:HummingbirdPotion"},{"floor":24,"key":"SmokeBomb"},{"floor":31,"key":"blueLaboratory:BubblePotion"}],"is_trial":false,"path_per_floor":["M","$","?","M","M","R","E","M","T","M","M","R","M","E","R","B",null,"M","$","M","?","M","R","M","?","T","R","M","R","M","M","R","B",null,"M","?","?","?","$","R","E"],"character_chosen":"IRONCLAD","items_purchased":["ReplayTheSpireMod:Limb From Limb","Armaments","Inflame","blueLaboratory:FruitPunch","ReplayTheSpireMod:CursedCoin","infinitespire:WardingShard","blueLaboratory:FruitPunch"],"campfire_rested":5,"item_purchase_floors":[2,19,19,19,39,39,39],"current_hp_per_floor":[73,73,73,80,74,74,44,29,29,35,33,57,40,44,44,28,67,34,34,32,32,35,59,9,9,9,33,26,50,51,48,48,44,73,37,37,17,17,17,41,0,0],"gold":20,"neow_bonus":"UPGRADE_CARD","is_daily":false,"chose_seed":false,"campfire_upgraded":3,"win_rate":0.0,"timestamp":1611720325,"path_taken":["M","?","?","M","M","R","E","M","T","M","?","R","M","E","R","BOSS","M","$","M","?","M","R","M","?","T","R","M","R","M","M","R","BOSS","M","?","?","?","?","R","E"],"items_purchased_type":["Card","Card","Card","Potion","Relic","Relic","Potion"],"build_version":"2020-12-22","purchased_purges":2,"victory":false,"max_hp_per_floor":[75,75,75,80,80,80,80,80,80,80,80,80,80,80,80,80,80,80,80,80,80,80,80,82,82,82,82,82,82,82,82,82,82,82,82,82,82,82,82,82,84,84],"card_choices":[{"not_picked":["Havoc","Ghostly Armor"],"picked":"True Grit","floor":1.0},{"not_picked":["Cleave","StuffTheSpire:BloodClot"],"picked":"Inflame","floor":4.0},{"not_picked":["Battle Trance","Wild Strike"],"picked":"Thunderclap","floor":5.0},{"not_picked":["Corruption","Juggernaut"],"picked":"Pommel Strike","floor":7.0},{"not_picked":["Perfected Strike","Sword Boomerang"],"picked":"StuffTheSpire:Slingshot","floor":8.0},{"not_picked":["Second Wind","Sever Soul"],"picked":"ReplayTheSpireMod:LeadingStrike","floor":10.0},{"not_picked":["Twin Strike","Cleave"],"picked":"Limit Break","floor":11.0},{"not_picked":["Heavy Blade","Clothesline"],"picked":"Dropkick","floor":13.0},{"not_picked":["Twin Strike","Abandon"],"picked":"Headbutt","floor":14.0},{"not_picked":["Uppercut","infinitespire:OneForAll"],"picked":"Shockwave","floor":18.0},{"not_picked":["Sever Soul+1","Flex","Wild Strike"],"picked":"SKIP","floor":20.0},{"not_picked":["Dual Wield","Iron Wave+1"],"picked":"Armaments","floor":22.0},{"not_picked":[],"picked":"wanderingMiniBosses:FinaleOfPromise","floor":24},{"not_picked":["Havoc","Flex","Perfected Strike"],"picked":"SKIP","floor":24},{"not_picked":["Heavy Blade","Replay:Undeath\u0027s Touch"],"picked":"Metallicize","floor":28},{"not_picked":["True Grit","Power Through"],"picked":"Shrug It Off","floor":30},{"not_picked":["StuffTheSpire:Slingshot","Body Slam"],"picked":"Heavy Blade","floor":31},{"not_picked":["Corruption","Juggernaut"],"picked":"conspire:Purge","floor":33},{"not_picked":["Blood for Blood","Feel No Pain"],"picked":"True Grit","floor":35},{"not_picked":["Clothesline","Clash"],"picked":"Disarm","floor":37},{"not_picked":["Wild Strike","StuffTheSpire:Incineration+1"],"picked":"Armaments","floor":38}],"player_experience":1230872,"relics_obtained":[{"floor":7.0,"key":"aspiration:HiddenCompartment"},{"floor":9.0,"key":"Red Skull"},{"floor":14.0,"key":"Replay:Accelerometer"},{"floor":21.0,"key":"ReplayTheSpireMod:Ring of Collecting"},{"floor":21.0,"key":"ReplayTheSpireMod:Ring of Challenge"},{"floor":24,"key":"wanderingMiniBosses:Blackblade"},{"floor":26,"key":"Ring of Misfortune"},{"floor":26,"key":"Blue Doll"},{"floor":37,"key":"Pondfish Scales"},{"floor":38,"key":"Frozen Egg 2"}],"event_choices":[{"damage_healed":0,"gold_gain":0,"player_choice":"Obtained Relic","damage_taken":0,"relics_obtained":["Grinning Jar"],"max_hp_gain":0,"max_hp_loss":0,"event_name":"Addict","floor":25,"gold_loss":85},{"damage_healed":0,"gold_gain":0,"player_choice":"Fight","damage_taken":0,"max_hp_gain":0,"max_hp_loss":0,"event_name":"Mysterious Sphere","floor":37,"gold_loss":0}],"is_beta":false,"boss_relics":[{"not_picked":["aspiration:SecretTechniqueScroll","energizedSpire:CursedPentagram"],"picked":"ReplayTheSpireMod:DimensionalGlitch"},{"not_picked":["reliquary:WritOfMandamus","hubris:CrackedHourglass"],"picked":"infinitespire:Burning Sword"}],"items_purged_floors":[19,39],"is_endless":false,"potions_floor_spawned":[4,5,10,14,24,28,31,33,37],"killed_by":"Nemesis","ascension_level":20}}