{"host":"usru02jcpe2a942d","time":1611740887,"event":{"mods":["Act Like it!","BaseMod","Colored Powertips","GifTheSpireLib","Hallownest","Highlight Path","Hubris","Infinite Spire","Minty Spire (QoL Compilation)","MostiFishMod","Quick Restart","Relic Stats","RumiaBox-露米娅的神秘盒子","StSLib","The Bug Knight","noobMod","【遗物卡牌】REMEMod","篝火指南"],"gold_per_floor":[147,147,147,195,195,120,165,165,165,267,267,312,402,32,1,310,310,364,364,265,265,301,379,466,550,550,586,791,791,32,135,72,363,363,393,553,478,562,610,150,231,231,231,342,417,495,549,210,52,340,340,340],"floor_reached":51,"language":"ZHS","playtime":2614,"items_purged":["Writhe"],"score":1570,"play_id":"5251000c-4a02-4497-8c3f-0ef21fd125ab","local_time":"20210127174806","daily_mods":["SealedDeck","Vintage","Heirloom","Time Dilation","Flight","DeadlyEvents","Binary","Elite Swarm","Midas","Binary"],"is_ascension_mode":false,"campfire_choices":[{"floor":8.0,"key":"RECALL"}],"circlet_count":0,"master_deck":["MostiFishMod:PerfectForm","HollowMod:SoulStrike+1","HollowMod:GoodIntentions","HollowMod:DoubleDash","HollowMod:CycloneSlash+1","HollowMod:CycloneSlash+1","HollowMod:DoubleDash","HollowMod:ChannelNail","HollowMod:MonarchWings","HollowMod:LifebloodCore","HollowMod:MantisMark","MostiFishMod:ButterFly+1","Chrysalis+1","HollowMod:LifebloodCore+1","MostiFishMod:Kaleido+1"],"relics":["HollowMod:VesselMask","Busted Crown","DaveBox","ice","REME_ComplimentaryCards","ShadowXiaoBlade","TungstenRod","SSSystem","SynthV:TestCard","Hallownest:DreamNailRelic","Nunchaku","REME_PuzzleBoxRelic","hubris:PeanutButter","infinitespire:Magic Flask","Bottled Tornado","The Courier","Membership Card","infinitespire:Beetle Shell","infinitespire:Satchel","BionicSphere","hubris:Backtick","REME_LimitBreaker","Singing Bowl","hubris:Icosahedron","Dodecahedron","infinitespire:PuzzleCube","CeramicFish","ChaoDraw","hubris:AstralHammer","PreservedInsect","Toxic Egg 2","Bottled Flame","infinitespire:WardingShard","ClockworkSouvenir","Lantern","MagicDraw2","CombinedTypeHook","SynthV:C4","StoneCalendar","Thread and Needle","Vajra","Ccalipers","hubris:CuriousFeather","FeatherPendant","Omamori","Hallownest:GodTamersBeastRelic","GodSword5","Du-Vu Doll","Ancient Tea Set","hubris:MobiusCoin","HandDrill","Potion Belt","ThornShield","infinitespire:Lucky Rock","Whetstone","hubris:SlimyHat","Sundial","Torii","Bag of Preparation","ImprovedEquipment","Orichalcum","Unceasing Top","Mummified Hand","Lee\u0027s Waffle","Civilization","hubris:BottledRain","RhineFirstAidKit"],"acts_visited":["Hallownest:Greenpath","Hallownest:CityofTears","Hallownest:KingdomsEdge","Hallownest:Greenpath"],"potions_floor_usage":[50,50,50],"damage_taken":[{"damage":0.0,"enemies":"Hallownest:2_Baldur","floor":1.0,"turns":2.0},{"damage":0.0,"enemies":"2_ Uuma","floor":4.0,"turns":2.0},{"damage":0.0,"enemies":"Hallownest:monsterHuskWarrior","floor":7.0,"turns":2.0},{"damage":0.0,"enemies":"Hallownest:eliteVengeflyKing","floor":10.0,"turns":3.0},{"damage":0.0,"enemies":"Hallownest:monsterMarmu","floor":11.0,"turns":3.0},{"damage":0.0,"enemies":"Hallownest:2_Tiktiks_1_Baldur_1_Crawlid","floor":12.0,"turns":2.0},{"damage":0.0,"enemies":"Hallownest:eliteMossKnight","floor":13.0,"turns":2.0},{"damage":0.0,"enemies":"Hallownest:BossBrokenVessel","floor":16.0,"turns":4.0},{"damage":0.0,"enemies":"Hallownest:2_Mistakes","floor":18.0,"turns":3.0},{"damage":0.0,"enemies":"Hallownest:Guard_and_Sentry","floor":22.0,"turns":3.0},{"damage":0.0,"enemies":"Hallownest:Nosk","floor":23.0,"turns":4.0},{"damage":0.0,"enemies":"Hallownest:eliteWatcherKnight","floor":24.0,"turns":6.0},{"damage":0.0,"enemies":"Nightmare","floor":25.0,"turns":4.0},{"damage":0.0,"enemies":"Hallownest:Warrior_and_Youth","floor":27.0,"turns":1.0},{"damage":0.0,"enemies":"Hallownest:Nosk","floor":28.0,"turns":3.0},{"damage":0.0,"enemies":"Hallownest:eliteWatcherKnight","floor":31.0,"turns":15.0},{"damage":0.0,"enemies":"Hallownest:BossMantisLord","floor":33.0,"turns":1.0},{"damage":0.0,"enemies":"Hallownest:3_Siblings","floor":35.0,"turns":1.0},{"damage":0.0,"enemies":"Hallownest:3_Siblings","floor":36.0,"turns":1.0},{"damage":1.0,"enemies":"Hallownest:3_Siblings","floor":36.0,"turns":1.0},{"damage":3.0,"enemies":"Hallownest:3_Siblings","floor":36.0,"turns":1.0},{"damage":0.0,"enemies":"Hallownest:3_Siblings","floor":36.0,"turns":2.0},{"damage":0,"enemies":"Hallownest:eliteHiveKnight","floor":38,"turns":2},{"damage":0,"enemies":"Hallownest:Shield_Heavy","floor":39,"turns":1},{"damage":0,"enemies":"Hallownest:eliteCollector","floor":41,"turns":1},{"damage":0,"enemies":"Hallownest:eliteHiveKnight","floor":44,"turns":1},{"damage":0,"enemies":"Hallownest:eliteCollector","floor":45,"turns":1},{"damage":0,"enemies":"Hallownest:StalkingDevout","floor":46,"turns":1},{"damage":0,"enemies":"Hallownest:2_Wing_and_1_Kings","floor":47,"turns":1},{"damage":0,"enemies":"Hallownest:BossHollowKnight","floor":50,"turns":1}],"seed_played":"-272824441404604234","potions_obtained":[{"floor":1.0,"key":"Fire Potion"},{"floor":16.0,"key":"SmokeBomb"},{"floor":22.0,"key":"SpeedPotion"},{"floor":23.0,"key":"Block Potion"},{"floor":24.0,"key":"EntropicBrew"},{"floor":27.0,"key":"Energy Potion"},{"floor":33.0,"key":"Dexterity Potion"},{"floor":39,"key":"Regen Potion"},{"floor":44,"key":"Ancient Potion"},{"floor":46,"key":"Weak Potion"},{"floor":50,"key":"Energy Potion"}],"is_trial":true,"path_per_floor":["M","?","?","M","?","R","M","R","T","E","?","M","E","$","R","B",null,"M","?","$","?","M","E","E","NM","T","M","E","T","R","E","R","B",null,"M","?","?","E","M","R","E","?","T","E","E","E","M","$","R","B",null],"character_chosen":"THE_BUGKNIGHT","items_purchased":["Membership Card","infinitespire:Beetle Shell","infinitespire:Satchel","BionicSphere","HollowMod:MantisMark","Dodecahedron","MostiFishMod:ButterFly","ClockworkSouvenir","Lantern","MagicDraw2","CombinedTypeHook","SynthV:C4","StoneCalendar","Thread and Needle","Vajra","Ccalipers","Chrysalis+1","hubris:MobiusCoin","HandDrill","Potion Belt","ThornShield","infinitespire:Lucky Rock","Whetstone","Unceasing Top","Mummified Hand","Lee\u0027s Waffle","MostiFishMod:Kaleido+1","Civilization","hubris:BottledRain"],"campfire_rested":0,"item_purchase_floors":[14,14,14,14,15,20,20,30,30,30,30,30,30,30,30,30,32,40,40,40,40,40,40,48,48,48,48,49,49],"current_hp_per_floor":[75,84,84,84,84,84,84,84,84,84,84,84,84,84,84,84,84,84,84,84,84,84,86,88,90,90,90,92,92,92,95,95,109,109,109,109,109,111,111,111,113,108,108,108,110,112,112,119,119,122,122,122],"gold":340,"neow_bonus":"","is_daily":false,"chose_seed":false,"campfire_upgraded":0,"win_rate":0.0,"timestamp":1611740886,"path_taken":["M","?","?","?","?","R","?","R","T","?","?","?","?","?","R","BOSS","M","?","?","?","?","?","?","NM","T","?","?","?","R","E","R","BOSS","M","?","?","?","?","R","E","?","T","E","E","?","?","?","R","BOSS"],"items_purchased_type":["Relic","Relic","Relic","Relic","Card","Relic","Card","Relic","Relic","Relic","Relic","Relic","Relic","Relic","Relic","Relic","Card","Relic","Relic","Relic","Relic","Relic","Relic","Relic","Relic","Relic","Card","Relic","Relic"],"build_version":"2020-12-22","purchased_purges":1,"victory":false,"max_hp_per_floor":[75,84,84,84,84,84,84,84,84,84,84,84,84,84,84,84,84,84,84,84,84,84,86,88,90,90,90,92,92,92,107,107,109,109,109,109,109,111,111,111,113,108,108,108,110,112,112,119,119,122,122,122],"relic_stats":{"Lee\u0027s Waffle":7,"Singing Bowl":22,"Torii":0,"counters":[30,75],"CeramicFish":27,"StoneCalendar":[33],"PreservedInsect":366,"Bag of Preparation":[6],"Whetstone":["MostiFishMod:ButterFly","HollowMod:CycloneSlash"],"Orichalcum":[0],"Nunchaku":[16],"Busted Crown":48,"Sundial":[0],"Mummified Hand":[2],"HandDrill":[14],"obtain_stats":[{"CombinedTypeHook":30,"CeramicFish":23,"SSSystem":1,"Vajra":30,"HollowMod:VesselMask":0,"ice":0,"Whetstone":40,"Bottled Tornado":12,"MagicDraw2":30,"RhineFirstAidKit":51,"hubris:AstralHammer":25,"Ccalipers":30,"Sundial":43,"HandDrill":40,"Toxic Egg 2":27,"hubris:MobiusCoin":40,"Dodecahedron":20,"infinitespire:Beetle Shell":14,"infinitespire:Magic Flask":10,"REME_LimitBreaker":17,"Du-Vu Doll":38,"Bottled Flame":28,"BionicSphere":14,"hubris:PeanutButter":9,"GodSword5":37,"infinitespire:PuzzleCube":22,"Unceasing Top":48,"Lantern":30,"DaveBox":0,"Singing Bowl":18,"Torii":44,"StoneCalendar":30,"Hallownest:DreamNailRelic":3,"hubris:SlimyHat":41,"Bag of Preparation":45,"Hallownest:GodTamersBeastRelic":36,"Ancient Tea Set":39,"SynthV:C4":30,"ClockworkSouvenir":30,"Civilization":49,"Nunchaku":4,"hubris:Backtick":17,"hubris:Icosahedron":19,"Mummified Hand":48,"hubris:CuriousFeather":31,"Potion Belt":40,"Lee\u0027s Waffle":48,"ImprovedEquipment":46,"ShadowXiaoBlade":0,"Thread and Needle":30,"The Courier":13,"PreservedInsect":26,"Omamori":35,"infinitespire:Lucky Rock":40,"Orichalcum":47,"ThornShield":40,"ChaoDraw":24,"Busted Crown":0,"SynthV:TestCard":1,"infinitespire:WardingShard":29,"FeatherPendant":34,"infinitespire:Satchel":14,"Membership Card":14,"REME_PuzzleBoxRelic":7,"TungstenRod":0,"REME_ComplimentaryCards":0,"hubris:BottledRain":49},{"CombinedTypeHook":15,"CeramicFish":11,"SSSystem":1,"Vajra":15,"HollowMod:VesselMask":0,"ice":0,"Whetstone":24,"Bottled Tornado":6,"MagicDraw2":15,"RhineFirstAidKit":30,"hubris:AstralHammer":13,"Ccalipers":15,"Sundial":25,"HandDrill":24,"Toxic Egg 2":14,"hubris:MobiusCoin":24,"Dodecahedron":9,"infinitespire:Beetle Shell":7,"infinitespire:Magic Flask":4,"REME_LimitBreaker":8,"Du-Vu Doll":23,"Bottled Flame":15,"BionicSphere":7,"hubris:PeanutButter":3,"GodSword5":22,"infinitespire:PuzzleCube":10,"Unceasing Top":29,"Lantern":15,"DaveBox":0,"Singing Bowl":9,"Torii":26,"StoneCalendar":15,"Hallownest:DreamNailRelic":1,"hubris:SlimyHat":25,"Bag of Preparation":27,"Hallownest:GodTamersBeastRelic":22,"Ancient Tea Set":24,"SynthV:C4":15,"ClockworkSouvenir":15,"Civilization":29,"Nunchaku":2,"hubris:Backtick":8,"hubris:Icosahedron":9,"Mummified Hand":29,"hubris:CuriousFeather":16,"Potion Belt":24,"Lee\u0027s Waffle":29,"ImprovedEquipment":28,"ShadowXiaoBlade":0,"Thread and Needle":15,"The Courier":7,"PreservedInsect":13,"Omamori":18,"infinitespire:Lucky Rock":24,"Orichalcum":29,"ThornShield":24,"ChaoDraw":12,"Busted Crown":0,"SynthV:TestCard":1,"infinitespire:WardingShard":15,"FeatherPendant":17,"infinitespire:Satchel":7,"Membership Card":7,"REME_PuzzleBoxRelic":3,"TungstenRod":0,"REME_ComplimentaryCards":0,"hubris:BottledRain":29},{"CombinedTypeHook":44,"CeramicFish":30,"SSSystem":2,"Vajra":44,"HollowMod:VesselMask":0,"ice":0,"Whetstone":69,"Bottled Tornado":14,"MagicDraw2":44,"RhineFirstAidKit":75,"hubris:AstralHammer":40,"Ccalipers":44,"Sundial":70,"HandDrill":69,"Toxic Egg 2":41,"hubris:MobiusCoin":69,"Dodecahedron":23,"infinitespire:Beetle Shell":16,"infinitespire:Magic Flask":9,"REME_LimitBreaker":20,"Du-Vu Doll":68,"Bottled Flame":44,"BionicSphere":16,"hubris:PeanutButter":6,"GodSword5":66,"infinitespire:PuzzleCube":26,"Unceasing Top":74,"Lantern":44,"DaveBox":0,"Singing Bowl":23,"Torii":71,"StoneCalendar":44,"Hallownest:DreamNailRelic":2,"hubris:SlimyHat":70,"Bag of Preparation":72,"Hallownest:GodTamersBeastRelic":66,"Ancient Tea Set":69,"SynthV:C4":44,"ClockworkSouvenir":44,"Civilization":74,"Nunchaku":4,"hubris:Backtick":20,"hubris:Icosahedron":23,"Mummified Hand":74,"hubris:CuriousFeather":59,"Potion Belt":69,"Lee\u0027s Waffle":74,"ImprovedEquipment":73,"ShadowXiaoBlade":0,"Thread and Needle":44,"The Courier":16,"PreservedInsect":40,"Omamori":61,"infinitespire:Lucky Rock":69,"Orichalcum":74,"ThornShield":69,"ChaoDraw":36,"Busted Crown":0,"SynthV:TestCard":2,"infinitespire:WardingShard":44,"FeatherPendant":60,"infinitespire:Satchel":16,"Membership Card":16,"REME_PuzzleBoxRelic":6,"TungstenRod":0,"REME_ComplimentaryCards":0,"hubris:BottledRain":74}],"TungstenRod":2,"Unceasing Top":[0]},"card_choices":[{"not_picked":["HollowMod:Weaversong","HollowMod:SoulMaster"],"picked":"SKIP","floor":10.0},{"not_picked":["HollowMod:Hiveblood"],"picked":"HollowMod:LifebloodCore","floor":13.0},{"not_picked":["HollowMod:HornetsHelp","HollowMod:ElderbugsWisdom"],"picked":"Singing Bowl","floor":23.0},{"not_picked":["HollowMod:ZotesMagnificence","HollowMod:ElderbugsWisdom"],"picked":"Singing Bowl","floor":24.0},{"not_picked":["HollowMod:AwokenDreamNail","HollowMod:ElderbugsWisdom"],"picked":"Singing Bowl","floor":25.0},{"not_picked":["HollowMod:VoidDash+1","HollowMod:Hiveblood+1"],"picked":"Singing Bowl","floor":28.0},{"not_picked":["HollowMod:AwokenDreamNail","HollowMod:ZotesMagnificence"],"picked":"Singing Bowl","floor":31.0},{"not_picked":["HollowMod:HornetsHelp","HollowMod:theNailsmith+1"],"picked":"Singing Bowl","floor":33.0},{"not_picked":["HollowMod:ElderbugsWisdom","HollowMod:NewInfectedGuardian+1"],"picked":"Singing Bowl","floor":38},{"not_picked":["HollowMod:AwokenDreamNail","HollowMod:SoulMaster"],"picked":"Singing Bowl","floor":41},{"not_picked":["HollowMod:ElderbugsWisdom"],"picked":"HollowMod:LifebloodCore+1","floor":44},{"not_picked":["HollowMod:NewInfectedGuardian+1","HollowMod:ElderbugsWisdom","HollowMod:VoidDash+1"],"picked":"Singing Bowl","floor":45},{"not_picked":["HollowMod:Weaversong","HollowMod:PureVessel"],"picked":"Singing Bowl","floor":46},{"not_picked":["HollowMod:HornetsHelp","HollowMod:LifebloodCore+1"],"picked":"Singing Bowl","floor":50}],"player_experience":231570,"relics_obtained":[{"floor":1.0,"key":"SSSystem"},{"floor":1.0,"key":"SynthV:TestCard"},{"floor":4.0,"key":"Nunchaku"},{"floor":7.0,"key":"REME_PuzzleBoxRelic"},{"floor":9.0,"key":"hubris:PeanutButter"},{"floor":10.0,"key":"infinitespire:Magic Flask"},{"floor":12.0,"key":"Bottled Tornado"},{"floor":13.0,"key":"The Courier"},{"floor":18.0,"key":"Singing Bowl"},{"floor":22.0,"key":"infinitespire:PuzzleCube"},{"floor":23.0,"key":"CeramicFish"},{"floor":24.0,"key":"ChaoDraw"},{"floor":25.0,"key":"hubris:AstralHammer"},{"floor":26.0,"key":"PreservedInsect"},{"floor":27.0,"key":"Toxic Egg 2"},{"floor":28.0,"key":"Bottled Flame"},{"floor":29.0,"key":"infinitespire:WardingShard"},{"floor":31.0,"key":"hubris:CuriousFeather"},{"floor":35.0,"key":"Omamori"},{"floor":38,"key":"Du-Vu Doll"},{"floor":39,"key":"Ancient Tea Set"},{"floor":41,"key":"hubris:SlimyHat"},{"floor":43,"key":"Sundial"},{"floor":44,"key":"Torii"},{"floor":45,"key":"Bag of Preparation"},{"floor":46,"key":"ImprovedEquipment"},{"floor":47,"key":"Orichalcum"}],"event_choices":[],"is_beta":false,"boss_relics":[{"not_picked":["ExusiaiGun","REME_ChargedStone"],"picked":"hubris:Backtick"},{"not_picked":["SacredBark","MoonlightInvasionPlan"],"picked":"FeatherPendant"},{"not_picked":["HollowMod:VoidIdolRelic","Empty Cage"],"picked":"RhineFirstAidKit"}],"items_purged_floors":[6],"is_endless":true,"potions_floor_spawned":[1,11,16,22,23,24,27,33,36,36,39,44,46,50],"ascension_level":0}}