{"host":"ypphcgdomtfqpc2w","time":1611741146,"event":{"mods":["BaseMod","DeckTracker","Minty Spire (QoL Compilation)","Relic Stats","StSLib"],"gold_per_floor":[116,133,149,149,168,168,186,214,514,38,71,85,103,114,114,189,189,204,204,222,222,43,43,43,43,43,59,70,102,122,47,47,122,122,142,142,157,157,176,176,206,226,226,238,238,238,272,282,282,282,282,282,282,45,77,77,77],"floor_reached":56,"language":"ENG","playtime":5288,"items_purged":["Hemokinesis"],"score":1986,"play_id":"db0e40d9-7d41-4fa9-b51a-736eea3bb2ce","local_time":"20210127185226","is_ascension_mode":true,"campfire_choices":[{"data":"Whirlwind","floor":6.0,"key":"SMITH"},{"data":"Armaments","floor":15.0,"key":"SMITH"},{"data":"Burning Pact","floor":23.0,"key":"SMITH"},{"data":"Barricade","floor":25.0,"key":"SMITH"},{"data":"Shrug It Off","floor":32.0,"key":"SMITH"},{"data":"Disarm","floor":40.0,"key":"SMITH"},{"floor":45.0,"key":"RECALL"},{"data":"Juggernaut","floor":49.0,"key":"SMITH"},{"data":"Evolve","floor":53.0,"key":"SMITH"}],"circlet_count":0,"master_deck":["AscendersBane","Bash","Shrug It Off+1","Whirlwind+1","Clothesline","Disarm+1","Juggernaut+1","Armaments+1","Evolve+1","Ghostly Armor","Immolate","True Grit+1","Blood for Blood","Impervious","Barricade+1","Dropkick","Shrug It Off","Burning Pact+1","Reaper","Impervious","Second Wind","Feed","Feed","Metallicize+1","Shrug It Off","Body Slam","Entrench","Impervious"],"relics":["Coffee Dripper","Darkstone Periapt","Old Coin","Singing Bowl","Frozen Eye","Torii","Pandora\u0027s Box","Strawberry","Bird Faced Urn","Velvet Choker","Kunai","CaptainsWheel","Du-Vu Doll"],"acts_visited":["Exordium","TheCity","TheBeyond","TheEnding"],"potions_floor_usage":[],"damage_taken":[{"damage":0.0,"enemies":"Cultist","floor":1.0,"turns":3.0},{"damage":2.0,"enemies":"Small Slimes","floor":2.0,"turns":3.0},{"damage":0.0,"enemies":"2 Louse","floor":3.0,"turns":1.0},{"damage":5.0,"enemies":"Gremlin Gang","floor":5.0,"turns":6.0},{"damage":0.0,"enemies":"Looter","floor":7.0,"turns":3.0},{"damage":0.0,"enemies":"Gremlin Nob","floor":8.0,"turns":3.0},{"damage":25.0,"enemies":"3 Sentries","floor":11.0,"turns":6.0},{"damage":8.0,"enemies":"3 Louse","floor":12.0,"turns":3.0},{"damage":2.0,"enemies":"Lots of Slimes","floor":13.0,"turns":4.0},{"damage":10.0,"enemies":"Red Slaver","floor":14.0,"turns":5.0},{"damage":1.0,"enemies":"The Guardian","floor":16.0,"turns":11.0},{"damage":6.0,"enemies":"Chosen","floor":18.0,"turns":4.0},{"damage":6.0,"enemies":"Shell Parasite","floor":20.0,"turns":7.0},{"damage":8.0,"enemies":"Snake Plant","floor":27.0,"turns":6.0},{"damage":14.0,"enemies":"Centurion and Healer","floor":28.0,"turns":10.0},{"damage":75.0,"enemies":"Slavers","floor":29.0,"turns":7.0},{"damage":0.0,"enemies":"Snecko","floor":30.0,"turns":8.0},{"damage":23.0,"enemies":"Champ","floor":33.0,"turns":17.0},{"damage":20.0,"enemies":"3 Darklings","floor":35.0,"turns":7.0},{"damage":13.0,"enemies":"Orb Walker","floor":37.0,"turns":5.0},{"damage":33.0,"enemies":"3 Darklings","floor":39.0,"turns":10.0},{"damage":13.0,"enemies":"Reptomancer","floor":41.0,"turns":8.0},{"damage":0.0,"enemies":"Spire Growth","floor":42.0,"turns":11.0},{"damage":2.0,"enemies":"Writhing Mass","floor":44.0,"turns":10.0},{"damage":16.0,"enemies":"Giant Head","floor":47.0,"turns":19.0},{"damage":6.0,"enemies":"Transient","floor":48.0,"turns":6.0},{"damage":33.0,"enemies":"Awakened One","floor":50.0,"turns":18.0},{"damage":15.0,"enemies":"Time Eater","floor":51.0,"turns":19.0},{"damage":112.0,"enemies":"Shield and Spear","floor":55.0,"turns":9.0},{"damage":26,"enemies":"The Heart","floor":56,"turns":11}],"seed_played":"-7141078176973655757","potions_obtained":[{"floor":3.0,"key":"PowerPotion"},{"floor":8.0,"key":"FairyPotion"},{"floor":11.0,"key":"Block Potion"},{"floor":16.0,"key":"Regen Potion"},{"floor":28.0,"key":"Strength Potion"},{"floor":29.0,"key":"SpeedPotion"},{"floor":30.0,"key":"Swift Potion"},{"floor":37.0,"key":"DuplicationPotion"},{"floor":39.0,"key":"Swift Potion"},{"floor":41.0,"key":"Weak Potion"},{"floor":44.0,"key":"DistilledChaos"}],"is_trial":false,"path_per_floor":["M","M","M","?","M","R","M","E","T","$","E","M","M","M","R","B",null,"M","?","M","?","$","R","?","R","T","M","M","E","M","$","R","B",null,"M","?","M","?","M","R","E","M","T","M","R","$","E","M","R","B","B",null,"R","$","E","B"],"character_chosen":"IRONCLAD","items_purchased":["Singing Bowl","Armaments","Frozen Eye","Reaper","Body Slam","Entrench","SkillPotion","SkillPotion"],"campfire_rested":0,"item_purchase_floors":[10,10,10,22,54,54,54,54],"current_hp_per_floor":[68,66,66,66,61,61,61,61,61,61,36,30,30,20,20,21,66,62,62,56,56,56,56,56,56,63,58,56,2,32,32,32,26,82,82,82,80,80,73,73,85,104,104,121,121,121,125,129,129,106,106,131,131,131,33,20,20],"gold":77,"neow_bonus":"BOSS_RELIC","is_daily":false,"chose_seed":false,"campfire_upgraded":8,"win_rate":0.0,"timestamp":1611741146,"path_taken":["M","M","?","?","?","R","M","E","T","$","E","M","M","?","R","BOSS","M","?","?","?","$","R","?","R","T","?","M","E","M","?","R","BOSS","M","?","M","?","M","R","E","M","T","?","R","$","E","M","R","BOSS","BOSS","R","$","E","BOSS"],"items_purchased_type":["Relic","Card","Relic","Card","Card","Card","Potion","Potion"],"build_version":"2020-12-22","purchased_purges":1,"victory":false,"max_hp_per_floor":[75,75,75,75,75,75,75,75,75,75,75,77,79,79,79,81,81,83,83,83,83,83,83,83,83,90,90,92,92,97,97,97,101,101,107,107,110,110,116,116,119,125,125,131,131,131,137,139,139,139,139,139,139,139,139,139,139],"relic_stats":{"Darkstone Periapt":0,"Singing Bowl":24,"Torii":84,"counters":[30,240],"Bird Faced Urn":[94],"Pandora\u0027s Box":["Immolate","Hemokinesis","True Grit","Hemokinesis","Blood for Blood","Impervious","Barricade","Offering","Dropkick"],"Kunai":[14],"obtain_stats":[{"Darkstone Periapt":8,"Singing Bowl":10,"Torii":11,"Velvet Choker":34,"Burning Blood":0,"Old Coin":9,"Du-Vu Doll":55,"Frozen Eye":10,"CaptainsWheel":47,"Strawberry":26,"Bird Faced Urn":29,"Pandora\u0027s Box":17,"Coffee Dripper":0,"Kunai":41},{"Darkstone Periapt":6,"Singing Bowl":6,"Torii":7,"Velvet Choker":18,"Burning Blood":0,"Old Coin":6,"Du-Vu Doll":29,"Frozen Eye":6,"CaptainsWheel":25,"Strawberry":13,"Bird Faced Urn":16,"Pandora\u0027s Box":11,"Coffee Dripper":0,"Kunai":22},{"Darkstone Periapt":19,"Singing Bowl":19,"Torii":25,"Velvet Choker":107,"Burning Blood":0,"Old Coin":19,"Du-Vu Doll":229,"Frozen Eye":19,"CaptainsWheel":177,"Strawberry":59,"Bird Faced Urn":82,"Pandora\u0027s Box":48,"Coffee Dripper":0,"Kunai":137}]},"card_choices":[{"not_picked":["Clothesline","Spot Weakness"],"picked":"Shrug It Off","floor":1.0},{"not_picked":["Heavy Blade","Metallicize"],"picked":"Whirlwind","floor":2.0},{"not_picked":["Anger","Iron Wave"],"picked":"Clothesline","floor":3.0},{"not_picked":["Fire Breathing","Hemokinesis"],"picked":"Disarm","floor":5.0},{"not_picked":["Thunderclap","Armaments"],"picked":"Juggernaut","floor":7.0},{"not_picked":["Clothesline","Dropkick","Sever Soul"],"picked":"SKIP","floor":8.0},{"not_picked":["Body Slam","Disarm"],"picked":"Evolve","floor":11.0},{"not_picked":["Pummel","Hemokinesis","Infernal Blade"],"picked":"Singing Bowl","floor":12.0},{"not_picked":["Seeing Red","Body Slam","Anger"],"picked":"Singing Bowl","floor":13.0},{"not_picked":["Dual Wield","Rupture"],"picked":"Ghostly Armor","floor":14.0},{"not_picked":["Juggernaut","Fiend Fire","Double Tap"],"picked":"Singing Bowl","floor":16.0},{"not_picked":["Seeing Red","Armaments","Body Slam"],"picked":"Singing Bowl","floor":18.0},{"not_picked":["Flame Barrier","Ghostly Armor"],"picked":"Shrug It Off","floor":20.0},{"not_picked":["Iron Wave+1","Headbutt"],"picked":"Second Wind","floor":27.0},{"not_picked":["Wild Strike","Sword Boomerang","Uppercut"],"picked":"Singing Bowl","floor":28.0},{"not_picked":["Headbutt+1","Clash"],"picked":"Feed","floor":29.0},{"not_picked":["True Grit","Warcry","Flex"],"picked":"Singing Bowl","floor":30.0},{"not_picked":["Barricade","Brutality"],"picked":"Feed","floor":33.0},{"not_picked":["Clash","Heavy Blade","Rampage+1"],"picked":"Singing Bowl","floor":35.0},{"not_picked":["Clash","Cleave"],"picked":"Metallicize+1","floor":37.0},{"not_picked":["Warcry","Sword Boomerang","True Grit"],"picked":"Singing Bowl","floor":39.0},{"not_picked":["Cleave","Burning Pact"],"picked":"Shrug It Off","floor":41.0},{"not_picked":["Clash","Sever Soul+1","Thunderclap"],"picked":"Singing Bowl","floor":42.0},{"not_picked":["Armaments","Perfected Strike","Heavy Blade"],"picked":"Singing Bowl","floor":44.0},{"not_picked":["Burning Pact","Cleave","Clothesline"],"picked":"Singing Bowl","floor":47.0},{"not_picked":["Wild Strike","True Grit","Warcry"],"picked":"Singing Bowl","floor":48.0},{"not_picked":["Pommel Strike","Carnage"],"picked":"Impervious","floor":55.0}],"player_experience":2116469,"relics_obtained":[{"floor":8.0,"key":"Darkstone Periapt"},{"floor":9.0,"key":"Old Coin"},{"floor":11.0,"key":"Torii"},{"floor":26.0,"key":"Strawberry"},{"floor":29.0,"key":"Bird Faced Urn"},{"floor":41.0,"key":"Kunai"},{"floor":47.0,"key":"CaptainsWheel"},{"floor":55.0,"key":"Du-Vu Doll"}],"event_choices":[{"damage_healed":0.0,"max_hp_gain":0.0,"max_hp_loss":0.0,"gold_gain":0.0,"event_name":"Match and Keep!","player_choice":"0 cards matched","floor":4.0,"gold_loss":0.0,"damage_taken":0.0,"cards_obtained":[]},{"damage_healed":0.0,"max_hp_gain":0.0,"max_hp_loss":0.0,"gold_gain":0.0,"event_name":"Upgrade Shrine","player_choice":"Upgraded","floor":19.0,"gold_loss":0.0,"damage_taken":0.0,"cards_upgraded":["True Grit"]},{"damage_healed":0.0,"max_hp_gain":0.0,"max_hp_loss":0.0,"gold_gain":0.0,"event_name":"The Library","player_choice":"Read","floor":21.0,"gold_loss":0.0,"damage_taken":0.0,"cards_obtained":["Burning Pact"]},{"damage_healed":0.0,"max_hp_gain":0.0,"max_hp_loss":0.0,"gold_gain":0.0,"event_name":"Duplicator","player_choice":"Copied","floor":24.0,"gold_loss":0.0,"damage_taken":0.0,"cards_obtained":["Impervious"]},{"cards_removed":["Offering"],"damage_healed":0.0,"max_hp_gain":0.0,"max_hp_loss":0.0,"gold_gain":0.0,"event_name":"Falling","player_choice":"Removed Skill","floor":36.0,"gold_loss":0.0,"damage_taken":0.0},{"cards_removed":["Hemokinesis"],"damage_healed":0.0,"max_hp_gain":0.0,"max_hp_loss":0.0,"gold_gain":0.0,"event_name":"Purifier","player_choice":"Purged","floor":38.0,"gold_loss":0.0,"damage_taken":0.0}],"is_beta":false,"boss_relics":[{"not_picked":["Sozu","Empty Cage"],"picked":"Pandora\u0027s Box"},{"not_picked":["SacredBark","Calling Bell"],"picked":"Velvet Choker"}],"items_purged_floors":[31],"is_endless":false,"potions_floor_spawned":[3,8,11,13,14,16,28,29,30,37,39,41,44,47],"killed_by":"The Heart","ascension_level":20}}