{"host":"z9811rt50ti81n54","time":1611751222,"event":{"mods":["BaseMod","Minty Spire (QoL Compilation)","Reliquary","StSLib"],"gold_per_floor":[365,384,22,197,209,209,243,259,284,284,284,298,326,326,326,426,426,440,440,125,143,143,174,174,202,229,229,139,159,179,104,104,199,199,218,272,284,301,301,301,334,334,334,334,334,388,402,457,457,457],"floor_reached":51,"language":"ENG","playtime":2093,"items_purged":["Strike_P"],"score":853,"play_id":"0669de6c-e219-4f89-88d5-9dc6b345cf09","local_time":"20210127214022","is_ascension_mode":false,"campfire_choices":[{"data":"Judgement","floor":6,"key":"SMITH"},{"data":"Eruption","floor":11,"key":"SMITH"},{"data":"ClearTheMind","floor":15,"key":"SMITH"},{"floor":24,"key":"REST"},{"floor":27,"key":"REST"},{"floor":32,"key":"REST"},{"floor":40,"key":"REST"},{"floor":45,"key":"REST"},{"floor":49,"key":"REST"}],"circlet_count":0,"master_deck":["Defend_P","Defend_P","Defend_P","Eruption+1","Vigilance","Wallop+1","Wallop","Wireheading","Conclude","Judgement+1","Tantrum","Indignation","ClearTheMind+1","Pray","Protect","MentalFortress","DevaForm","Sanctity","Brilliance","Study+1","Blasphemy","Omniscience","ThirdEye+1","Vengeance+1","ThirdEye+1","Thinking Ahead","Magnetism","Apotheosis","Wish","CrushJoints+1"],"relics":["PureWater","Orrery","PreservedInsect","Damaru","Boot","Happy Flower","Kunai","Empty Cage","reliquary:QuartzCube","Lantern","Dream Catcher","reliquary:SharkskinSheath","Philosopher\u0027s Stone","CaptainsWheel","Eternal Feather","InkBottle","Bag of Marbles","Omamori"],"acts_visited":["Exordium","TheCity","TheBeyond"],"potions_floor_usage":[18,19,30,35,38,47,47,50],"damage_taken":[{"damage":0,"enemies":"Cultist","floor":1,"turns":4},{"damage":0,"enemies":"2 Louse","floor":2,"turns":2},{"damage":0,"enemies":"Small Slimes","floor":5,"turns":2},{"damage":0,"enemies":"Lagavulin","floor":7,"turns":5},{"damage":8,"enemies":"Exordium Thugs","floor":8,"turns":2},{"damage":0,"enemies":"2 Fungi Beasts","floor":12,"turns":1},{"damage":0,"enemies":"Gremlin Nob","floor":13,"turns":3},{"damage":9,"enemies":"The Guardian","floor":16,"turns":7},{"damage":13,"enemies":"2 Thieves","floor":18,"turns":3},{"damage":0,"enemies":"3 Byrds","floor":19,"turns":2},{"damage":0,"enemies":"Centurion and Healer","floor":21,"turns":5},{"damage":20,"enemies":"Slavers","floor":23,"turns":4},{"damage":12,"enemies":"Book of Stabbing","floor":25,"turns":3},{"damage":14,"enemies":"Snecko","floor":29,"turns":6},{"damage":25,"enemies":"Snake Plant","floor":30,"turns":5},{"damage":12,"enemies":"Champ","floor":33,"turns":9},{"damage":4,"enemies":"3 Shapes","floor":35,"turns":5},{"damage":30,"enemies":"2 Orb Walkers","floor":36,"turns":5},{"damage":3,"enemies":"Orb Walker","floor":37,"turns":3},{"damage":0,"enemies":"Transient","floor":38,"turns":5},{"damage":16,"enemies":"Giant Head","floor":41,"turns":6},{"damage":10,"enemies":"Nemesis","floor":46,"turns":7},{"damage":13,"enemies":"Writhing Mass","floor":47,"turns":6},{"damage":39,"enemies":"Donu and Deca","floor":50,"turns":5}],"seed_played":"-942124248704679271","potions_obtained":[{"floor":1,"key":"SkillPotion"},{"floor":7,"key":"SmokeBomb"},{"floor":13,"key":"Block Potion"},{"floor":16,"key":"SteroidPotion"},{"floor":25,"key":"BlessingOfTheForge"},{"floor":29,"key":"LiquidMemories"},{"floor":38,"key":"Energy Potion"},{"floor":41,"key":"Regen Potion"},{"floor":46,"key":"Swift Potion"}],"is_trial":false,"path_per_floor":["M","M","$","?","M","R","E","M","T","?","R","M","E","?","R","B",null,"M","M","$","M","?","E","R","E","T","R","?","M","M","?","R","B",null,"M","?","M","M","?","R","E","?","T","?","R","E","M","T","R","B",null],"character_chosen":"WATCHER","items_purchased":["Orrery","PreservedInsect","ClearTheMind","reliquary:QuartzCube"],"campfire_rested":6,"item_purchase_floors":[3,3,3,20],"current_hp_per_floor":[51,51,51,51,51,51,51,43,43,43,43,43,43,43,43,34,72,59,59,59,59,46,26,49,37,37,60,60,46,21,21,44,32,77,73,43,40,40,40,63,47,47,47,37,75,65,52,52,77,50],"gold":457,"neow_bonus":"TWO_FIFTY_GOLD","is_daily":false,"chose_seed":false,"campfire_upgraded":3,"win_rate":0.0,"timestamp":1611751222,"path_taken":["M","?","$","?","M","R","E","M","T","?","R","?","E","?","R","BOSS","M","M","$","?","?","E","R","E","T","R","?","?","M","?","R","BOSS","M","?","M","M","?","R","E","?","T","?","R","E","M","?","R","BOSS"],"items_purchased_type":["Relic","Relic","Card","Relic"],"build_version":"2020-12-22","purchased_purges":1,"victory":true,"max_hp_per_floor":[72,72,72,72,72,72,72,72,72,72,72,72,72,72,72,72,72,72,72,72,72,77,77,77,77,77,77,77,77,77,77,77,77,77,77,77,77,77,77,77,77,77,77,77,77,77,77,77,77,77],"card_choices":[{"not_picked":["Halt","PathToVictory"],"picked":"Wallop","floor":1},{"not_picked":["ThirdEye","PathToVictory"],"picked":"Wallop","floor":2},{"not_picked":["EmptyFist","WreathOfFlame"],"picked":"Wireheading","floor":3},{"not_picked":["JustLucky","Fasting2"],"picked":"Conclude","floor":3},{"not_picked":["ReachHeaven","InnerPeace"],"picked":"Judgement","floor":3},{"not_picked":["Evaluate","Halt"],"picked":"Tantrum","floor":3},{"not_picked":["DeceiveReality","CrushJoints"],"picked":"Indignation","floor":3},{"not_picked":["SashWhip","FollowUp"],"picked":"Pray","floor":5},{"not_picked":["FlurryOfBlows","CutThroughFate"],"picked":"Protect","floor":7},{"not_picked":["ClearTheMind","SignatureMove"],"picked":"MentalFortress","floor":8},{"not_picked":["Consecrate","BattleHymn"],"picked":"DevaForm","floor":12},{"not_picked":["WaveOfTheHand","Conclude"],"picked":"Sanctity","floor":13},{"not_picked":["DevaForm","Blasphemy"],"picked":"Brilliance","floor":16},{"not_picked":["FlyingSleeves+1","WreathOfFlame"],"picked":"Study+1","floor":18},{"not_picked":["FollowUp+1","Evaluate","DeceiveReality"],"picked":"SKIP","floor":21},{"not_picked":["Nirvana","FollowUp","Protect+1"],"picked":"SKIP","floor":23},{"not_picked":["ThirdEye","Sanctity"],"picked":"Blasphemy","floor":25},{"not_picked":["Protect","FlyingSleeves","Halt"],"picked":"SKIP","floor":29},{"not_picked":["FollowUp+1","Protect"],"picked":"ThirdEye+1","floor":30},{"not_picked":["Establishment","Brilliance"],"picked":"Omniscience","floor":33},{"not_picked":["Evaluate","WaveOfTheHand+1"],"picked":"ThirdEye+1","floor":35},{"not_picked":["ClearTheMind","EmptyFist"],"picked":"Vengeance+1","floor":36},{"not_picked":["Protect+1","ClearTheMind","Conclude"],"picked":"SKIP","floor":37},{"not_picked":["PathToVictory+1","Halt+1","MentalFortress+1"],"picked":"SKIP","floor":38},{"not_picked":["Ragnarok","JustLucky+1"],"picked":"ThirdEye+1","floor":41},{"not_picked":["Forethought","Swift Strike"],"picked":"Thinking Ahead","floor":44},{"not_picked":["Purity","The Bomb"],"picked":"Magnetism","floor":44},{"not_picked":["PanicButton","Forethought"],"picked":"Apotheosis","floor":44},{"not_picked":["InnerPeace","ClearTheMind+1","SignatureMove+1"],"picked":"SKIP","floor":46},{"not_picked":["Pray","WheelKick+1"],"picked":"Wish","floor":47},{"not_picked":["Conclude","BowlingBash+1"],"picked":"CrushJoints+1","floor":49}],"player_experience":421487,"relics_obtained":[{"floor":7,"key":"Damaru"},{"floor":9,"key":"Boot"},{"floor":13,"key":"Kunai"},{"floor":23,"key":"Lantern"},{"floor":25,"key":"Dream Catcher"},{"floor":26,"key":"reliquary:SharkskinSheath"},{"floor":36,"key":"CaptainsWheel"},{"floor":41,"key":"Eternal Feather"},{"floor":43,"key":"InkBottle"},{"floor":46,"key":"Bag of Marbles"},{"floor":48,"key":"Omamori"}],"event_choices":[{"damage_healed":0,"gold_gain":175,"player_choice":"AGREE","damage_taken":0,"max_hp_gain":0,"max_hp_loss":0,"event_name":"Liars Game","floor":4,"gold_loss":0,"cards_obtained":["Doubt"]},{"damage_healed":0,"gold_gain":0,"player_choice":"Gave Potion","damage_taken":0,"relics_obtained":["Happy Flower"],"max_hp_gain":0,"max_hp_loss":0,"event_name":"WeMeetAgain","floor":10,"gold_loss":0},{"cards_removed":["Doubt"],"damage_healed":0,"gold_gain":0,"player_choice":"Purged","damage_taken":0,"max_hp_gain":0,"max_hp_loss":0,"event_name":"Purifier","floor":14,"gold_loss":0},{"damage_healed":0,"gold_gain":0,"player_choice":"Shed Blood","damage_taken":18,"max_hp_gain":5,"max_hp_loss":0,"event_name":"Forgotten Altar","floor":22,"gold_loss":0},{"cards_removed":["Strike_P"],"damage_healed":0,"gold_gain":0,"player_choice":"Upgrade and Remove","damage_taken":0,"max_hp_gain":0,"max_hp_loss":0,"event_name":"Designer","floor":28,"gold_loss":90,"cards_upgraded":["Wallop"]},{"cards_removed":["Defend_P"],"damage_healed":0,"gold_gain":0,"player_choice":"Gave Gold","damage_taken":0,"max_hp_gain":0,"max_hp_loss":0,"event_name":"Beggar","floor":31,"gold_loss":75},{"damage_healed":0,"gold_gain":0,"player_choice":"Fight","damage_taken":0,"max_hp_gain":0,"max_hp_loss":0,"event_name":"Mysterious Sphere","floor":36,"gold_loss":0},{"damage_healed":0,"gold_gain":0,"player_choice":"Ignored","damage_taken":0,"max_hp_gain":0,"max_hp_loss":0,"event_name":"Tomb of Lord Red Mask","floor":39,"gold_loss":0},{"cards_removed":["ThirdEye"],"damage_healed":0,"gold_gain":0,"player_choice":"Removed Skill","damage_taken":0,"max_hp_gain":0,"max_hp_loss":0,"event_name":"Falling","floor":42,"gold_loss":0},{"damage_healed":0,"gold_gain":0,"player_choice":"Memory 3","damage_taken":10,"max_hp_gain":0,"max_hp_loss":0,"event_name":"SensoryStone","floor":44,"gold_loss":0}],"is_beta":false,"boss_relics":[{"not_picked":["VioletLotus","reliquary:KinkedSpring"],"picked":"Empty Cage"},{"not_picked":["Coffee Dripper","reliquary:Ember"],"picked":"Philosopher\u0027s Stone"}],"items_purged_floors":[20],"is_endless":false,"potions_floor_spawned":[1,7,13,16,19,25,29,38,41,46],"ascension_level":0}}