{"host":"74uvi6kym3vf3uk6","time":1611707947,"event":{"mods":["AchievementEnabler","BaseMod","Better Altar","Better Match","Better Note","Better Sensory Stone","Better Skull","Better Third Choice","CatGirl Mod","Colored Map","Colored Powertips","Custom Start","Dark Map","Highlight Path","Minty Spire (QoL Compilation)","Permanent Neow","Rare Cards Sparkle","Shop Mod","StSLib","The Elementalist","The Exalted","The Runesmith","The Servant 0.9.4"],"gold_per_floor":[115,132,150,168,39,39,39,39,62,74,86,98,122,148,160,277,289,318,330,292,318,346,358,405,417,454,466,478,490,514,526,538,654,716,738,800,812,844,872,884,907,919,931,943,968,980,980],"floor_reached":46,"language":"ENG","playtime":4870,"items_purged":[],"score":505,"play_id":"d29dc564-8b50-4635-b6bd-af17438fae2b","local_time":"20210126183907","is_ascension_mode":false,"campfire_choices":[{"floor":6,"key":"REST"},{"floor":11,"key":"REST"},{"floor":15,"key":"REST"},{"floor":23,"key":"REST"},{"floor":28,"key":"REST"},{"floor":32,"key":"REST"},{"floor":40,"key":"REST"},{"floor":42,"key":"REST"},{"floor":44,"key":"REST"}],"circlet_count":0,"master_deck":["theCatGirl:Strike","theCatGirl:Strike","theCatGirl:Defend","theCatGirl:Defend","theCatGirl:Defend","theCatGirl:Defend","theCatGirl:ClawStrike","theCatGirl:Evasion","theCatGirl:AdventurersInsight","theCatGirl:Claws","theCatGirl:ElegantStrike","theCatGirl:Enrage","Apotheosis+1","theCatGirl:DefensiveStance","theCatGirl:RunningWithDaggers","theCatGirl:AngryForm+1","theCatGirl:Growl+1","theCatGirl:BodyBlow+1","theCatGirl:TrainWreck","theCatGirl:ClawScratch","Ghostly","Ghostly","Ghostly","Ghostly","Ghostly","theCatGirl:GoddessOfMisfortune+1","theCatGirl:FinishingMove","theCatGirl:Claws+1","theCatGirl:PerfectBlock","theCatGirl:KeepAlert","theCatGirl:LostTrinket+1","theCatGirl:LostTrinket","Madness+1","Parasite","theCatGirl:Claws+1"],"relics":["theCatGirl:TrainedRelic","MerchantsRug","elementalistmod:GreenCirclet","MawBank","Busted Crown","Ancient Tea Set","Bromod:ArcaneMomentum","Incense Burner","Tiny House","Gambling Chip","Bag of Preparation"],"acts_visited":["Exordium","TheCity","TheBeyond"],"potions_floor_usage":[3,16,18,24,33,39,39,41],"damage_taken":[{"damage":0,"enemies":"Small Slimes","floor":1,"turns":6},{"damage":6,"enemies":"2 Louse","floor":2,"turns":3},{"damage":6,"enemies":"Cultist","floor":3,"turns":3},{"damage":0,"enemies":"Exordium Wildlife","floor":4,"turns":3},{"damage":10,"enemies":"Lots of Slimes","floor":13,"turns":6},{"damage":0,"enemies":"Looter","floor":14,"turns":3},{"damage":37,"enemies":"Hexaghost","floor":16,"turns":9},{"damage":5,"enemies":"3 Byrds","floor":18,"turns":6},{"damage":16,"enemies":"Spheric Guardian","floor":21,"turns":4},{"damage":9,"enemies":"Snake Plant","floor":22,"turns":4},{"damage":59,"enemies":"Slavers","floor":24,"turns":4},{"damage":1,"enemies":"Snecko","floor":30,"turns":6},{"damage":25,"enemies":"Automaton","floor":33,"turns":9},{"damage":3,"enemies":"3 Darklings","floor":35,"turns":4},{"damage":2,"enemies":"Mind Bloom Boss Battle","floor":36,"turns":7},{"damage":4,"enemies":"3 Shapes","floor":38,"turns":6},{"damage":20,"enemies":"Writhing Mass","floor":39,"turns":5},{"damage":2,"enemies":"Spire Growth","floor":41,"turns":5},{"damage":11,"enemies":"Maw","floor":45,"turns":8},{"damage":30,"enemies":"3 Darklings","floor":46,"turns":3}],"seed_played":"1453209241843452206","potions_obtained":[{"floor":2,"key":"FearPotion"},{"floor":3,"key":"FairyPotion"},{"floor":4,"key":"Fire Potion"},{"floor":14,"key":"DuplicationPotion"},{"floor":16,"key":"Weak Potion"},{"floor":22,"key":"Strength Potion"},{"floor":30,"key":"PowerPotion"},{"floor":34,"key":"SneckoOil"},{"floor":36,"key":"SteroidPotion"},{"floor":39,"key":"Block Potion"},{"floor":45,"key":"Energy Potion"}],"is_trial":false,"path_per_floor":["M","M","M","M","$","R","?","?","T","$","R","?","M","M","R","B",null,"M","?","?","M","M","R","E","?","T","$","R","?","M","?","R","B",null,"M","?","?","M","M","R","M","R","T","R","M","M"],"character_chosen":"THE_CATGIRL","items_purchased":["MerchantsRug"],"campfire_rested":9,"item_purchase_floors":[5],"current_hp_per_floor":[49,43,37,37,37,58,58,58,58,58,70,63,53,53,70,33,70,65,65,65,49,40,61,2,2,2,2,12,12,11,11,21,10,40,37,35,27,23,3,15,13,25,25,37,26,0,0],"gold":980,"neow_bonus":"THREE_RARE_CARDS","is_daily":false,"chose_seed":false,"campfire_upgraded":0,"win_rate":0.0,"timestamp":1611707947,"path_taken":["M","M","M","M","$","R","?","?","T","$","R","?","M","M","R","BOSS","M","?","?","M","?","R","E","?","T","?","R","?","?","?","R","BOSS","M","?","?","M","M","R","?","R","T","R","M","M"],"items_purchased_type":["Relic"],"build_version":"2020-12-22","purchased_purges":0,"victory":false,"max_hp_per_floor":[70,70,70,70,70,70,70,70,70,70,70,70,70,70,70,70,70,70,70,70,70,70,70,70,35,35,35,35,35,35,35,35,35,40,40,40,40,40,40,40,40,40,40,40,40,40,40],"card_choices":[{"not_picked":["theCatGirl:PerfectBlock","theCatGirl:LearnThePattern"],"picked":"theCatGirl:AdventurersInsight","floor":0},{"not_picked":["theCatGirl:BloodBath","theCatGirl:Stalk"],"picked":"theCatGirl:Claws","floor":1},{"not_picked":["theCatGirl:DecliningDefenses","theCatGirl:LearnByMistake","theCatGirl:UnrelentingAssault"],"picked":"SKIP","floor":2},{"not_picked":["theCatGirl:AllIn","theCatGirl:PlayAround"],"picked":"theCatGirl:ElegantStrike","floor":3},{"not_picked":["theCatGirl:Parry","theCatGirl:TripLunge"],"picked":"theCatGirl:Enrage","floor":4},{"not_picked":["theCatGirl:KeepAlert","theCatGirl:EmergencyParry","theCatGirl:DecliningDefenses"],"picked":"SKIP","floor":13},{"not_picked":["theCatGirl:Misfire","theCatGirl:ExtremeSpeed"],"picked":"theCatGirl:DefensiveStance","floor":14},{"not_picked":["theCatGirl:HungerClaw","theCatGirl:LearnThePattern"],"picked":"theCatGirl:AngryForm","floor":16},{"not_picked":["theCatGirl:RunningWithDaggers"],"picked":"SKIP","floor":18},{"not_picked":[],"picked":"theCatGirl:Growl+1","floor":21},{"not_picked":[],"picked":"theCatGirl:BodyBlow+1","floor":22},{"not_picked":[],"picked":"theCatGirl:ClawScratch","floor":24},{"not_picked":[],"picked":"theCatGirl:Claws+1","floor":30},{"not_picked":[],"picked":"theCatGirl:PerfectBlock","floor":33},{"not_picked":[],"picked":"theCatGirl:KeepAlert","floor":34},{"not_picked":[],"picked":"theCatGirl:LostTrinket+1","floor":35},{"not_picked":[],"picked":"theCatGirl:LostTrinket","floor":36},{"not_picked":["theCatGirl:ScratchFlurry"],"picked":"SKIP","floor":38},{"not_picked":["theCatGirl:PlayAround"],"picked":"SKIP","floor":39},{"not_picked":["theCatGirl:ChangeOfPlans"],"picked":"SKIP","floor":41},{"not_picked":["theCatGirl:TripLunge"],"picked":"SKIP","floor":45}],"player_experience":179590,"relics_obtained":[{"floor":9,"key":"MawBank"},{"floor":24,"key":"Ancient Tea Set"},{"floor":26,"key":"Bromod:ArcaneMomentum"},{"floor":36,"key":"Gambling Chip"},{"floor":43,"key":"Bag of Preparation"}],"event_choices":[{"damage_healed":58,"gold_gain":0,"player_choice":"Embrace","damage_taken":0,"max_hp_gain":0,"max_hp_loss":70,"event_name":"betterThird:BetterShining","floor":8,"gold_loss":0},{"cards_removed":["theCatGirl:Strike"],"damage_healed":0,"gold_gain":0,"player_choice":"Card Removal","damage_taken":7,"max_hp_gain":0,"max_hp_loss":0,"event_name":"Golden Wing","floor":12,"gold_loss":0},{"damage_healed":0,"gold_gain":0,"player_choice":"Ignored","damage_taken":0,"max_hp_gain":0,"max_hp_loss":0,"event_name":"betterNote:BetterNote","floor":19,"gold_loss":0,"cards_obtained":["Runesmith:Permafrost"]},{"damage_healed":0,"gold_gain":0,"player_choice":"Bet on Murderer","damage_taken":0,"max_hp_gain":0,"max_hp_loss":0,"event_name":"The Joust","floor":20,"gold_loss":50},{"damage_healed":0,"gold_gain":0,"player_choice":"Became a Ghost","damage_taken":0,"max_hp_gain":0,"max_hp_loss":35,"event_name":"Ghosts","floor":25,"gold_loss":0,"cards_obtained":["Ghostly","Ghostly","Ghostly","Ghostly","Ghostly"]},{"damage_healed":0,"gold_gain":0,"cards_transformed":["theCatGirl:Strike"],"player_choice":"Transformed","damage_taken":0,"max_hp_gain":0,"max_hp_loss":0,"event_name":"Transmorgrifier","floor":29,"gold_loss":0,"cards_obtained":["theCatGirl:FinishingMove"]},{"damage_healed":0,"gold_gain":0,"player_choice":"Opened","damage_taken":0,"relics_obtained":["Incense Burner"],"max_hp_gain":0,"max_hp_loss":0,"event_name":"The Mausoleum","floor":31,"gold_loss":0},{"damage_healed":0,"gold_gain":0,"player_choice":"Fight","damage_taken":0,"max_hp_gain":0,"max_hp_loss":0,"event_name":"MindBloom","floor":36,"gold_loss":0},{"damage_healed":0,"gold_gain":3,"player_choice":"2","damage_taken":0,"max_hp_gain":0,"max_hp_loss":8,"event_name":"betterStone:BetterStone","floor":37,"gold_loss":0}],"is_beta":false,"boss_relics":[{"not_picked":["Snecko Eye","Calling Bell"],"picked":"Busted Crown"},{"not_picked":["Astrolabe","Bromod:ArcaneBarrier"],"picked":"Tiny House"}],"items_purged_floors":[],"is_endless":false,"potions_floor_spawned":[2,3,4,14,16,22,30,36,39,45],"killed_by":"3 Darklings","ascension_level":0}}