{"host":"gzk4gkgy3zij1c51","time":1611774647,"event":{"mods":["BaseMod","Colored Map","Downfall","Highlight Path","Marked Mod","Minty Spire (QoL Compilation)","Relic Stats","StSLib","everything is the same but u backflip on backflip"],"gold_per_floor":[112,187,207,85,85,126,126,162,186,186,221,221,236,236,236,362,362,381,27,48,48,48],"floor_reached":21,"language":"ENG","playtime":1018,"items_purged":[],"score":252,"play_id":"8d84a947-c139-49ba-91fc-5113322296b1","local_time":"20210127191047","is_ascension_mode":true,"campfire_choices":[{"floor":7.0,"key":"RECALL"},{"data":"MarkedMod:GentlePulse","floor":10.0,"key":"SMITH"},{"floor":12.0,"key":"REST"},{"floor":15.0,"key":"REST"}],"circlet_count":0,"master_deck":["Strike_P","Strike_P","Strike_P","Strike_P","Defend_P","Defend_P","Defend_P+1","Defend_P+1","Eruption","Vigilance","WindmillStrike","PathToVictory","Perseverance","Bandage Up","Injury","Halt","MarkedMod:GentlePulse+1","WheelKick","MarkedMod:GracefulMovements+1","JustLucky","FlyingSleeves","MarkedMod:NorthStar","PathToVictory","MarkedMod:FirstStrike","JustLucky+1"],"relics":["PureWater","NeowsBlessing","Golden Idol","Guardian:PocketSentry","Odd Mushroom","Toy Ornithopter","Dream Catcher","Busted Crown","Chemical X","War Paint"],"acts_visited":["Exordium","TheCity"],"potions_floor_usage":[],"damage_taken":[{"damage":0.0,"enemies":"Cultist","floor":1.0,"turns":1.0},{"damage":0.0,"enemies":"2 Louse","floor":3.0,"turns":1.0},{"damage":0.0,"enemies":"Lagavulin","floor":6.0,"turns":3.0},{"damage":0.0,"enemies":"The Mushroom Lair","floor":8.0,"turns":2.0},{"damage":39.0,"enemies":"3 Sentries","floor":11.0,"turns":8.0},{"damage":9.0,"enemies":"Jaw Worm","floor":13.0,"turns":3.0},{"damage":7.0,"enemies":"The Guardian","floor":16.0,"turns":10.0},{"damage":12.0,"enemies":"Chosen","floor":18.0,"turns":4.0},{"damage":9,"enemies":"2 Thieves","floor":20,"turns":3},{"damage":85,"enemies":"Cultist and Chosen","floor":21,"turns":6}],"seed_played":"-7435323659837044405","potions_obtained":[{"floor":1.0,"key":"AttackPotion"},{"floor":3.0,"key":"FearPotion"},{"floor":16.0,"key":"FairyPotion"}],"is_trial":false,"path_per_floor":["M","?","M","$","?","E","R","?","T","R","E","R","M","?","R","B",null,"M","$","M","M"],"character_chosen":"WATCHER","items_purchased":["Perseverance","Bandage Up","Chemical X","War Paint","MarkedMod:FirstStrike"],"campfire_rested":2,"item_purchase_floors":[4,4,19,19,19],"current_hp_per_floor":[72,65,65,65,65,69,69,69,69,69,34,55,50,50,71,64,72,64,64,55,0,0],"gold":48,"neow_bonus":"THREE_ENEMY_KILL","is_daily":false,"chose_seed":false,"campfire_upgraded":1,"win_rate":0.0,"timestamp":1611774647,"path_taken":["M","?","?","$","?","E","R","?","T","R","E","R","M","?","R","BOSS","M","$","M","M"],"items_purchased_type":["Card","Card","Relic","Relic","Card"],"build_version":"2020-12-22","purchased_purges":0,"victory":false,"max_hp_per_floor":[72,72,72,72,72,72,72,72,72,72,72,72,72,72,72,72,72,72,72,72,72,72],"relic_stats":{"Dream Catcher":2,"Busted Crown":4,"counters":[10,41],"Golden Idol":58,"Chemical X":[1],"War Paint":["Defend_P","Defend_P"],"obtain_stats":[{"Dream Catcher":11,"Busted Crown":17,"NeowsBlessing":0,"Golden Idol":5,"Guardian:PocketSentry":6,"Chemical X":19,"PureWater":0,"Odd Mushroom":8,"War Paint":19,"Toy Ornithopter":9},{"Dream Catcher":5,"Busted Crown":7,"NeowsBlessing":0,"Golden Idol":2,"Guardian:PocketSentry":3,"Chemical X":8,"PureWater":0,"Odd Mushroom":4,"War Paint":8,"Toy Ornithopter":4},{"Dream Catcher":15,"Busted Crown":28,"NeowsBlessing":0,"Golden Idol":2,"Guardian:PocketSentry":5,"Chemical X":32,"PureWater":0,"Odd Mushroom":7,"War Paint":32,"Toy Ornithopter":7}],"Toy Ornithopter":0},"card_choices":[{"not_picked":["Conclude","Vengeance"],"picked":"WindmillStrike","floor":1.0},{"not_picked":["Pray","EmptyBody"],"picked":"PathToVictory","floor":3.0},{"not_picked":["EmptyMind","Meditate"],"picked":"Halt","floor":6.0},{"not_picked":["Consecrate","Vengeance"],"picked":"MarkedMod:GentlePulse","floor":8.0},{"not_picked":["ReachHeaven","Nirvana"],"picked":"WheelKick","floor":11.0},{"not_picked":["SpiritShield","PathToVictory"],"picked":"MarkedMod:GracefulMovements","floor":12.0},{"not_picked":["FlurryOfBlows","Vengeance"],"picked":"JustLucky","floor":13.0},{"not_picked":["Evaluate","Meditate"],"picked":"FlyingSleeves","floor":15.0},{"not_picked":["MarkedMod:ChiBlock","Ragnarok"],"picked":"MarkedMod:NorthStar","floor":16.0},{"not_picked":[],"picked":"PathToVictory","floor":18.0},{"not_picked":[],"picked":"JustLucky+1","floor":20}],"player_experience":1084408,"relics_obtained":[{"floor":6.0,"key":"Guardian:PocketSentry"},{"floor":8.0,"key":"Odd Mushroom"},{"floor":9.0,"key":"Toy Ornithopter"},{"floor":11.0,"key":"Dream Catcher"}],"event_choices":[{"damage_healed":0.0,"max_hp_gain":0.0,"max_hp_loss":0.0,"gold_gain":75.0,"event_name":"FaceTrader","player_choice":"Touch","floor":2.0,"gold_loss":0.0,"damage_taken":7.0},{"damage_healed":0.0,"max_hp_gain":0.0,"max_hp_loss":0.0,"gold_gain":0.0,"event_name":"Golden Idol","player_choice":"Take Wound","floor":5.0,"gold_loss":0.0,"damage_taken":0.0,"relics_obtained":["Golden Idol"],"cards_obtained":["Injury"]},{"damage_healed":0.0,"max_hp_gain":0.0,"max_hp_loss":0.0,"gold_gain":0.0,"event_name":"Mushrooms","player_choice":"Fought Mushrooms","floor":8.0,"gold_loss":0.0,"damage_taken":0.0},{"damage_healed":0.0,"max_hp_gain":0.0,"max_hp_loss":0.0,"gold_gain":0.0,"event_name":"Living Wall","player_choice":"Grow","floor":14.0,"gold_loss":0.0,"damage_taken":0.0,"cards_upgraded":["MarkedMod:GracefulMovements"]}],"is_beta":false,"boss_relics":[{"not_picked":["Fusion Hammer","Cursed Key"],"picked":"Busted Crown"}],"items_purged_floors":[],"is_endless":false,"potions_floor_spawned":[1,3,16],"killed_by":"Cultist and Chosen","ascension_level":4}}