{"host":"takgv9cv6xf64vhq","time":1611736212,"event":{"mods":["BaseMod","Colored Powertips","Hubris","LagranYue(拉格朗・月)","Marisa（F雨　魔理沙）","Minty Spire (QoL Compilation)","Replay The Spire","StSLib","The Animator","The Cursed","The Jungle","TheHeartMod"],"gold_per_floor":[118,118,73,102,150,150,199,250,250,250,313,358,358,408,408,535,535,562,377,81,129,176,240,288,288,312,312,312,338,387,6,6,140,190,236,10,125,188,200,262,289,289,315,315,315],"floor_reached":44,"language":"ZHS","playtime":3667,"items_purged":[],"score":537,"play_id":"a13444ca-7770-40cf-a070-3c9dac545e11","local_time":"20210127163012","is_ascension_mode":false,"campfire_choices":[{"data":"SprinkleStarSeal","floor":6,"key":"SMITH"},{"data":"JA","floor":13,"key":"SMITH"},{"data":"EscapeVelocity","floor":27,"key":"SMITH"},{"data":"FairyDestructionRay","floor":27,"key":"SMITH"},{"data":"OortCloud","floor":32,"key":"SMITH"},{"data":"MilkyWay","floor":32,"key":"SMITH"},{"data":"FinalSpark","floor":42,"key":"SMITH"},{"data":"EventHorizon","floor":42,"key":"SMITH"}],"circlet_count":0,"master_deck":["Strike_MRS+1","Strike_MRS+1","Strike_MRS","Defend_MRS","Defend_MRS","Defend_MRS","Defend_MRS","MasterSpark","UpSweep","ChargingUp","SprinkleStarSeal+1","GrandCross","JA+1","WitchOfGreed","WitchOfGreed","EventHorizon+1","MilkyWay+1","DoubleSpark+1","MaximisePower","FairyDestructionRay+1","IllusionStar+1","EscapeVelocity+1","OrrerysSun+1","LuminesStrike+1","PowerUp","GrandCross+1","AsteroidBelt+1","PropBag+1","GravityBeat+1","OortCloud+1","CasketOfStar+1","Acceleration","IllusionStar+1","FinalSpark+1","WitchLeyline+1","Occultation+1","MysteriousBeam+1","EarthLightRay+1","6A","LuminesStrike+1","EscapeVelocity+1"],"relics":["MiniHakkero","NeowsBlessing","Kunai","Whetstone","ReplayTheSpireMod:DimensionalGlitch","theJungle:Creamberry","Replay:Arrowhead","Lantern","Bag of Marbles","Ice Cream","Tiny House","Membership Card","Counterbalance","Replay:Baseball","Sundial"],"acts_visited":["Exordium","Exordium","TheBeyond"],"potions_floor_usage":[7,8,11,11,12,12,14,16,16,18,21,22,23,23,24,24,24,29,29,30,33,33,33,35,38,38,39,40,40,41,44,44,44],"damage_taken":[{"damage":0.0,"enemies":"Small Slimes","floor":1.0,"turns":1.0},{"damage":0,"enemies":"Cultist","floor":4,"turns":2},{"damage":3,"enemies":"Jaw Worm","floor":5,"turns":3},{"damage":0,"enemies":"Lots of Slimes","floor":7,"turns":6},{"damage":14,"enemies":"Blue Slaver","floor":8,"turns":3},{"damage":10,"enemies":"Gremlin Nob","floor":11,"turns":4},{"damage":0,"enemies":"3 Louse","floor":12,"turns":2},{"damage":16,"enemies":"2 Fungi Beasts","floor":14,"turns":4},{"damage":15,"enemies":"The Guardian","floor":16,"turns":5},{"damage":0,"enemies":"theJungle:GiantWrat","floor":18,"turns":3},{"damage":4,"enemies":"theJungle:5_Spyders","floor":21,"turns":6},{"damage":17,"enemies":"theJungle:SlimyTreeVines","floor":22,"turns":4},{"damage":3,"enemies":"theJungle:MamaSnecko","floor":23,"turns":5},{"damage":3,"enemies":"theJungle:JungleHuntersEncounter","floor":24,"turns":3},{"damage":3,"enemies":"Snake Plant","floor":29,"turns":2},{"damage":16,"enemies":"theJungle:2_Flameangoes","floor":30,"turns":4},{"damage":1,"enemies":"theJungle:FunGuy","floor":33,"turns":9},{"damage":0,"enemies":"Orb Walker","floor":35,"turns":5},{"damage":22,"enemies":"2 Orb Walkers","floor":38,"turns":4},{"damage":0,"enemies":"3 Shapes","floor":39,"turns":1},{"damage":21,"enemies":"Reptomancer","floor":40,"turns":5},{"damage":0,"enemies":"Maw","floor":41,"turns":7},{"damage":17,"enemies":"Spire Growth","floor":44,"turns":2}],"seed_played":"1587750641110495382","potions_obtained":[{"floor":1.0,"key":"ShroomBrew"},{"floor":4,"key":"BlessingOfTheForge"},{"floor":5,"key":"SkillPotion"},{"floor":7,"key":"Reflective Coating"},{"floor":8,"key":"FearPotion"},{"floor":11,"key":"Ancient Potion"},{"floor":11,"key":"Fire Potion"},{"floor":11,"key":"Energy Potion"},{"floor":12,"key":"Fruit Juice"},{"floor":12,"key":"Weak Potion"},{"floor":14,"key":"BlessingOfTheForge"},{"floor":14,"key":"StarNLove"},{"floor":16,"key":"BlessingOfTheForge"},{"floor":18,"key":"Strength Potion"},{"floor":18,"key":"Doom Potion"},{"floor":21,"key":"PowerPotion"},{"floor":21,"key":"Weak Potion"},{"floor":22,"key":"SteroidPotion"},{"floor":22,"key":"StarNLove"},{"floor":23,"key":"BottledSpark"},{"floor":23,"key":"Strength Potion"},{"floor":24,"key":"Cursed Concoction"},{"floor":24,"key":"BlessingOfTheForge"},{"floor":29,"key":"Explosive Potion"},{"floor":30,"key":"Strength Potion"},{"floor":30,"key":"GamblersBrew"},{"floor":30,"key":"Languid Potion"},{"floor":33,"key":"AttackPotion"},{"floor":33,"key":"AttackPotion"},{"floor":33,"key":"Block Potion"},{"floor":34,"key":"Languid Potion"},{"floor":35,"key":"SteroidPotion"},{"floor":38,"key":"Explosive Potion"},{"floor":39,"key":"Ancient Potion"},{"floor":40,"key":"Ancient Potion"},{"floor":40,"key":"SkillPotion"},{"floor":40,"key":"PowerPotion"},{"floor":41,"key":"SteroidPotion"}],"is_trial":false,"path_per_floor":["M","?","$","M","M","R","M","M","T","?","E","M","R","M","R","B",null,"M","?","$","M","M","E","M","?","T","R","?","M","M","$","R","B",null,"M","$","?","?","M","E","M","R","T","M"],"character_chosen":"MARISA","items_purchased":["WitchOfGreed","Replay:Arrowhead","Ice Cream","OortCloud","Membership Card","FinalSpark"],"campfire_rested":0,"item_purchase_floors":[3,20,31,31,36,36],"current_hp_per_floor":[75,75,75,75,72,72,72,58,58,58,48,53,53,37,61,46,80,80,80,80,76,62,59,56,48,48,48,48,45,29,29,29,28,85,85,85,51,29,32,14,17,17,17,0,0],"gold":315,"neow_bonus":"THREE_ENEMY_KILL","is_daily":false,"chose_seed":false,"campfire_upgraded":8,"win_rate":0.0,"timestamp":1611736212,"path_taken":["M","?","?","M","M","R","M","M","T","?","E","?","R","M","R","BOSS","M","?","$","M","M","E","M","?","T","R","?","M","?","?","R","BOSS","M","$","?","?","M","E","M","R","T","M"],"items_purchased_type":["Card","Relic","Relic","Card","Relic","Card"],"build_version":"2020-12-22","purchased_purges":0,"victory":false,"max_hp_per_floor":[75,75,75,75,75,75,75,75,75,75,75,80,80,80,80,80,80,80,80,80,80,80,80,80,80,80,80,80,80,80,80,80,80,85,85,85,85,85,85,85,85,85,85,85,85],"card_choices":[{"not_picked":["RefractionSpark","NonDirectionalLaser"],"picked":"ChargingUp","floor":1.0},{"not_picked":["EventHorizon","6A"],"picked":"WitchOfGreed","floor":4},{"not_picked":["IllusionStar","PowerUp"],"picked":"EventHorizon","floor":5},{"not_picked":["GrandCross","WitchLeyline"],"picked":"MilkyWay","floor":7},{"not_picked":["WitchOfGreed","MilkyWay"],"picked":"DoubleSpark","floor":8},{"not_picked":["ShootingEcho","GasGiant"],"picked":"MaximisePower","floor":11},{"not_picked":["WitchLeyline","LuminesStrike"],"picked":"FairyDestructionRay","floor":12},{"not_picked":["NonDirectionalLaser","FairyDestructionRay"],"picked":"IllusionStar","floor":14},{"not_picked":["BigCrunch","SatelliteIllusion"],"picked":"EscapeVelocity","floor":16},{"not_picked":["NonDirectionalLaser","MilkyWay"],"picked":"OrrerysSun+1","floor":18},{"not_picked":["NonDirectionalLaser","MilkyWay"],"picked":"LuminesStrike+1","floor":21},{"not_picked":["DoubleSpark","UnstableBomb"],"picked":"PowerUp","floor":22},{"not_picked":["SprinkleStarSeal+1","DoubleSpark"],"picked":"GrandCross+1","floor":23},{"not_picked":["DarkMatter+1","6A+1"],"picked":"AsteroidBelt+1","floor":24},{"not_picked":["PowerUp","SuperNova+1"],"picked":"PropBag+1","floor":29},{"not_picked":["Singularity+1","MilkyWay+1"],"picked":"GravityBeat+1","floor":30},{"not_picked":["JA+1","MaximisePower+1"],"picked":"CasketOfStar+1","floor":33},{"not_picked":["DoubleSpark+1","WitchOfGreed"],"picked":"Acceleration","floor":34},{"not_picked":["PulseMagic+1","PowerUp+1"],"picked":"IllusionStar+1","floor":35},{"not_picked":["OpenUniverse+1","ShootingEcho"],"picked":"WitchLeyline+1","floor":37},{"not_picked":["StarlightTyphoon+1","PropBag+1"],"picked":"Occultation+1","floor":37},{"not_picked":["WitchLeyline+1","LuminesStrike"],"picked":"MysteriousBeam+1","floor":37},{"not_picked":["ShootTheMoon+1","MilkyWay+1"],"picked":"EarthLightRay+1","floor":38},{"not_picked":["UnstableBomb","WitchLeyline"],"picked":"6A","floor":39},{"not_picked":["EventHorizon+1","StarBarrage+1"],"picked":"LuminesStrike+1","floor":40},{"not_picked":["DC","PowerUp+1"],"picked":"EscapeVelocity+1","floor":41}],"player_experience":108528,"relics_obtained":[{"floor":9,"key":"Kunai"},{"floor":11,"key":"Whetstone"},{"floor":23,"key":"Lantern"},{"floor":26,"key":"Bag of Marbles"},{"floor":38,"key":"Counterbalance"},{"floor":40,"key":"Replay:Baseball"}],"event_choices":[{"damage_healed":0,"gold_gain":0,"player_choice":"3 cards matched","damage_taken":0,"max_hp_gain":0,"max_hp_loss":0,"event_name":"Match and Keep!","floor":2,"gold_loss":0,"cards_obtained":["SprinkleStarSeal","GrandCross","JA"]},{"cards_removed":["Strike_MRS"],"damage_healed":0,"gold_gain":0,"player_choice":"Offered Basic","damage_taken":0,"max_hp_gain":0,"max_hp_loss":0,"event_name":"Bonfire Elementals","floor":10,"gold_loss":0},{"damage_healed":0,"gold_gain":0,"player_choice":"Bought 0 Potions","damage_taken":0,"max_hp_gain":0,"max_hp_loss":0,"event_name":"The Woman in Blue","floor":28,"gold_loss":0},{"damage_healed":0,"gold_gain":0,"player_choice":"Fight","damage_taken":0,"max_hp_gain":0,"max_hp_loss":0,"event_name":"Mysterious Sphere","floor":38,"gold_loss":0}],"is_beta":false,"boss_relics":[{"not_picked":["LagranYue:SoulBurningRelic","SacredBark"],"picked":"ReplayTheSpireMod:DimensionalGlitch"},{"not_picked":["Velvet Choker","hubris:VirtuousBlindfold"],"picked":"Tiny House"}],"items_purged_floors":[],"is_endless":false,"potions_floor_spawned":[1,11,14,18,21,23,30,33,39,40,41],"killed_by":"Spire Growth","ascension_level":0}}