{"host":"xj2wyr3bqqv4irjd","time":1611759836,"event":{"mods":["100% Spire Juice","Act Like it!","Aspiration","BaseMod","Better Vampires","Gensokyo","Koishi","Lobotomy","LobotomyExtend","Marisa£®ÏF”Í°°ƒß¿Ì…≥£©","Minty Spire (QoL Compilation)","Quick Restart","Rare Cards Sparkle","Reimu£®≤©¿ˆ¡È√Œ£©","Remilia£®¿Ÿ√◊¿Ú—«£©","Replay The Spire","SIMod","StSLib","The Alterego","The Servant 0.9.4","Waifu the Spire","WarShipGirlsR/’ΩΩ¢…Ÿ≈ÆR mod","Yakumo Yukari mod","Youmu£®ªÍ∆«—˝√Œ£©"],"gold_per_floor":[136,136,156,170,170,170,170,200,200,200,200],"floor_reached":10,"language":"ZHS","playtime":478,"items_purged":[],"score":79,"play_id":"e19c9669-2ee9-41e9-8576-920e2ec9c2b6","local_time":"20210127230356","is_ascension_mode":true,"campfire_choices":[{"data":"Mirror_WaveAndshot_purple","floor":9.0,"key":"SMITH"}],"circlet_count":0,"master_deck":["AT_purpleEX","AT_purpleEX","AT_purpleEX","AT_purpleEX","Defend_purpleEX","Defend_purpleEX","Defend_purpleEX","Defend_purpleEX","Observe_purple_1","Observe_purple_2","Doubt","RuleDissolution_purple","OmniscientAndOmnipotent_Monster_purple","Mirror_FourBoundary_purple","Mirror_WaveAndshot_purple+1"],"relics":["Boundary_crack","Memoryfragments_purpleEX","Snecko Heart","LetterFromLob","Mango"],"acts_visited":["Exordium"],"potions_floor_usage":[],"damage_taken":[{"damage":10.0,"enemies":"Small Slimes","floor":1.0,"turns":5.0},{"damage":0.0,"enemies":"2 Louse","floor":3.0,"turns":3.0},{"damage":15.0,"enemies":"Jaw Worm","floor":4.0,"turns":5.0},{"damage":40.0,"enemies":"Lagavulin","floor":8.0,"turns":7.0},{"damage":0,"enemies":"Gremlin Nob","floor":10,"turns":1}],"seed_played":"-950994494983314325","potions_obtained":[{"floor":3.0,"key":"Ancient Potion"}],"is_trial":false,"path_per_floor":["M","?","M","M","?","PTL","PTL","E","R","E"],"character_chosen":"Youkari","items_purchased":[],"campfire_rested":0,"item_purchase_floors":[],"current_hp_per_floor":[62,62,65,55,63,63,63,42,42,42,42],"gold":200,"neow_bonus":"CURSED_BOSS_RELIC","is_daily":false,"chose_seed":false,"campfire_upgraded":1,"win_rate":0.0,"timestamp":1611759836,"path_taken":["M","?","M","M","?","PTL","PTL","E","R","E"],"items_purchased_type":[],"build_version":"2020-12-22","purchased_purges":0,"victory":false,"max_hp_per_floor":[70,70,70,70,70,70,70,84,84,84,84],"card_choices":[{"not_picked":["Line_surface_state_purple","Mirror_FormAndEmptin_purple"],"picked":"RuleDissolution_purple","floor":1.0},{"not_picked":["Worldmountain_purple","ExistenceContinue_purple"],"picked":"OmniscientAndOmnipotent_Monster_purple","floor":3.0},{"not_picked":["MNeedle_purple","Photoelasticity_Doppler_Effect_purple"],"picked":"Mirror_FourBoundary_purple","floor":4.0},{"not_picked":["AdvanceAttack_purple","OpenedBox_purple"],"picked":"Mirror_WaveAndshot_purple","floor":8.0}],"player_experience":590613,"relics_obtained":[{"floor":1.0,"key":"LetterFromLob"},{"floor":8.0,"key":"Mango"}],"event_choices":[{"damage_healed":0.0,"max_hp_gain":0.0,"max_hp_loss":0.0,"gold_gain":0.0,"event_name":"Liars Game","player_choice":"Ignored","floor":2.0,"gold_loss":0.0,"damage_taken":0.0}],"is_beta":false,"boss_relics":[],"items_purged_floors":[],"is_endless":false,"potions_floor_spawned":[3],"killed_by":"Gremlin Nob","ascension_level":4}}