{"host":"rwmcmr2m88k7tuzm","time":1611709680,"event":{"mods":["BaseMod","BetterRewards","Conspire","Downfall","Hubris","Infinite Spire","Minty Spire (QoL Compilation)","Quick Restart","Replay The Spire","Shop Mod","StSLib","SuperFastMode"],"gold_per_floor":[115,190,206,219,236,236,252,327,327,340,340,51,51,69,69,197,197,217,217,242,242,257,300,16,16,16,55,55,180,180,180],"floor_reached":30,"language":"ENG","playtime":1091,"items_purged":[],"score":360,"play_id":"01894ce4-22c9-48e6-8afe-e2d6b3f72bf1","local_time":"20210127010800","is_ascension_mode":false,"campfire_choices":[{"floor":6,"key":"REST"},{"data":"infinitespire:OneForAll","floor":13,"key":"SMITH"},{"data":"Metallicize","floor":15,"key":"SMITH"},{"floor":25,"key":"REST"},{"floor":28,"key":"REST"}],"circlet_count":0,"master_deck":["Strike_R","Strike_R","Strike_R","Strike_R","Strike_R","Defend_R","Bash","Rage","Thunderclap","Iron Wave","infinitespire:OneForAll+1","Trip","hubris:ReadiedAction","Metallicize+1","Double Tap","Battle Trance+1","ReplayTheSpireMod:Strike From Hell+1","Rupture+1","Flex","Pommel Strike","Sword Boomerang","Pummel","Seeing Red"],"relics":["Burning Blood","ClockworkSouvenir","Another Sword","hubris:PeanutButter","Golden Idol","Juzu Bracelet","MerchantsRug","hubris:FunFungus","Vajra","Eternal Feather","Incense Burner","hubris:CrystalStatue"],"acts_visited":["Exordium","TheCity"],"potions_floor_usage":[16,23,23,23,30],"damage_taken":[{"damage":0,"enemies":"conspire:RoseBush","floor":1,"turns":3},{"damage":1,"enemies":"Cultist","floor":3,"turns":3},{"damage":0,"enemies":"Small Slimes","floor":4,"turns":4},{"damage":12,"enemies":"Exordium Wildlife","floor":5,"turns":4},{"damage":8,"enemies":"3 Louse","floor":7,"turns":4},{"damage":0,"enemies":"2 Fungi Beasts","floor":10,"turns":3},{"damage":0,"enemies":"conspire:2 RoseBushes","floor":14,"turns":3},{"damage":44,"enemies":"Fading Forest","floor":16,"turns":11},{"damage":7,"enemies":"conspire:FuzzyDice","floor":18,"turns":7},{"damage":21,"enemies":"Shell Parasite","floor":20,"turns":5},{"damage":7,"enemies":"Cultist and Chosen","floor":22,"turns":5},{"damage":55,"enemies":"Nightmare","floor":23,"turns":9},{"damage":16,"enemies":"conspire:Head Lice","floor":27,"turns":4},{"damage":21,"enemies":"Colosseum Slavers","floor":29,"turns":4},{"damage":18,"enemies":"Colosseum Nobs","floor":29,"turns":4},{"damage":38,"enemies":"Gremlin Leader","floor":30,"turns":2}],"seed_played":"5576600805320767491","potions_obtained":[{"floor":4,"key":"DistilledChaos"},{"floor":10,"key":"Toxic Potion"},{"floor":14,"key":"Flashbang"},{"floor":18,"key":"Fire Potion"},{"floor":23,"key":"Explosive Potion"},{"floor":29,"key":"FearPotion"}],"is_trial":false,"path_per_floor":["M","?","M","M","M","R","M","?","T","M","?","$","R","M","R","B",null,"M","?","M","?","M","NM","$","R","T","E","R","?","E"],"character_chosen":"IRONCLAD","items_purchased":["ClockworkSouvenir","Another Sword","Replay:Wax Seal","hubris:TenFootPole","Sling","Trip","Ancient Tea Set","hubris:ReadiedAction","MerchantsRug","hubris:FunFungus"],"campfire_rested":3,"item_purchase_floors":[0,0,0,0,0,12,12,12,24,24],"current_hp_per_floor":[50,46,51,57,51,75,73,68,68,74,64,64,64,70,70,42,80,79,79,64,64,63,14,14,38,38,28,64,37,0,0],"gold":180,"neow_bonus":"","is_daily":false,"chose_seed":false,"campfire_upgraded":2,"win_rate":0.0,"timestamp":1611709680,"path_taken":["M","?","?","M","M","R","M","?","T","M","?","$","R","M","R","BOSS","M","?","M","?","?","NM","$","R","T","E","R","?","E"],"items_purchased_type":["Relic","Relic","Relic","Relic","Relic","Card","Relic","Card","Relic","Relic"],"build_version":"2020-12-22","purchased_purges":0,"victory":false,"max_hp_per_floor":[80,80,80,80,80,80,80,80,80,80,80,80,80,80,80,80,80,80,80,80,80,80,80,80,80,80,80,80,80,80,80],"card_choices":[{"not_picked":["Havoc","Sentinel","Armaments"],"picked":"SKIP","floor":1},{"not_picked":["Infernal Blade","Replay:Undeath\u0027s Touch"],"picked":"Rage","floor":3},{"not_picked":["Run Through","Reckless Charge"],"picked":"Thunderclap","floor":4},{"not_picked":["Clothesline","Perfected Strike","Run Through"],"picked":"SKIP","floor":5},{"not_picked":["Fiend Fire","Havoc"],"picked":"Iron Wave","floor":7},{"not_picked":["Headbutt","True Grit"],"picked":"infinitespire:OneForAll","floor":10},{"not_picked":["Replay:Undeath\u0027s Touch","ReplayTheSpireMod:Strike From Hell"],"picked":"Metallicize","floor":14},{"not_picked":["Demon Form","Fiend Fire"],"picked":"Double Tap","floor":16},{"not_picked":["Wild Strike+1","Headbutt","Life Link"],"picked":"SKIP","floor":18},{"not_picked":["Clash","Sword Boomerang"],"picked":"Flex","floor":20},{"not_picked":["Twin Strike","Rupture"],"picked":"Pommel Strike","floor":22},{"not_picked":["Wild Strike","Run Through"],"picked":"Sword Boomerang","floor":23},{"not_picked":["Fiend Fire","Twin Strike"],"picked":"Pummel","floor":27},{"not_picked":["Armaments","Headbutt"],"picked":"Seeing Red","floor":29}],"player_experience":164432,"relics_obtained":[{"floor":9,"key":"hubris:PeanutButter"},{"floor":23,"key":"Juzu Bracelet"},{"floor":26,"key":"Vajra"},{"floor":27,"key":"Eternal Feather"},{"floor":29,"key":"Incense Burner"},{"floor":29,"key":"hubris:CrystalStatue"}],"event_choices":[{"damage_healed":0,"gold_gain":75,"player_choice":"Touch","damage_taken":8,"max_hp_gain":0,"max_hp_loss":0,"event_name":"FaceTrader","floor":2,"gold_loss":0},{"damage_healed":0,"gold_gain":75,"player_choice":"Gather Gold","damage_taken":11,"max_hp_gain":0,"max_hp_loss":0,"event_name":"World of Goop","floor":8,"gold_loss":0},{"damage_healed":0,"gold_gain":0,"player_choice":"Take Damage","damage_taken":20,"relics_obtained":["Golden Idol"],"max_hp_gain":0,"max_hp_loss":0,"event_name":"Golden Idol","floor":11,"gold_loss":0},{"damage_healed":0,"gold_gain":0,"player_choice":"Ignored","damage_taken":0,"max_hp_gain":0,"max_hp_loss":0,"event_name":"Ghosts","floor":19,"gold_loss":0},{"damage_healed":0,"gold_gain":0,"player_choice":"Fight","damage_taken":0,"max_hp_gain":0,"max_hp_loss":0,"event_name":"Colosseum","floor":29,"gold_loss":0},{"damage_healed":0,"gold_gain":0,"player_choice":"Fought Nobs","damage_taken":0,"max_hp_gain":0,"max_hp_loss":0,"event_name":"Colosseum","floor":29,"gold_loss":0}],"is_beta":false,"boss_relics":[{"not_picked":["Cursed Key","Mark of Pain"],"picked":"Astrolabe"}],"items_purged_floors":[],"is_endless":true,"potions_floor_spawned":[4,10,14,18,23,29,29],"killed_by":"Gremlin Leader","ascension_level":0}}