{"host":"3vhe2wr81aw5r9bm","time":1611739211,"event":{"mods":["AchievementEnabler","BaseMod","Colored Powertips","Hermit","Lobotomy","LobotomyExtend","Minty Spire (QoL Compilation)","Replay The Spire","StSLib"],"gold_per_floor":[116,129,142,142,160,160,192,192,239,257,257,332,332,360,360,462,462,462,324,324,129,129,129,89,89,89,89,89,89,89,89,89,89,89],"floor_reached":33,"language":"ENG","playtime":2467,"items_purged":[],"score":391,"play_id":"a0a4a491-a8ce-4795-ab9b-c53faa90efd4","local_time":"20210127042011","is_ascension_mode":true,"campfire_choices":[{"floor":6,"key":"REST"},{"floor":13,"key":"RECALL"},{"floor":15,"key":"REST"},{"data":"Enlightenment","floor":23,"key":"SMITH"},{"data":"JustLucky","floor":28,"key":"SMITH"},{"data":"Weave","floor":32,"key":"SMITH"}],"circlet_count":0,"master_deck":["Apo_Pray","Apo_SoulSlash","Apo_Charge","Apo_Charge","Apo_Charge","Apo_Charge","Apo_Beam","Apo_Beam","Apo_Beam","Apo_Execute","Apo_Slash","Apo_Slash","Apo_SoulSlash","Enlightenment+1","Protect+1","ReplayUltimateDefense+1","BodiesMountain","ThirdEye+1","CENSORED","JustLucky+1","LaLuna","Replay:Anticipation","MHz","Weave+1","SingingMachine","Prostrate"],"relics":["PureWater","CogitoBucket","LetterFromLob","Anchor","LuminousBracelet","Replay:Bottled Snecko","Ectoplasm","ApostleMask","HonorFeather","Lantern","Sundial","FleshIdol"],"acts_visited":["Exordium","TheCity"],"potions_floor_usage":[4,7,18,33],"damage_taken":[{"damage":2,"enemies":"2 Louse","floor":1,"turns":4},{"damage":1,"enemies":"Cultist","floor":2,"turns":3},{"damage":15,"enemies":"Jaw Worm","floor":3,"turns":6},{"damage":0,"enemies":"Looter","floor":4,"turns":1},{"damage":20,"enemies":"Large Slime","floor":5,"turns":4},{"damage":8,"enemies":"Lagavulin","floor":7,"turns":7},{"damage":5,"enemies":"Blue Slaver","floor":10,"turns":5},{"damage":11,"enemies":"3 Sentries","floor":14,"turns":5},{"damage":64,"enemies":"Slime Boss","floor":16,"turns":8},{"damage":45,"enemies":"3 Byrds","floor":20,"turns":2},{"damage":0,"enemies":"Slavers","floor":25,"turns":2},{"damage":16,"enemies":"3 Byrds","floor":27,"turns":4},{"damage":2,"enemies":"Chosen","floor":29,"turns":2},{"damage":0,"enemies":"Snake Plant","floor":30,"turns":1},{"damage":0,"enemies":"Snecko","floor":31,"turns":1},{"damage":16,"enemies":"Champ","floor":33,"turns":3}],"seed_played":"-6867276279990309039","potions_obtained":[{"floor":3,"key":"SmokeBomb"},{"floor":5,"key":"CultistPotion"},{"floor":10,"key":"BottledMiracle"},{"floor":14,"key":"Swift Potion"},{"floor":27,"key":"Explosive Potion"},{"floor":29,"key":"Fire Potion"}],"is_trial":false,"path_per_floor":["M","M","M","M","M","R","E","?","T","M","?","?","R","E","R","B",null,"M","$","?","$","?","R","?","E","T","M","R","M","M","M","R","B"],"character_chosen":"WATCHER","items_purchased":["Enlightenment","Protect","ReplayUltimateDefense"],"campfire_rested":2,"item_purchase_floors":[19,19,21],"current_hp_per_floor":[70,69,54,54,34,55,53,53,53,63,67,56,56,52,78,30,87,87,87,42,42,42,42,42,42,42,26,26,24,24,24,24,8,8],"gold":89,"neow_bonus":"","is_daily":false,"chose_seed":false,"campfire_upgraded":3,"win_rate":0.0,"timestamp":1611739211,"path_taken":["M","M","M","M","M","R","E","?","T","?","?","?","R","E","R","BOSS","M","$","?","$","?","R","?","E","T","M","R","M","M","M","R","BOSS"],"items_purchased_type":["Card","Card","Card"],"build_version":"2020-12-22","purchased_purges":0,"victory":false,"max_hp_per_floor":[72,72,72,72,72,72,72,72,72,87,87,87,87,87,87,87,87,87,87,87,87,87,87,87,87,87,87,87,87,87,87,87,87,87],"card_choices":[{"not_picked":["UniverseFragment","HappyTeddy"],"picked":"Wellcheers","floor":1},{"not_picked":["Crescendo","CutThroughFate"],"picked":"FollowUp","floor":1},{"not_picked":["ShyLook","Porccubus"],"picked":"MHz","floor":2},{"not_picked":["Prostrate","EmptyBody"],"picked":"Study","floor":2},{"not_picked":["WallGazer","Murderer"],"picked":"FieryBird","floor":3},{"not_picked":["Replay:ManipulateFuture","Meditate"],"picked":"Vengeance","floor":3},{"not_picked":["Funeral","BodiesMountain"],"picked":"VoidDream","floor":5},{"not_picked":["CrushJoints","Halt"],"picked":"Conclude","floor":5},{"not_picked":["OldLady","Variant"],"picked":"CherryBlossoms","floor":7},{"not_picked":["EmptyFist","CrushJoints"],"picked":"Adaptation","floor":7},{"not_picked":["Bloodbath","GalaxyChild"],"picked":"PlagueDoctor","floor":10},{"not_picked":["CrushJoints","FollowUp"],"picked":"Halt","floor":10},{"not_picked":["BeautyBeast","RedShoes"],"picked":"MeatLantern","floor":14},{"not_picked":["Fasting2","Blasphemy"],"picked":"WindmillStrike","floor":14},{"not_picked":["FairyFestival","BlackArmy"],"picked":"LaLuna","floor":16},{"not_picked":["MasterReality","ConjureBlade"],"picked":"LessonLearned","floor":16},{"not_picked":["BeautyBeast","CherryBlossoms"],"picked":"BodiesMountain","floor":25},{"not_picked":["Evaluate","Prostrate+1"],"picked":"ThirdEye+1","floor":25},{"not_picked":["LittleHelper","SnowQueen"],"picked":"CENSORED","floor":27},{"not_picked":["ThirdEye","ClearTheMind"],"picked":"JustLucky","floor":27},{"not_picked":["Scarecrow","Variant"],"picked":"LaLuna","floor":29},{"not_picked":["Crescendo","FlyingSleeves"],"picked":"Replay:Anticipation","floor":29},{"not_picked":["Bloodbath","RedShoes"],"picked":"MHz","floor":30},{"not_picked":["CrushJoints","Halt"],"picked":"Weave","floor":30},{"not_picked":["FairyFestival","Laetitia"],"picked":"SingingMachine","floor":31},{"not_picked":["CutThroughFate","PathToVictory"],"picked":"Prostrate","floor":31}],"player_experience":338001,"relics_obtained":[{"floor":1,"key":"LetterFromLob"},{"floor":7,"key":"Anchor"},{"floor":14,"key":"Replay:Bottled Snecko"},{"floor":25,"key":"Lantern"},{"floor":26,"key":"Sundial"}],"event_choices":[{"damage_healed":0,"gold_gain":0,"player_choice":"3 cards matched","damage_taken":0,"max_hp_gain":0,"max_hp_loss":0,"event_name":"Match and Keep!","floor":8,"gold_loss":0,"cards_obtained":["Sanctity","Replay:Parry","BowlingBash"]},{"damage_healed":0,"gold_gain":75,"player_choice":"Gather Gold","damage_taken":11,"max_hp_gain":0,"max_hp_loss":0,"event_name":"World of Goop","floor":12,"gold_loss":0},{"damage_healed":0,"gold_gain":0,"player_choice":"Ignored","damage_taken":0,"max_hp_gain":0,"max_hp_loss":0,"event_name":"Vampires","floor":22,"gold_loss":0},{"damage_healed":0,"gold_gain":0,"player_choice":"Upgraded Two","damage_taken":0,"max_hp_gain":0,"max_hp_loss":0,"event_name":"Designer","floor":24,"gold_loss":40,"cards_upgraded":["Protect","ReplayUltimateDefense"]}],"is_beta":false,"boss_relics":[{"not_picked":["Runic Pyramid","Kintsugi"],"picked":"Ectoplasm"}],"items_purged_floors":[],"is_endless":false,"potions_floor_spawned":[3,5,10,14,27,29],"killed_by":"Champ","ascension_level":1}}