{"host":"ymmeoa1x24ihslbm","time":1611709088,"event":{"mods":["AchievementEnabler","BaseMod","Colored Map","Colored Powertips","Defuse TimeMaze Blight","Minty Spire (QoL Compilation)","Permanent Neow","Quick Restart","Rare Cards Sparkle","StSLib","Unceasing Turn Reminder"],"gold_per_floor":[115,127,137,137,151,151,178,208,282,310,310,343,343,44,44,143,193,206,121,152,152,165,165,179,212,235,247,265,290,290,58,58,58,58],"floor_reached":33,"language":"ENG","playtime":2018,"items_purged":["Defend_P"],"score":410,"play_id":"ca585072-3010-4165-8c89-49f5904030fa","local_time":"20210127015808","is_ascension_mode":true,"campfire_choices":[{"data":"Eruption","floor":6,"key":"SMITH"},{"data":"ConjureBlade","floor":11,"key":"SMITH"},{"data":"Vigilance","floor":13,"key":"SMITH"},{"data":"Worship","floor":15,"key":"SMITH"},{"data":"Pray","floor":23,"key":"SMITH"},{"data":"ThirdEye","floor":30,"key":"SMITH"},{"data":"Collect","floor":32,"key":"SMITH"}],"circlet_count":0,"master_deck":["Strike_P","Strike_P+1","Strike_P+1","Strike_P","Defend_P","Defend_P","Eruption+1","Vigilance+1","ConjureBlade+1","Vengeance","Pray+1","Worship+1","ThirdEye+1","Evaluate+1","Devotion","FollowUp","EmptyFist+1","ThirdEye+1","Collect+1","Protect+1"],"relics":["PureWater","CloakClasp","TeardropLocket","Happy Flower","Shuriken","Damaru","HandDrill","Tiny House","Ancient Tea Set","Red Mask","Darkstone Periapt","Whetstone","Bird Faced Urn","ClockworkSouvenir"],"acts_visited":["Exordium","TheCity"],"potions_floor_usage":[10,10,24,25,28,29,33],"damage_taken":[{"damage":3.0,"enemies":"2 Louse","floor":1.0,"turns":3.0},{"damage":0.0,"enemies":"Cultist","floor":2.0,"turns":3.0},{"damage":5,"enemies":"Small Slimes","floor":3,"turns":3},{"damage":12,"enemies":"3 Louse","floor":5,"turns":3},{"damage":24,"enemies":"Lagavulin","floor":7,"turns":6},{"damage":0,"enemies":"Gremlin Nob","floor":10,"turns":2},{"damage":8,"enemies":"3 Sentries","floor":12,"turns":8},{"damage":8,"enemies":"Hexaghost","floor":16,"turns":4},{"damage":8,"enemies":"Shell Parasite","floor":18,"turns":5},{"damage":49,"enemies":"Masked Bandits","floor":20,"turns":5},{"damage":0,"enemies":"Chosen","floor":22,"turns":3},{"damage":0,"enemies":"Snecko","floor":24,"turns":3},{"damage":11,"enemies":"Slavers","floor":25,"turns":5},{"damage":0,"enemies":"Cultist and Chosen","floor":27,"turns":4},{"damage":0,"enemies":"Chosen and Byrds","floor":28,"turns":5},{"damage":7,"enemies":"Book of Stabbing","floor":29,"turns":5},{"damage":18,"enemies":"Champ","floor":33,"turns":6}],"seed_played":"7316932390639159075","potions_obtained":[{"floor":5,"key":"Swift Potion"},{"floor":7,"key":"DistilledChaos"},{"floor":17,"key":"Strength Potion"},{"floor":18,"key":"EssenceOfSteel"},{"floor":22,"key":"Ambrosia"},{"floor":24,"key":"AttackPotion"},{"floor":25,"key":"Energy Potion"},{"floor":29,"key":"Swift Potion"}],"is_trial":false,"path_per_floor":["M","M","M","?","M","R","E","?","T","E","R","E","R","$","R","B",null,"M","?","?","?","M","R","M","E","T","M","M","E","R","$","R","B"],"character_chosen":"WATCHER","items_purchased":["Damaru","HandDrill","ClockworkSouvenir"],"campfire_rested":0,"item_purchase_floors":[14,14,31],"current_hp_per_floor":[69,69,64,64,52,52,28,28,28,28,28,20,20,20,20,12,62,54,54,5,30,30,30,30,19,19,19,19,12,12,12,12,0,0],"gold":58,"neow_bonus":"ONE_RANDOM_RARE_CARD","is_daily":false,"chose_seed":false,"campfire_upgraded":7,"win_rate":0.0,"timestamp":1611709088,"path_taken":["M","M","M","?","?","R","E","?","T","E","R","E","R","$","R","BOSS","M","?","?","?","M","R","M","E","T","M","M","E","R","$","R","BOSS"],"items_purchased_type":["Relic","Relic","Relic"],"build_version":"2020-12-22","purchased_purges":1,"victory":false,"max_hp_per_floor":[72,72,72,72,72,72,72,72,72,72,72,72,72,72,72,72,77,77,77,77,77,77,77,77,77,77,77,77,77,77,77,77,77,77],"card_choices":[{"not_picked":["ThirdEye","Evaluate","EmptyMind"],"picked":"SKIP","floor":1.0},{"not_picked":["Prostrate","BowlingBash"],"picked":"Vengeance","floor":2.0},{"not_picked":["DeceiveReality","Halt","Prostrate"],"picked":"SKIP","floor":3},{"not_picked":["ThirdEye","JustLucky"],"picked":"Pray","floor":5},{"not_picked":["Swivel","Nirvana"],"picked":"Worship","floor":7},{"not_picked":["FlyingSleeves","PathToVictory"],"picked":"ThirdEye","floor":10},{"not_picked":["ConjureBlade","BowlingBash"],"picked":"Evaluate","floor":12},{"not_picked":["Ragnarok","Omniscience"],"picked":"Devotion","floor":16},{"not_picked":["ReachHeaven+1","Consecrate"],"picked":"FollowUp","floor":18},{"not_picked":["Fasting2","CutThroughFate"],"picked":"EmptyFist+1","floor":20},{"not_picked":["Swivel","Crescendo+1","ThirdEye"],"picked":"SKIP","floor":22},{"not_picked":["Consecrate","SashWhip+1"],"picked":"ThirdEye+1","floor":24},{"not_picked":["Study","ThirdEye","PathToVictory"],"picked":"SKIP","floor":25},{"not_picked":["Evaluate","ThirdEye","Prostrate"],"picked":"SKIP","floor":27},{"not_picked":["EmptyFist","ReachHeaven+1"],"picked":"Collect","floor":28},{"not_picked":["FollowUp+1","EmptyBody"],"picked":"Protect+1","floor":29}],"player_experience":710071,"relics_obtained":[{"floor":7,"key":"CloakClasp"},{"floor":9,"key":"TeardropLocket"},{"floor":10,"key":"Happy Flower"},{"floor":12,"key":"Shuriken"},{"floor":20,"key":"Red Mask"},{"floor":25,"key":"Darkstone Periapt"},{"floor":26,"key":"Whetstone"},{"floor":29,"key":"Bird Faced Urn"}],"event_choices":[{"cards_removed":["Defend_P"],"damage_healed":0,"gold_gain":0,"player_choice":"Purged","damage_taken":0,"max_hp_gain":0,"max_hp_loss":0,"event_name":"Purifier","floor":4,"gold_loss":0},{"damage_healed":0,"gold_gain":30,"player_choice":"Searched \u00271\u0027 times","damage_taken":0,"max_hp_gain":0,"max_hp_loss":0,"event_name":"Dead Adventurer","floor":8,"gold_loss":0},{"damage_healed":0,"gold_gain":0,"player_choice":"Obtained Relic","damage_taken":0,"relics_obtained":["Ancient Tea Set"],"max_hp_gain":0,"max_hp_loss":0,"event_name":"Addict","floor":19,"gold_loss":85},{"damage_healed":0,"gold_gain":0,"player_choice":"Fought Bandits","damage_taken":0,"max_hp_gain":0,"max_hp_loss":0,"event_name":"Masked Bandits","floor":20,"gold_loss":0},{"damage_healed":25,"gold_gain":0,"player_choice":"Heal","damage_taken":0,"max_hp_gain":0,"max_hp_loss":0,"event_name":"The Library","floor":21,"gold_loss":0}],"is_beta":false,"boss_relics":[{"not_picked":["Philosopher\u0027s Stone","Pandora\u0027s Box"],"picked":"Tiny House"}],"items_purged_floors":[31],"is_endless":false,"potions_floor_spawned":[5,7,18,22,24,25,29],"killed_by":"Champ","ascension_level":5}}