{"host":"kg61lsvem4dxoat8","time":1611754077,"event":{"mods":["AchievementEnabler","BaseMod","Better Altar","Better Match","Better Sensory Stone","Highlight Path","Minty Spire (QoL Compilation)","Quick Restart","Relic Sorter","Relic Stats","StSLib","Synergy Search","slay the spire mod where everything is the same but ironclad has a cowboy hat"],"gold_per_floor":[110,110,13,29,29,61,61,92,144,144,44,44,75,85,85,182,182,192,36,36,36,52,82,82,115,141,141,158,158,175,175,175],"floor_reached":31,"language":"ENG","playtime":910,"items_purged":["Pain","Strike_R"],"score":405,"play_id":"42045dc2-86b8-4a62-9d53-8ed446941066","local_time":"20210127212757","is_ascension_mode":true,"campfire_choices":[{"data":"Sword Boomerang","floor":7,"key":"SMITH"},{"data":"Metallicize","floor":10,"key":"SMITH"},{"floor":15,"key":"REST"},{"data":"Limit Break","floor":27,"key":"SMITH"}],"circlet_count":0,"master_deck":["Strike_R+1","Strike_R+1","Strike_R+1","Strike_R+1","Defend_R+1","Defend_R+1","Defend_R+1","Defend_R+1","Bash+1","Sword Boomerang+1","Metallicize+1","Pummel","Metallicize","Infernal Blade","Limit Break+1","Hemokinesis","Heavy Blade"],"relics":["Burning Blood","WarpedTongs","MealTicket","Bag of Preparation","Ancient Tea Set","Happy Flower","Sozu","Vajra","Omamori","StrikeDummy","Bronze Scales","Nloth\u0027s Gift"],"acts_visited":["Exordium","TheCity"],"potions_floor_usage":[6,13,16,23],"damage_taken":[{"damage":12,"enemies":"Jaw Worm","floor":1,"turns":3},{"damage":1,"enemies":"Cultist","floor":4,"turns":3},{"damage":35,"enemies":"Lagavulin","floor":6,"turns":6},{"damage":26,"enemies":"Gremlin Nob","floor":8,"turns":4},{"damage":14,"enemies":"Lagavulin","floor":13,"turns":5},{"damage":5,"enemies":"2 Louse","floor":14,"turns":3},{"damage":10,"enemies":"Slime Boss","floor":16,"turns":13},{"damage":12,"enemies":"Chosen","floor":18,"turns":4},{"damage":7,"enemies":"3 Byrds","floor":22,"turns":6},{"damage":23,"enemies":"Gremlin Leader","floor":23,"turns":7},{"damage":53,"enemies":"Slavers","floor":25,"turns":6},{"damage":2,"enemies":"Snecko","floor":28,"turns":2},{"damage":14,"enemies":"3 Cultists","floor":30,"turns":4},{"damage":26,"enemies":"Snake Plant","floor":31,"turns":2}],"seed_played":"-4824661730394943821","potions_obtained":[{"floor":1,"key":"Explosive Potion"},{"floor":8,"key":"Energy Potion"},{"floor":14,"key":"Regen Potion"},{"floor":16,"key":"SneckoOil"}],"is_trial":false,"path_per_floor":["M","?","$","M","?","E","R","E","T","R","$","?","E","M","R","B",null,"M","$","?","?","M","E","$","E","T","R","M","?","M","M"],"character_chosen":"IRONCLAD","items_purchased":["Sword Boomerang","Vajra"],"campfire_rested":1,"item_purchase_floors":[3,19],"current_hp_per_floor":[66,66,66,71,71,42,42,22,22,22,37,30,22,23,47,58,75,69,80,80,80,79,62,77,30,30,30,34,34,26,0,0],"gold":175,"neow_bonus":"UPGRADE_CARD","is_daily":false,"chose_seed":false,"campfire_upgraded":3,"win_rate":0.0,"timestamp":1611754077,"path_taken":["M","?","$","?","?","E","R","E","T","R","?","?","E","M","R","BOSS","M","$","?","?","M","E","$","E","T","R","M","?","M","M"],"items_purchased_type":["Card","Relic"],"build_version":"2020-12-22","purchased_purges":2,"victory":false,"max_hp_per_floor":[80,80,80,80,80,80,80,80,80,80,80,80,80,80,80,80,80,80,80,80,80,80,80,80,80,80,80,80,80,80,80,80],"relic_stats":{"Sozu":1,"Happy Flower":[15],"counters":[14,68],"Bronze Scales":[18],"MealTicket":41,"Bag of Preparation":[20],"Nloth\u0027s Gift":0,"obtain_stats":[{"Happy Flower":13,"Vajra":19,"Bag of Preparation":8,"Omamori":23,"Ancient Tea Set":12,"Burning Blood":0,"WarpedTongs":2,"Sozu":17,"Nunchaku":9,"Bronze Scales":26,"MealTicket":6,"Nloth\u0027s Gift":29,"StrikeDummy":25},{"Happy Flower":5,"Vajra":8,"Bag of Preparation":4,"Omamori":10,"Ancient Tea Set":4,"Burning Blood":0,"WarpedTongs":1,"Sozu":7,"Nunchaku":4,"Bronze Scales":11,"MealTicket":3,"Nloth\u0027s Gift":12,"StrikeDummy":11},{"Happy Flower":21,"Vajra":41,"Bag of Preparation":16,"Omamori":54,"Ancient Tea Set":16,"Burning Blood":0,"WarpedTongs":3,"Sozu":37,"Nunchaku":16,"Bronze Scales":60,"MealTicket":12,"Nloth\u0027s Gift":62,"StrikeDummy":60}],"Burning Blood":78,"WarpedTongs":[54]},"card_choices":[{"not_picked":["Pommel Strike","Bloodletting","Clothesline"],"picked":"SKIP","floor":1},{"not_picked":["Flame Barrier","True Grit"],"picked":"Metallicize","floor":4},{"not_picked":["Flex","Clothesline","Intimidate"],"picked":"SKIP","floor":6},{"not_picked":["Headbutt","Dark Embrace"],"picked":"Pummel","floor":8},{"not_picked":["Second Wind","Perfected Strike"],"picked":"Metallicize","floor":13},{"not_picked":["Ghostly Armor","Disarm"],"picked":"Infernal Blade","floor":14},{"not_picked":["Reaper","Impervious"],"picked":"Limit Break","floor":16},{"not_picked":["Perfected Strike","Entrench+1","Sever Soul"],"picked":"SKIP","floor":18},{"not_picked":["Heavy Blade","Thunderclap+1","Clothesline"],"picked":"SKIP","floor":22},{"not_picked":["Cleave","Twin Strike"],"picked":"Hemokinesis","floor":23},{"not_picked":["Iron Wave","Perfected Strike","Barricade"],"picked":"SKIP","floor":25},{"not_picked":["Anger","Twin Strike"],"picked":"Heavy Blade","floor":28},{"not_picked":["Cleave+1","Body Slam","Dark Embrace"],"picked":"SKIP","floor":30}],"player_experience":1408568,"relics_obtained":[{"floor":6,"key":"MealTicket"},{"floor":8,"key":"Bag of Preparation"},{"floor":9,"key":"Nunchaku"},{"floor":13,"key":"Happy Flower"},{"floor":23,"key":"Omamori"},{"floor":25,"key":"StrikeDummy"},{"floor":26,"key":"Bronze Scales"}],"event_choices":[{"damage_healed":0,"gold_gain":0,"player_choice":"Rummage","damage_taken":0,"relics_obtained":["WarpedTongs"],"max_hp_gain":0,"max_hp_loss":0,"event_name":"Accursed Blacksmith","floor":2,"gold_loss":0,"cards_obtained":["Pain"]},{"damage_healed":0,"gold_gain":0,"player_choice":"Ignored","damage_taken":0,"max_hp_gain":0,"max_hp_loss":0,"event_name":"Liars Game","floor":5,"gold_loss":0},{"damage_healed":0,"gold_gain":0,"player_choice":"Success","damage_taken":7,"relics_obtained":["Ancient Tea Set"],"max_hp_gain":0,"max_hp_loss":0,"event_name":"Scrap Ooze","floor":12,"gold_loss":0},{"damage_healed":0,"gold_gain":0,"player_choice":"Simplicity","damage_taken":0,"max_hp_gain":0,"max_hp_loss":0,"event_name":"Back to Basics","floor":21,"gold_loss":0,"cards_upgraded":["Strike_R","Strike_R","Strike_R","Strike_R","Defend_R","Defend_R","Defend_R","Defend_R"]},{"damage_healed":0,"gold_gain":0,"player_choice":"Traded Relic","damage_taken":0,"relics_obtained":["Nloth\u0027s Gift"],"max_hp_gain":0,"max_hp_loss":0,"event_name":"N\u0027loth","floor":29,"relics_lost":["Nunchaku"],"gold_loss":0}],"is_beta":false,"boss_relics":[{"not_picked":["Mark of Pain","Runic Pyramid"],"picked":"Sozu"}],"items_purged_floors":[3,11],"is_endless":false,"potions_floor_spawned":[1,8,14,16,23],"killed_by":"Snake Plant","ascension_level":8}}