{"host":"z5ogtnuuoxgup8y1","time":1611779620,"event":{"mods":["BaseMod","Better Third Choice","BetterRewards","Hermit","Hubris","Jorbs\u0027s Wanderer Trilogy","Minty Spire (QoL Compilation)","Replay The Spire","Spicy Shops","StSLib","The Cursed","The Disciple","The Hierophant","The Jungle","The Runesmith"],"gold_per_floor":[115,134,134,3,15,46,57,57,57,57,57,68,100,115,115,189,189,207,217,230,36,36,36],"floor_reached":22,"language":"ENG","playtime":838,"items_purged":["Regret"],"score":696,"play_id":"efe0a5ea-f094-4aa5-abb6-1a7d775edb4e","local_time":"20210127203340","is_ascension_mode":true,"campfire_choices":[{"data":"Whirlwind","floor":8,"key":"SMITH"},{"floor":10,"key":"REST"},{"floor":15,"key":"REST"}],"circlet_count":0,"master_deck":["AscendersBane","Strike_R","Strike_R","Strike_R","Strike_R","Strike_R","Defend_R","Defend_R","Defend_R","Defend_R","Shrug It Off","Headbutt","Whirlwind+1","Eruption","Flex","Tantrum","Spot Weakness","Offering","Twin Strike","True Grit"],"relics":["hubris:MedicalManual","Letter Opener","Torii","Pear","Replay:M_SmolderingBlood","Replay:Baseball","SlaversCollar","Replay:Rubber Ducky"],"acts_visited":["Exordium","TheCity"],"potions_floor_usage":[6,13,22],"damage_taken":[{"damage":4.0,"enemies":"Small Slimes","floor":1.0,"turns":3.0},{"damage":0.0,"enemies":"Cultist","floor":2.0,"turns":3.0},{"damage":8,"enemies":"2 Louse","floor":5,"turns":3},{"damage":41,"enemies":"Replay:BlueRogue","floor":6,"turns":10},{"damage":7,"enemies":"Large Slime","floor":7,"turns":6},{"damage":1,"enemies":"Looter","floor":12,"turns":2},{"damage":29,"enemies":"Gremlin Nob","floor":13,"turns":4},{"damage":1,"enemies":"Exordium Thugs","floor":14,"turns":3},{"damage":0,"enemies":"Slime Boss","floor":16,"turns":4},{"damage":6,"enemies":"Shell Parasite","floor":18,"turns":1},{"damage":12,"enemies":"Spheric Guardian","floor":19,"turns":3},{"damage":50,"enemies":"Shelled Parasite and Fungi","floor":20,"turns":4},{"damage":9,"enemies":"Snake Plant","floor":22,"turns":1}],"seed_played":"-5276678837855360629","potions_obtained":[{"floor":1.0,"key":"AttackPotion"},{"floor":2.0,"key":"Venom Potion"},{"floor":12,"key":"PowerPotion"},{"floor":16,"key":"CultistPotion"}],"is_trial":false,"path_per_floor":["M","M","?","$","M","E","M","R","T","R","?","M","E","M","R","B",null,"M","M","M","$","M"],"character_chosen":"IRONCLAD","items_purchased":["Shrug It Off","Whirlwind","Replay:Rubber Ducky","True Grit","SkillPotion"],"campfire_rested":2,"item_purchase_floors":[0,4,21,21,21],"current_hp_per_floor":[57,63,63,63,61,26,25,25,35,60,60,59,30,29,54,54,77,71,59,9,9,0,0],"gold":36,"neow_bonus":"","is_daily":false,"chose_seed":false,"campfire_upgraded":1,"win_rate":0.0,"timestamp":1611779620,"path_taken":["M","M","?","$","M","E","M","R","T","R","?","M","E","M","R","BOSS","M","M","M","$","M"],"items_purchased_type":["Card","Card","Relic","Card","Potion"],"build_version":"2020-12-22","purchased_purges":1,"victory":false,"max_hp_per_floor":[75,75,75,75,75,75,75,75,85,85,85,85,85,85,85,85,85,85,85,85,85,85,85],"card_choices":[{"not_picked":["Life Link","Thunderclap"],"picked":"Headbutt","floor":1.0},{"not_picked":["Body Slam","hubris:CleavingFinish","True Grit"],"picked":"SKIP","floor":2.0},{"not_picked":["hubris:CleavingFinish","Brutality","Whirlwind"],"picked":"SKIP","floor":5},{"not_picked":["Replay:Undeath\u0027s Touch","Clash","Heavy Blade"],"picked":"SKIP","floor":6},{"not_picked":["Intimidate","Iron Wave","Clash"],"picked":"SKIP","floor":7},{"not_picked":["FlyingSleeves","Thunderclap"],"picked":"Flex","floor":12},{"not_picked":["Headbutt","Thunderclap"],"picked":"Tantrum","floor":13},{"not_picked":["Perfected Strike","hubris:SharpeningStone"],"picked":"Spot Weakness","floor":14},{"not_picked":["Corruption","Demon Form"],"picked":"Offering","floor":16},{"not_picked":["Anger","Abandon+1","hubris:SharpeningStone"],"picked":"SKIP","floor":18},{"not_picked":["Clothesline","ReplayTheSpireMod:LeadingStrike","Body Slam"],"picked":"SKIP","floor":19},{"not_picked":["Pommel Strike","Shrug It Off"],"picked":"Twin Strike","floor":20}],"player_experience":684550,"relics_obtained":[{"floor":6,"key":"Torii"},{"floor":9,"key":"Pear"},{"floor":13,"key":"Replay:Baseball"}],"event_choices":[{"damage_healed":0.0,"max_hp_gain":0.0,"max_hp_loss":0.0,"gold_gain":0.0,"event_name":"Big Fish","player_choice":"Box","floor":3.0,"gold_loss":0.0,"damage_taken":0.0,"relics_obtained":["Letter Opener"],"cards_obtained":["Regret"]}],"is_beta":false,"boss_relics":[{"not_picked":["Snecko Eye","Coffee Dripper"],"picked":"SlaversCollar"}],"items_purged_floors":[4],"is_endless":false,"potions_floor_spawned":[1,2,12,16,20],"killed_by":"Snake Plant","ascension_level":20}}