{"host":"szp1d6dso4pv7ddl","time":1611728850,"event":{"mods":["AchievementEnabler","Alarm Clock","BaseMod","Bestiary","Block Reminder","Colored Map","Colored Powertips","Curses Come First","Dark Map","Displayed Cursed Tome","Highlight Path","Minty Spire (QoL Compilation)","Permanent Neow","Quick Restart","Relic Sorter","Relic Stats","StSLib","Synergy Search"],"gold_per_floor":[119,119,119,138,63,63,63,163,163,177,177,195,214,233,233,332,332,346,246,296,268,268,268],"floor_reached":22,"language":"ENG","playtime":1024,"items_purged":["Strike_R","Defend_R"],"score":176,"play_id":"184f0664-0961-4b07-ac80-37cd272312fb","local_time":"20210126222730","is_ascension_mode":false,"campfire_choices":[{"data":"Bash","floor":6,"key":"SMITH"},{"data":"Brutality","floor":15,"key":"SMITH"}],"circlet_count":0,"master_deck":["Strike_R","Strike_R","Defend_R","Defend_R","Bash+1","Dropkick","True Grit","Rage","Brutality+1","Berserk"],"relics":["Burning Blood","Lizard Tail","Pantograph","Empty Cage"],"acts_visited":["Exordium","TheCity"],"potions_floor_usage":[14,16],"damage_taken":[{"damage":16,"enemies":"Jaw Worm","floor":1,"turns":5},{"damage":3,"enemies":"Small Slimes","floor":4,"turns":4},{"damage":1,"enemies":"Cultist","floor":10,"turns":3},{"damage":4,"enemies":"Blue Slaver","floor":12,"turns":6},{"damage":15,"enemies":"Lots of Slimes","floor":13,"turns":6},{"damage":5,"enemies":"Looter","floor":14,"turns":3},{"damage":102,"enemies":"Hexaghost","floor":16,"turns":16},{"damage":32,"enemies":"Chosen","floor":18,"turns":8},{"damage":26,"enemies":"2 Thieves","floor":21,"turns":5},{"damage":9,"enemies":"Snake Plant","floor":22,"turns":1}],"seed_played":"7413600157014435330","potions_obtained":[{"floor":10,"key":"BloodPotion"},{"floor":11,"key":"LiquidMemories"},{"floor":11,"key":"Energy Potion"},{"floor":14,"key":"ElixirPotion"},{"floor":21,"key":"SteroidPotion"}],"is_trial":false,"path_per_floor":["M","?","?","M","$","R","?","?","T","M","?","M","M","M","R","B",null,"M","$","?","M","M"],"character_chosen":"IRONCLAD","items_purchased":[],"campfire_rested":0,"item_purchase_floors":[],"current_hp_per_floor":[46,46,39,42,42,42,42,42,42,47,47,49,40,57,57,24,80,54,54,54,34,25,25],"gold":268,"neow_bonus":"ONE_RARE_RELIC","is_daily":false,"chose_seed":false,"campfire_upgraded":2,"win_rate":0.0,"timestamp":1611728850,"path_taken":["M","?","?","M","$","R","?","?","T","?","?","?","M","M","R","BOSS","M","$","?","?","?"],"items_purchased_type":[],"build_version":"2020-12-22","purchased_purges":2,"victory":false,"max_hp_per_floor":[80,80,80,80,80,80,80,80,80,80,80,80,80,80,80,80,80,80,80,80,80,80,80],"relic_stats":{"Lizard Tail":40,"counters":[10,57],"Pantograph":23,"obtain_stats":[{"Lizard Tail":0,"Pantograph":9,"Empty Cage":17,"Burning Blood":0},{"Lizard Tail":0,"Pantograph":2,"Empty Cage":7,"Burning Blood":0},{"Lizard Tail":0,"Pantograph":9,"Empty Cage":43,"Burning Blood":0}],"Burning Blood":54},"card_choices":[{"not_picked":["Anger","Pummel"],"picked":"Dropkick","floor":1},{"not_picked":["Blood for Blood","Clash"],"picked":"Battle Trance","floor":4},{"not_picked":["Infernal Blade","Clothesline","True Grit"],"picked":"SKIP","floor":10},{"not_picked":["Pommel Strike","Clothesline"],"picked":"True Grit","floor":12},{"not_picked":["Twin Strike","Cleave"],"picked":"Rage","floor":13},{"not_picked":["Heavy Blade","Cleave"],"picked":"Brutality","floor":14},{"not_picked":["Reaper","Bludgeon"],"picked":"Berserk","floor":16},{"not_picked":["Pummel+1","Body Slam","Thunderclap+1"],"picked":"SKIP","floor":18},{"not_picked":["Feel No Pain","Flex","Anger+1"],"picked":"SKIP","floor":21}],"player_experience":1294739,"relics_obtained":[{"floor":9,"key":"Pantograph"}],"event_choices":[{"damage_healed":0,"gold_gain":0,"player_choice":"Ignored","damage_taken":0,"max_hp_gain":0,"max_hp_loss":0,"event_name":"Liars Game","floor":2,"gold_loss":0},{"cards_removed":["Strike_R"],"damage_healed":0,"gold_gain":0,"player_choice":"Card Removal","damage_taken":7,"max_hp_gain":0,"max_hp_loss":0,"event_name":"Golden Wing","floor":3,"gold_loss":0},{"cards_removed":["Strike_R"],"damage_healed":0,"gold_gain":0,"player_choice":"Forget","damage_taken":0,"max_hp_gain":0,"max_hp_loss":0,"event_name":"Living Wall","floor":7,"gold_loss":0},{"damage_healed":0,"gold_gain":100,"player_choice":"Pray","damage_taken":0,"max_hp_gain":0,"max_hp_loss":0,"event_name":"Golden Shrine","floor":8,"gold_loss":0},{"damage_healed":0,"gold_gain":0,"player_choice":"Got Potions","damage_taken":0,"max_hp_gain":0,"max_hp_loss":0,"event_name":"Lab","floor":11,"gold_loss":0},{"damage_healed":0,"gold_gain":100,"player_choice":"Bet on Murderer","damage_taken":0,"max_hp_gain":0,"max_hp_loss":0,"event_name":"The Joust","floor":20,"gold_loss":50}],"is_beta":false,"boss_relics":[{"not_picked":["Mark of Pain","Calling Bell"],"picked":"Empty Cage"}],"items_purged_floors":[5,19],"is_endless":false,"potions_floor_spawned":[10,12,14,21],"killed_by":"Snake Plant","ascension_level":0}}