{"host":"owox7x4ngjt9htcc","time":1611734520,"event":{"mods":["BaseMod","Colored Map","DeckTracker","Keyboard Shortcuts","Minty Spire (QoL Compilation)","SuperFastMode"],"gold_per_floor":[114,129,144,94,94,94,124,139,139,166,208,11,41,56,56,156,206,221,236,251,266,53,83,83,113,113,143,143,173,188,103,103,203,203,218,233,0,15,30,30,60,75,75,75,105,105,120,150,150,150],"floor_reached":51,"language":"KOR","playtime":1463,"items_purged":["Strike_R","Strike_R"],"score":914,"play_id":"997b13bf-055c-4a4f-a65e-7928d620f972","local_time":"20210127170200","daily_mods":["Heirloom","Blue Cards","Elite Swarm"],"is_ascension_mode":false,"campfire_choices":[{"data":"1","floor":6.0,"key":"LIFT"},{"data":"2","floor":15,"key":"LIFT"},{"floor":28,"key":"REST"},{"floor":32,"key":"REST"},{"data":"3","floor":40,"key":"LIFT"},{"data":"Armaments","floor":44,"key":"SMITH"},{"data":"Limit Break","floor":46,"key":"SMITH"},{"data":"Limit Break","floor":49,"key":"SMITH"}],"circlet_count":0,"master_deck":["Strike_R","Strike_R","Defend_R","Defend_R","Defend_R","Defend_R","Bash","Metallicize","Sword Boomerang+1","Cleave","Berserk","Twin Strike","Burning Pact","Core Surge","FTL","Gash+1","Shrug It Off","Limit Break+1","Go for the Eyes","Offering","Iron Wave","Double Energy","Gash+1","Limit Break+1","FTL","Flex","Self Repair","True Grit","All For One","Writhe","All For One","Creative AI","Storm","Reaper","Hologram+1","Berserk","CurseOfTheBell","Gash+1","Flash of Steel","Armaments+1","Dark Embrace+1","Reprogram+1","Feed","Heatsinks+1","Barricade","Juggernaut"],"relics":["Burning Blood","Girya","Unceasing Top","MawBank","Centennial Puzzle","Bottled Flame","Tiny House","Dream Catcher","Mummified Hand","Letter Opener","Nunchaku","Pantograph","Art of War","StrikeDummy","Calling Bell","Toy Ornithopter","Self Forming Clay","Thread and Needle","Torii","Bottled Lightning","Red Skull","Vajra"],"acts_visited":["Exordium","TheCity","TheBeyond"],"potions_floor_usage":[17,19,23,25,50,50],"damage_taken":[{"damage":5.0,"enemies":"2 Louse","floor":1.0,"turns":3.0},{"damage":1.0,"enemies":"Cultist","floor":2.0,"turns":4.0},{"damage":0.0,"enemies":"Small Slimes","floor":3.0,"turns":3.0},{"damage":7.0,"enemies":"3 Sentries","floor":7.0,"turns":8.0},{"damage":5.0,"enemies":"Red Slaver","floor":8.0,"turns":3.0},{"damage":10.0,"enemies":"Large Slime","floor":10.0,"turns":6.0},{"damage":17,"enemies":"Gremlin Nob","floor":11,"turns":4},{"damage":2,"enemies":"Lagavulin","floor":13,"turns":4},{"damage":0,"enemies":"Lots of Slimes","floor":14,"turns":2},{"damage":22,"enemies":"Hexaghost","floor":16,"turns":8},{"damage":9,"enemies":"Shell Parasite","floor":18,"turns":5},{"damage":20,"enemies":"3 Byrds","floor":19,"turns":5},{"damage":6,"enemies":"Sentry and Sphere","floor":20,"turns":3},{"damage":24,"enemies":"Centurion and Healer","floor":21,"turns":5},{"damage":38,"enemies":"Slavers","floor":23,"turns":6},{"damage":37,"enemies":"Gremlin Leader","floor":25,"turns":7},{"damage":27,"enemies":"Book of Stabbing","floor":27,"turns":4},{"damage":33,"enemies":"Gremlin Leader","floor":29,"turns":6},{"damage":8,"enemies":"Snecko","floor":30,"turns":4},{"damage":24,"enemies":"Champ","floor":33,"turns":6},{"damage":14,"enemies":"3 Shapes","floor":35,"turns":4},{"damage":1,"enemies":"Orb Walker","floor":36,"turns":3},{"damage":4,"enemies":"Sphere and 2 Shapes","floor":38,"turns":3},{"damage":16,"enemies":"3 Darklings","floor":39,"turns":4},{"damage":5,"enemies":"Giant Head","floor":41,"turns":4},{"damage":24,"enemies":"Jaw Worm Horde","floor":42,"turns":3},{"damage":7,"enemies":"Nemesis","floor":45,"turns":5},{"damage":0,"enemies":"Transient","floor":47,"turns":5},{"damage":6,"enemies":"Giant Head","floor":48,"turns":1},{"damage":35,"enemies":"Donu and Deca","floor":50,"turns":5}],"seed_played":"-8653540479942029245","potions_obtained":[{"floor":1.0,"key":"SkillPotion"},{"floor":3.0,"key":"SneckoOil"},{"floor":11,"key":"Regen Potion"},{"floor":16,"key":"HeartOfIron"},{"floor":17,"key":"Fruit Juice"},{"floor":18,"key":"Swift Potion"},{"floor":20,"key":"AttackPotion"},{"floor":21,"key":"Regen Potion"},{"floor":27,"key":"ColorlessPotion"},{"floor":29,"key":"Weak Potion"},{"floor":30,"key":"Block Potion"},{"floor":36,"key":"BloodPotion"}],"is_trial":false,"path_per_floor":["M","M","M","?","?","R","E","M","T","M","E","$","E","M","R","B",null,"M","M","M","M","$","E","?","E","T","E","R","E","M","?","R","B",null,"M","M","$","M","M","R","E","M","T","R","E","R","M","E","R","B",null],"character_chosen":"IRONCLAD","items_purchased":["FTL","Gash","Shrug It Off","FTL","Flex","Self Repair","True Grit","Flash of Steel","Armaments"],"campfire_rested":2,"item_purchase_floors":[12,12,12,22,22,22,22,37,37],"current_hp_per_floor":[80,80,80,80,80,80,79,80,80,76,65,65,69,75,75,59,90,87,73,73,55,55,45,45,36,36,22,49,29,34,34,61,84,90,82,90,90,90,80,80,90,72,72,72,85,85,90,90,90,90],"gold":150,"neow_bonus":"","is_daily":true,"chose_seed":false,"campfire_upgraded":3,"win_rate":0.0,"timestamp":1611734520,"path_taken":["M","M","M","?","?","R","E","M","T","M","E","$","E","M","R","BOSS","M","?","M","M","$","E","?","E","T","E","R","E","M","?","R","BOSS","M","M","$","M","M","R","E","M","T","R","E","R","M","E","R","BOSS"],"items_purchased_type":["Card","Card","Card","Card","Card","Card","Card","Card","Card"],"build_version":"2020-12-22","purchased_purges":2,"victory":true,"max_hp_per_floor":[80,80,80,80,80,80,80,80,80,80,80,80,80,80,80,80,90,90,90,90,90,90,90,90,90,90,90,90,90,90,90,90,90,90,90,90,90,90,90,90,90,90,90,90,90,90,90,90,90,90],"card_choices":[{"not_picked":["Static Discharge","Chaos"],"picked":"Metallicize","floor":1.0},{"not_picked":["Anger","Steam"],"picked":"Sword Boomerang","floor":2.0},{"not_picked":["Loop","Genetic Algorithm"],"picked":"Cleave","floor":3.0},{"not_picked":["Machine Learning","Exhume"],"picked":"Berserk","floor":7.0},{"not_picked":["Redo","Warcry"],"picked":"Twin Strike","floor":8.0},{"not_picked":["Iron Wave","Blizzard"],"picked":"Burning Pact","floor":10},{"not_picked":["Double Tap","Rainbow"],"picked":"Core Surge","floor":11},{"not_picked":["Brutality","Electrodynamics"],"picked":"Limit Break","floor":13},{"not_picked":["Evolve","Reckless Charge"],"picked":"Go for the Eyes","floor":14},{"not_picked":["Impervious","Amplify"],"picked":"Offering","floor":16},{"not_picked":["Stack","Thunderclap"],"picked":"Iron Wave","floor":17},{"not_picked":["Streamline+1","Compile Driver"],"picked":"Double Energy","floor":18},{"not_picked":["Heavy Blade+1","Spot Weakness","Sever Soul"],"picked":"SKIP","floor":19},{"not_picked":["Heavy Blade+1","Spot Weakness","Sever Soul"],"picked":"SKIP","floor":19},{"not_picked":["Clash","Headbutt+1"],"picked":"Gash+1","floor":20},{"not_picked":["Conserve Battery","Self Repair"],"picked":"Limit Break","floor":21},{"not_picked":["Reboot","Offering"],"picked":"All For One","floor":23},{"not_picked":["Seek","Hyperbeam"],"picked":"All For One","floor":25},{"not_picked":["Double Tap","Buffer"],"picked":"Creative AI","floor":27},{"not_picked":["Iron Wave+1","Barrage"],"picked":"Storm","floor":28},{"not_picked":["Multi-Cast","All For One"],"picked":"Reaper","floor":29},{"not_picked":["Sword Boomerang","Clash","Steam Power+1"],"picked":"SKIP","floor":30},{"not_picked":["Shrug It Off","Hemokinesis"],"picked":"Hologram+1","floor":32},{"not_picked":["Reaper","Meteor Strike"],"picked":"Berserk","floor":33},{"not_picked":["Go for the Eyes+1","Static Discharge","Exhume"],"picked":"SKIP","floor":35},{"not_picked":["Ball Lightning+1","Havoc"],"picked":"Gash+1","floor":36},{"not_picked":["Body Slam+1","Ball Lightning+1"],"picked":"Dark Embrace+1","floor":38},{"not_picked":["Coolheaded+1","Thunderclap"],"picked":"Reprogram+1","floor":39},{"not_picked":["Fission","Reaper"],"picked":"Feed","floor":41},{"not_picked":["Steam+1","Twin Strike"],"picked":"Heatsinks+1","floor":42},{"not_picked":["Creative AI","Exhume"],"picked":"Barricade","floor":45},{"not_picked":["Second Wind","Melter","Cold Snap+1"],"picked":"SKIP","floor":47},{"not_picked":["Double Tap","Exhume"],"picked":"Juggernaut","floor":48}],"player_experience":900740,"relics_obtained":[{"floor":7.0,"key":"Unceasing Top"},{"floor":9.0,"key":"MawBank"},{"floor":11,"key":"Centennial Puzzle"},{"floor":13,"key":"Bottled Flame"},{"floor":23,"key":"Dream Catcher"},{"floor":25,"key":"Letter Opener"},{"floor":26,"key":"Nunchaku"},{"floor":27,"key":"Pantograph"},{"floor":29,"key":"Art of War"},{"floor":34,"key":"Toy Ornithopter"},{"floor":34,"key":"Self Forming Clay"},{"floor":34,"key":"Thread and Needle"},{"floor":41,"key":"Torii"},{"floor":43,"key":"Bottled Lightning"},{"floor":45,"key":"Red Skull"},{"floor":48,"key":"Vajra"}],"event_choices":[{"cards_removed":["Strike_R"],"damage_healed":0.0,"max_hp_gain":0.0,"max_hp_loss":0.0,"gold_gain":0.0,"event_name":"The Cleric","player_choice":"Card Removal","floor":4.0,"gold_loss":50.0,"damage_taken":0.0},{"damage_healed":0.0,"max_hp_gain":0.0,"max_hp_loss":0.0,"gold_gain":0.0,"event_name":"Upgrade Shrine","player_choice":"Upgraded","floor":5.0,"gold_loss":0.0,"damage_taken":0.0,"cards_upgraded":["Sword Boomerang"]},{"damage_healed":0,"gold_gain":0,"player_choice":"Opened","damage_taken":0,"relics_obtained":["Mummified Hand"],"max_hp_gain":0,"max_hp_loss":0,"event_name":"The Mausoleum","floor":24,"gold_loss":0,"cards_obtained":["Writhe"]},{"damage_healed":0,"gold_gain":0,"player_choice":"Obtained Relic","damage_taken":0,"relics_obtained":["StrikeDummy"],"max_hp_gain":0,"max_hp_loss":0,"event_name":"Addict","floor":31,"gold_loss":85}],"is_beta":false,"boss_relics":[{"not_picked":["Velvet Choker","Snecko Eye"],"picked":"Tiny House"},{"not_picked":["Cursed Key","Philosopher\u0027s Stone"],"picked":"Calling Bell"}],"items_purged_floors":[12,37],"is_endless":false,"potions_floor_spawned":[1,3,11,16,18,20,21,27,29,30,36,38,41,47,48],"ascension_level":0}}