{"host":"b69u97qm214vzd6b","time":1611781858,"event":{"mods":["BaseMod","Downfall","Hermit","Infinite Spire","Minty Spire (QoL Compilation)","Replay The Spire","StSLib","The Animator","The Cursed"],"gold_per_floor":[117,117,134,154,154,185,201,236,236,254,271,288,288,315,315,419,419,430,449,449,258,258,258],"floor_reached":22,"language":"ENG","playtime":1415,"items_purged":[],"score":365,"play_id":"23ede099-1d4a-4cf2-9f9d-0bb0fbf4915c","local_time":"20210127141058","is_ascension_mode":true,"campfire_choices":[{"floor":13,"key":"REST"},{"floor":15,"key":"REST"}],"circlet_count":0,"master_deck":["Strike_B","Strike_B","Strike_B","Strike_B","Defend_B","Defend_B","Defend_B","Defend_B","Zap","Dualcast","Languid","ReplayTheSpireMod:Calculation Training","Sweeping Beam","Ball Lightning","Conserve Battery","Electrodynamics","Gash","Gash","Sweeping Beam","ReplayGash","Ball Lightning","Barrage","Compile Driver","Ball Lightning","Hologram","Seek","Hologram","Streamline","ReplaySort","Multi-Cast","Storm","Compile Driver+1","Darkness","Thunder Strike","Redo"],"relics":["Cracked Core","Prayer Wheel","infinitespire:Beetle Shell","Peace Pipe","Mummified Hand","Shuriken","Philosopher\u0027s Stone","Replay:Bottled Snecko"],"acts_visited":["Exordium","TheCity"],"potions_floor_usage":[12],"damage_taken":[{"damage":16,"enemies":"2 Louse","floor":1,"turns":4},{"damage":0,"enemies":"Cultist","floor":3,"turns":3},{"damage":4,"enemies":"Jaw Worm","floor":4,"turns":3},{"damage":23,"enemies":"Lagavulin","floor":6,"turns":5},{"damage":18,"enemies":"Gremlin Gang","floor":7,"turns":3},{"damage":15,"enemies":"3 Sentries","floor":8,"turns":3},{"damage":11,"enemies":"Looter","floor":10,"turns":2},{"damage":1,"enemies":"3 Louse","floor":11,"turns":3},{"damage":4,"enemies":"Gremlin Gang","floor":12,"turns":3},{"damage":0,"enemies":"Replay:BlueRogue","floor":14,"turns":4},{"damage":0,"enemies":"Slime Boss","floor":16,"turns":5},{"damage":4,"enemies":"Chosen","floor":18,"turns":3},{"damage":12,"enemies":"Spheric Guardian","floor":19,"turns":3},{"damage":61,"enemies":"Snake Plant","floor":22,"turns":4}],"seed_played":"-4737990170295989491","potions_obtained":[{"floor":3,"key":"LifebloodPotion"},{"floor":7,"key":"Energy Potion"},{"floor":8,"key":"Adrenaline Potion"},{"floor":12,"key":"Block Potion"},{"floor":18,"key":"LifebloodPotion"}],"is_trial":false,"path_per_floor":["M","?","M","M","?","E","M","E","T","M","M","M","R","E","R","B",null,"M","M","?","$","M"],"character_chosen":"DEFECT","items_purchased":["Thunder Strike","Redo"],"campfire_rested":2,"item_purchase_floors":[21,21],"current_hp_per_floor":[59,59,59,55,75,52,34,19,19,8,7,3,25,25,47,47,75,71,59,59,59,0,0],"gold":258,"neow_bonus":"THREE_RARE_CARDS","is_daily":false,"chose_seed":false,"campfire_upgraded":0,"win_rate":0.0,"timestamp":1611781858,"path_taken":["M","?","?","M","?","E","M","E","T","M","M","M","R","E","R","BOSS","M","?","?","$","?"],"items_purchased_type":["Card","Card"],"build_version":"2020-12-13","purchased_purges":0,"victory":false,"max_hp_per_floor":[75,75,75,75,75,75,75,75,75,75,75,75,75,75,75,75,75,75,75,75,75,75,75],"card_choices":[{"not_picked":["Core Surge","Fission"],"picked":"ReplayTheSpireMod:Fabricate Wheel","floor":0},{"not_picked":["Steam Power","Beam Cell"],"picked":"ReplayTheSpireMod:Calculation Training","floor":1},{"not_picked":["Leap","Turbo"],"picked":"Sweeping Beam","floor":1},{"not_picked":["Barrage","Rebound"],"picked":"Conserve Battery","floor":3},{"not_picked":["Leap","Hologram"],"picked":"Electrodynamics","floor":3},{"not_picked":["Recycle","Coolheaded"],"picked":"Gash","floor":4},{"not_picked":["Scrape","Leap"],"picked":"Gash","floor":4},{"not_picked":["Steam","Panic Button"],"picked":"Sweeping Beam","floor":6},{"not_picked":["Streamline","White Noise"],"picked":"ReplayGash","floor":7},{"not_picked":["Force Field","Leap"],"picked":"Ball Lightning","floor":7},{"not_picked":["Sweeping Beam","Blizzard"],"picked":"Barrage","floor":8},{"not_picked":["Reprogram","Panic Button"],"picked":"Compile Driver","floor":10},{"not_picked":["Steam","Beam Cell"],"picked":"Ball Lightning","floor":10},{"not_picked":["Stack","Compile Driver"],"picked":"Hologram","floor":11},{"not_picked":["Reinforced Body","Compile Driver"],"picked":"Seek","floor":11},{"not_picked":["Leap","FTL"],"picked":"Hologram","floor":12},{"not_picked":["Go for the Eyes","Beam Cell"],"picked":"Streamline","floor":12},{"not_picked":["Steam","Coolheaded"],"picked":"ReplaySort","floor":14},{"not_picked":["ReplayTheSpireMod:Fabricate Wheel","Core Surge"],"picked":"Multi-Cast","floor":16},{"not_picked":["Consume","Panic Button+1"],"picked":"Storm","floor":18},{"not_picked":["Panic Button","Cold Snap"],"picked":"Compile Driver+1","floor":18},{"not_picked":["Genetic Algorithm","Stack"],"picked":"Darkness","floor":19},{"not_picked":["Conserve Battery","BasicCrystalCard","Coolheaded"],"picked":"SKIP","floor":19}],"player_experience":100521,"relics_obtained":[{"floor":6,"key":"infinitespire:Beetle Shell"},{"floor":8,"key":"Peace Pipe"},{"floor":9,"key":"Mummified Hand"},{"floor":14,"key":"Shuriken"}],"event_choices":[{"damage_healed":0,"gold_gain":0,"player_choice":"2 cards matched","damage_taken":0,"max_hp_gain":0,"max_hp_loss":0,"event_name":"Match and Keep!","floor":2,"gold_loss":0,"cards_obtained":["Ball Lightning","Blind"]},{"cards_removed":["Blind"],"damage_healed":20,"gold_gain":0,"player_choice":"Offered Uncommon","damage_taken":0,"max_hp_gain":0,"max_hp_loss":0,"event_name":"Bonfire Elementals","floor":5,"gold_loss":0}],"is_beta":false,"boss_relics":[{"not_picked":["Kintsugi","Runic Dome"],"picked":"Philosopher\u0027s Stone"}],"items_purged_floors":[],"is_endless":false,"potions_floor_spawned":[3,7,8,12,16,18],"killed_by":"Snake Plant","ascension_level":4}}