{"host":"skr63qsdfgeey3it","time":1611710459,"event":{"mods":["BaseMod","Colored Map","Hubris","Minty Spire (QoL Compilation)","Replay The Spire","Spicy Shops","StSLib"],"gold_per_floor":[109,109,109,126,49,49,81,91,169,22,22,41,59,78,78,151,151,170,186,30,30,48,48,48,48,77,77,155,183,68,88,118,129,129,201,201,216,216,216,234,252,252,281,281,305,58,68,99,99,29,29,29,29],"floor_reached":52,"language":"ENG","playtime":1870,"items_purged":["Delirium","Strike_G"],"score":1131,"play_id":"7a53f327-5b98-4a9c-9fa1-4fa97893ea77","local_time":"20210126192059","is_ascension_mode":true,"campfire_choices":[{"data":"Noxious Fumes","floor":6.0,"key":"SMITH"},{"floor":11.0,"key":"REST"},{"floor":15.0,"key":"REST"},{"floor":25,"key":"REST"},{"floor":34,"key":"REST"},{"data":"Madness","floor":42,"key":"SMITH"},{"data":"Atom Bomb","floor":49,"key":"SMITH"},{"floor":51,"key":"REST"}],"circlet_count":0,"master_deck":["AscendersBane","Strike_G","Strike_G","Strike_G","Defend_G","Defend_G","Defend_G","Defend_G","Defend_G","Survivor","Neutralize","Terror+1","Acrobatics","Noxious Fumes+1","Hidden Blade","Calculated Gamble","Atom Bomb","Flying Knee","Atom Bomb","Hidden Blade","A Thousand Cuts","Blade Dance","Cloak And Dagger+1","Accuracy","Doppelganger","Atom Bomb+1","Panacea","Madness+1","Madness","Choke+1","Prepared","hubris:Sniper","ReplayTheSpireMod:Scrap Shanks"],"relics":["hubris:CrackedHourglass","Thread and Needle","Iron Hammer","WristBlade","ClockworkSouvenir","Dead Branch","CaptainsWheel","Onion Ring","hubris:Spice","Replay:Baseball","ReplayTheSpireMod:CursedCoin","Darkstone Periapt","Busted Crown","hubris:AncientText","Strawberry","Lee\u0027s Waffle","hubris:ToyBattleship"],"acts_visited":["Exordium","TheCity","TheBeyond"],"potions_floor_usage":[29,35,35,37,48,48],"damage_taken":[{"damage":2.0,"enemies":"Cultist","floor":1.0,"turns":4.0},{"damage":0.0,"enemies":"Jaw Worm","floor":4.0,"turns":3.0},{"damage":58.0,"enemies":"Gremlin Nob","floor":7.0,"turns":6.0},{"damage":0.0,"enemies":"2 Louse","floor":8.0,"turns":2.0},{"damage":2.0,"enemies":"Exordium Thugs","floor":12.0,"turns":4.0},{"damage":0.0,"enemies":"Large Slime","floor":13.0,"turns":1.0},{"damage":0.0,"enemies":"2 Fungi Beasts","floor":14.0,"turns":3.0},{"damage":4.0,"enemies":"Slime Boss","floor":16.0,"turns":4.0},{"damage":0.0,"enemies":"Spheric Guardian","floor":18.0,"turns":2.0},{"damage":22.0,"enemies":"Shell Parasite","floor":19.0,"turns":3.0},{"damage":6,"enemies":"Snecko","floor":22,"turns":4},{"damage":17,"enemies":"Book of Stabbing","floor":26,"turns":4},{"damage":1,"enemies":"Gremlin Leader","floor":29,"turns":4},{"damage":0,"enemies":"3 Cultists","floor":31,"turns":2},{"damage":6,"enemies":"Book of Stabbing","floor":32,"turns":3},{"damage":5,"enemies":"Centurion and Healer","floor":33,"turns":2},{"damage":12,"enemies":"Automaton","floor":35,"turns":4},{"damage":0,"enemies":"3 Darklings","floor":37,"turns":2},{"damage":0,"enemies":"Orb Walker","floor":40,"turns":1},{"damage":0,"enemies":"Spire Growth","floor":41,"turns":2},{"damage":5,"enemies":"Nemesis","floor":43,"turns":5},{"damage":0,"enemies":"Jaw Worm Horde","floor":47,"turns":2},{"damage":7,"enemies":"R_Hoarder","floor":48,"turns":6},{"damage":100,"enemies":"Time Eater","floor":52,"turns":7}],"seed_played":"7322695433442117962","potions_obtained":[{"floor":1.0,"key":"FearPotion"},{"floor":12.0,"key":"SpeedPotion"},{"floor":26,"key":"ColorlessPotion"},{"floor":31,"key":"Elixir"},{"floor":32,"key":"Explosive Potion"},{"floor":35,"key":"Energy Potion"},{"floor":41,"key":"SpeedPotion"},{"floor":43,"key":"PowerPotion"}],"is_trial":false,"path_per_floor":["M","?","?","M","$","R","E","M","T","$","R","M","M","M","R","B",null,"M","M","$","?","M","PTL","PTL","R","E","?","T","E","$","M","E","M","R_BF","B",null,"M","?","?","M","M","R","E","?","T","$","M","E","R","$","R","B"],"character_chosen":"THE_SILENT","items_purchased":["Noxious Fumes","Atom Bomb","ClockworkSouvenir","Replay:Baseball","ReplayTheSpireMod:CursedCoin","Accuracy","Lee\u0027s Waffle","ReplayTheSpireMod:Scrap Shanks"],"campfire_rested":5,"item_purchase_floors":[5,10,20,30,30,30,46,50],"current_hp_per_floor":[61,61,61,61,61,61,3,3,3,3,24,22,22,22,43,39,62,62,40,40,40,34,34,34,55,38,38,38,45,45,45,39,34,57,45,70,70,70,60,60,60,60,55,55,62,92,92,85,85,85,92,0,0],"gold":29,"neow_bonus":"BOSS_RELIC","is_daily":false,"chose_seed":false,"campfire_upgraded":3,"win_rate":0.0,"timestamp":1611710459,"path_taken":["M","?","?","M","$","R","E","M","T","$","R","M","?","M","R","BOSS","M","M","$","?","M","PTL","PTL","R","E","?","T","E","$","M","E","?","R_BF","BOSS","M","?","?","?","M","R","E","?","T","$","M","E","R","$","R","BOSS"],"items_purchased_type":["Card","Card","Relic","Relic","Relic","Card","Relic","Card"],"build_version":"2020-12-22","purchased_purges":2,"victory":false,"max_hp_per_floor":[70,70,70,70,70,70,70,70,70,70,70,70,70,70,70,70,70,70,70,70,70,70,70,70,70,70,70,70,78,78,78,78,78,78,78,78,78,78,78,78,78,78,78,78,85,92,92,92,92,92,92,92,92],"card_choices":[{"not_picked":["Crippling Poison","Backflip","hubris:SlightOfHand"],"picked":"SKIP","floor":1.0},{"not_picked":["Outmaneuver","Underhanded Strike"],"picked":"Acrobatics","floor":4.0},{"not_picked":["Poisoned Stab","Acrobatics"],"picked":"Hidden Blade","floor":7.0},{"not_picked":["Outmaneuver","Backflip"],"picked":"Calculated Gamble","floor":8.0},{"not_picked":["PiercingWail","Terror"],"picked":"Flying Knee","floor":12.0},{"not_picked":["Sucker Punch","Backstab"],"picked":"Atom Bomb","floor":13.0},{"not_picked":["Caltrops","hubris:Sniper"],"picked":"Hidden Blade","floor":14.0},{"not_picked":["Unload","ReplayTheSpireMod:From All Sides"],"picked":"A Thousand Cuts","floor":16.0},{"not_picked":["Blur","Underhanded Strike","Quick Slash"],"picked":"SKIP","floor":18.0},{"not_picked":["Dagger Throw+1","Flying Knee"],"picked":"Blade Dance","floor":19.0},{"not_picked":["Expertise+1","Hidden Blade+1"],"picked":"Cloak And Dagger+1","floor":22},{"not_picked":["Underhanded Strike","Flying Knee","Replay:Poison Smokescreen"],"picked":"SKIP","floor":26},{"not_picked":["Predator","Sucker Punch","Underhanded Strike"],"picked":"SKIP","floor":29},{"not_picked":["Quick Slash","Fluid Movement","Underhanded Strike"],"picked":"SKIP","floor":31},{"not_picked":["Footwork","Underhanded Strike"],"picked":"Doppelganger","floor":32},{"not_picked":["Cloak And Dagger","Backflip","Poisoned Stab"],"picked":"SKIP","floor":33},{"not_picked":["Doppelganger","ReplayTheSpireMod:Necrosis"],"picked":"Atom Bomb","floor":35},{"not_picked":["Bouncing Flask"],"picked":"SKIP","floor":37},{"not_picked":[],"picked":"Panacea","floor":38},{"not_picked":[],"picked":"Choke+1","floor":40},{"not_picked":["PiercingWail"],"picked":"SKIP","floor":41},{"not_picked":[],"picked":"Prepared","floor":43},{"not_picked":["Catalyst"],"picked":"SKIP","floor":47},{"not_picked":[],"picked":"hubris:Sniper","floor":48}],"player_experience":807301,"relics_obtained":[{"floor":7.0,"key":"Thread and Needle"},{"floor":9.0,"key":"Iron Hammer"},{"floor":26,"key":"Dead Branch"},{"floor":28,"key":"Onion Ring"},{"floor":29,"key":"hubris:Spice"},{"floor":32,"key":"Darkstone Periapt"},{"floor":43,"key":"hubris:AncientText"},{"floor":45,"key":"Strawberry"},{"floor":48,"key":"hubris:ToyBattleship"}],"event_choices":[{"cards_removed":["Strike_G"],"damage_healed":0,"gold_gain":0,"player_choice":"Elegance","damage_taken":0,"max_hp_gain":0,"max_hp_loss":0,"event_name":"Back to Basics","floor":21,"gold_loss":0},{"damage_healed":0,"gold_gain":0,"player_choice":"Gave Potion","damage_taken":0,"relics_obtained":["CaptainsWheel"],"max_hp_gain":0,"max_hp_loss":0,"event_name":"WeMeetAgain","floor":27,"gold_loss":0},{"damage_healed":0,"gold_gain":0,"player_choice":"Memory 1","damage_taken":0,"max_hp_gain":0,"max_hp_loss":0,"event_name":"SensoryStone","floor":38,"gold_loss":0},{"damage_healed":0,"gold_gain":0,"player_choice":"Embrace Madness","damage_taken":10,"max_hp_gain":0,"max_hp_loss":0,"event_name":"Winding Halls","floor":39,"gold_loss":0,"cards_obtained":["Madness","Madness"]}],"is_beta":false,"boss_relics":[{"not_picked":["Pandora\u0027s Box","SlaversCollar"],"picked":"WristBlade"},{"not_picked":["hubris:Spice","Astrolabe"],"picked":"Busted Crown"}],"items_purged_floors":[30,46],"is_endless":false,"potions_floor_spawned":[1,12,26,31,32,33,35,41,43,47],"killed_by":"Time Eater","ascension_level":13}}