{"host":"yvb207ks1sg3cxef","time":1611759052,"event":{"mods":["2.2 Compatiblity","BaseMod","Bestiary","Colored Powertips","Minty Spire (QoL Compilation)","Permanent Neow","Quick Restart","Relic Stats","StSLib"],"gold_per_floor":[359,369,386,240,259,294,294,294,294,294,306,306,336,353,353,449,449,464,483,332,347,43,43,78,78,101,101,119,119,119],"floor_reached":29,"language":"ENG","playtime":1195,"items_purged":["Strike_B","FTL"],"score":319,"play_id":"2dc977b2-cbda-40b1-8484-ff9c595abb95","local_time":"20210127202052","is_ascension_mode":true,"campfire_choices":[{"data":"Zap","floor":7,"key":"SMITH"},{"data":"Capacitor","floor":12,"key":"SMITH"},{"data":"Hello World","floor":15,"key":"SMITH"},{"data":"Machine Learning","floor":23,"key":"SMITH"},{"data":"Self Repair","floor":25,"key":"SMITH"},{"data":"Seek","floor":27,"key":"SMITH"}],"circlet_count":0,"master_deck":["Zap+1","Dualcast","Hello World+1","Ball Lightning","Defragment+1","Conserve Battery","Auto Shields","Capacitor+1","All For One","Loop","Machine Learning+1","Glacier","Rainbow","Tempest","Seek+1","Capacitor+1","Self Repair+1","Force Field"],"relics":["Cracked Core","Art of War","Whetstone","StrikeDummy","Pandora\u0027s Box","PreservedInsect","DollysMirror","Strawberry","Pen Nib"],"acts_visited":["Exordium","TheCity"],"potions_floor_usage":[6,16,24,29,29,29],"damage_taken":[{"damage":2,"enemies":"Jaw Worm","floor":1,"turns":4},{"damage":0,"enemies":"Small Slimes","floor":2,"turns":3},{"damage":0,"enemies":"Cultist","floor":3,"turns":3},{"damage":20,"enemies":"2 Fungi Beasts","floor":5,"turns":4},{"damage":29,"enemies":"Gremlin Nob","floor":6,"turns":5},{"damage":0,"enemies":"Looter","floor":11,"turns":2},{"damage":5,"enemies":"Lagavulin","floor":13,"turns":5},{"damage":0,"enemies":"3 Louse","floor":14,"turns":4},{"damage":18,"enemies":"Slime Boss","floor":16,"turns":5},{"damage":0,"enemies":"Spheric Guardian","floor":18,"turns":5},{"damage":4,"enemies":"2 Thieves","floor":19,"turns":4},{"damage":2,"enemies":"Centurion and Healer","floor":21,"turns":6},{"damage":36,"enemies":"Slavers","floor":24,"turns":7},{"damage":14,"enemies":"Snecko","floor":28,"turns":7},{"damage":16,"enemies":"Snake Plant","floor":29,"turns":1}],"seed_played":"-6521100325533301332","potions_obtained":[{"floor":1,"key":"Regen Potion"},{"floor":2,"key":"Strength Potion"},{"floor":6,"key":"Strength Potion"},{"floor":13,"key":"AttackPotion"},{"floor":28,"key":"SteroidPotion"}],"is_trial":false,"path_per_floor":["M","M","M","$","M","E","R","?","T","?","M","R","E","M","R","B",null,"M","M","$","M","$","R","E","R","T","R","M","M"],"character_chosen":"DEFECT","items_purchased":["Defragment","PreservedInsect","DollysMirror","Block Potion"],"campfire_rested":0,"item_purchase_floors":[4,20,22,22],"current_hp_per_floor":[66,66,66,66,46,31,31,31,31,31,31,31,26,26,26,8,53,53,49,49,47,47,47,18,18,18,18,14,0,0],"gold":119,"neow_bonus":"TWO_FIFTY_GOLD","is_daily":false,"chose_seed":false,"campfire_upgraded":6,"win_rate":0.0,"timestamp":1611759052,"path_taken":["M","M","M","$","M","E","R","?","T","?","M","R","E","?","R","BOSS","M","M","$","M","$","R","E","R","T","R","M","M"],"items_purchased_type":["Card","Relic","Relic","Potion"],"build_version":"2020-12-22","purchased_purges":2,"victory":false,"max_hp_per_floor":[68,68,68,68,68,68,68,68,68,68,68,68,68,68,68,68,68,68,68,68,68,68,68,75,75,75,75,75,75,75],"relic_stats":{"counters":[15,65],"Pandora\u0027s Box":["Loop","Machine Learning","Glacier","FTL","Rainbow","Tempest","Seek"],"PreservedInsect":40,"Pen Nib":[0],"Art of War":[21],"Whetstone":["Strike_B","Strike_B"],"obtain_stats":[{"DollysMirror":22,"Strawberry":24,"Pandora\u0027s Box":17,"PreservedInsect":20,"Pen Nib":26,"Art of War":6,"Whetstone":9,"Cracked Core":0,"StrikeDummy":13},{"DollysMirror":12,"Strawberry":13,"Pandora\u0027s Box":9,"PreservedInsect":11,"Pen Nib":13,"Art of War":5,"Whetstone":5,"Cracked Core":0,"StrikeDummy":7},{"DollysMirror":50,"Strawberry":57,"Pandora\u0027s Box":35,"PreservedInsect":44,"Pen Nib":57,"Art of War":19,"Whetstone":19,"Cracked Core":0,"StrikeDummy":26}]},"card_choices":[{"not_picked":["Double Energy","Turbo"],"picked":"Hello World","floor":1},{"not_picked":["Leap","Static Discharge"],"picked":"Ball Lightning","floor":2},{"not_picked":["Sweeping Beam","Hello World","Coolheaded"],"picked":"SKIP","floor":3},{"not_picked":["Steam","Gash"],"picked":"Conserve Battery","floor":5},{"not_picked":["Ball Lightning","Multi-Cast"],"picked":"Auto Shields","floor":6},{"not_picked":["Turbo","Steam"],"picked":"Capacitor","floor":11},{"not_picked":["Rebound","Leap","Scrape"],"picked":"SKIP","floor":13},{"not_picked":["Cold Snap","Stack","Beam Cell"],"picked":"SKIP","floor":14},{"not_picked":["Hyperbeam","Thunder Strike"],"picked":"All For One","floor":16},{"not_picked":["Turbo","Lockon","Scrape"],"picked":"SKIP","floor":18},{"not_picked":["Barrage","Darkness","Stack"],"picked":"SKIP","floor":19},{"not_picked":["Redo","Sunder","Ball Lightning"],"picked":"SKIP","floor":21},{"not_picked":["Barrage","Turbo"],"picked":"Self Repair","floor":24},{"not_picked":["Ball Lightning","Stack+1"],"picked":"Force Field","floor":28}],"player_experience":487257,"relics_obtained":[{"floor":6,"key":"Art of War"},{"floor":9,"key":"Whetstone"},{"floor":13,"key":"StrikeDummy"},{"floor":24,"key":"Strawberry"},{"floor":26,"key":"Pen Nib"}],"event_choices":[{"damage_healed":0,"gold_gain":0,"player_choice":"Grow","damage_taken":0,"max_hp_gain":0,"max_hp_loss":0,"event_name":"Living Wall","floor":8,"gold_loss":0,"cards_upgraded":["Defragment"]},{"damage_healed":0,"gold_gain":0,"player_choice":"Ignored","damage_taken":0,"max_hp_gain":0,"max_hp_loss":0,"event_name":"Liars Game","floor":10,"gold_loss":0}],"is_beta":false,"boss_relics":[{"not_picked":["Tiny House","Cursed Key"],"picked":"Pandora\u0027s Box"}],"items_purged_floors":[4,22],"is_endless":false,"potions_floor_spawned":[1,2,6,13,14,28],"killed_by":"Snake Plant","ascension_level":5}}