{"host":"jumrmhf584hajrnz","time":1611752240,"event":{"mods":["BaseMod","Duelist Mod","GifTheSpireLib","Minty Spire (QoL Compilation)","Quick Restart","StSLib"],"gold_per_floor":[144,158,169,169,181,207,207,240,265,265,285,303,17,0,0,74,74,91,71,89,0,46,74,74,105,105,205,219,59,59,59,59,135,135,153,165,176,176,224,224,198,198,221,8,43,43,69,69,69,69,69,69,69,29,29,29],"floor_reached":55,"language":"ENG","playtime":4147,"items_purged":["theDuelist:PsiCurse"],"score":1913,"play_id":"b09c40ea-f0f5-4198-86e6-31890fc6916e","local_time":"20210127135720","is_ascension_mode":true,"campfire_choices":[{"floor":7,"key":"REST"},{"floor":10,"key":"REST"},{"floor":15,"key":"RECALL"},{"floor":24,"key":"REST"},{"data":"1","floor":30,"key":"LIFT"},{"floor":32,"key":"REST"},{"floor":40,"key":"REST"},{"data":"2","floor":42,"key":"LIFT"},{"floor":49,"key":"REST"},{"floor":53,"key":"REST"}],"circlet_count":0,"master_deck":["AscendersBane","theDuelist:CastleWalls","theDuelist:CastleWalls","theDuelist:DarkMagician","theDuelist:MysticalElf","theDuelist:MysticalElf","theDuelist:NeoMagic","theDuelist:NeoMagic","theDuelist:Sparks","theDuelist:Sparks","theDuelist:Sparks","theDuelist:WeepingIdol","theDuelist:GoblinSecret","theDuelist:Yami","theDuelist:SangaEarth","theDuelist:InfernoFireBlast","theDuelist:InfernoFireBlast+1","theDuelist:GhostrickYukiOnna","theDuelist:GhostrickYukiOnna","theDuelist:LegendaryFlameLord","theDuelist:ThousandEyesRestrict","theDuelist:KamionTimelord","theDuelist:FrontierWiseman","theDuelist:GoblinSecret","theDuelist:WitchBlackRose","theDuelist:MillenniumGolem+1","theDuelist:DunamesDarkWitch","theDuelist:BloodSparks+1","theDuelist:ThousandEyesRestrict","theDuelist:MagiciansRod+1","theDuelist:SpellcasterMetronome+1","theDuelist:KamionTimelord","theDuelist:Graverobber+1","theDuelist:InjectionFairy","theDuelist:PowerKaishin","theDuelist:BigFire+1","theDuelist:TributeDoomed"],"relics":["theDuelist:MillenniumPuzzle","theDuelist:CardPoolRelic","theDuelist:CardPoolBasicRelic","theDuelist:BoosterPackPoolRelic","theDuelist:CardPoolAddRelic","theDuelist:CardPoolMinusRelic","theDuelist:CardPoolSaveRelic","theDuelist:CardPoolOptionsRelic","Red Skull","Blood Vial","Happy Flower","Cables","Fusion Hammer","Blood Vial","Lantern","theDuelist:WhiteBowlRelic","Question Card","Girya","StrikeDummy","Vajra","Cursed Key","CaptainsWheel","Smiling Mask","HandDrill","Toy Ornithopter","theDuelist:InversionRelic"],"acts_visited":["Exordium","TheCity","TheBeyond","TheEnding"],"potions_floor_usage":[25,28,36,39,47],"damage_taken":[{"damage":7,"enemies":"2 Louse","floor":1,"turns":3},{"damage":0,"enemies":"Cultist","floor":2,"turns":4},{"damage":3,"enemies":"Jaw Worm","floor":3,"turns":6},{"damage":27,"enemies":"Exordium Thugs","floor":5,"turns":6},{"damage":4,"enemies":"Lagavulin","floor":6,"turns":9},{"damage":8,"enemies":"3 Sentries","floor":8,"turns":7},{"damage":0,"enemies":"Blue Slaver","floor":11,"turns":2},{"damage":0,"enemies":"Looter","floor":12,"turns":3},{"damage":43,"enemies":"The Guardian","floor":16,"turns":11},{"damage":17,"enemies":"2 Thieves","floor":18,"turns":4},{"damage":1,"enemies":"Spheric Guardian","floor":20,"turns":3},{"damage":15,"enemies":"theDuelist:KaibaA2","floor":23,"turns":4},{"damage":24,"enemies":"Book of Stabbing","floor":25,"turns":4},{"damage":6,"enemies":"Colosseum Slavers","floor":27,"turns":2},{"damage":2,"enemies":"Colosseum Nobs","floor":27,"turns":2},{"damage":0,"enemies":"3 Cultists","floor":28,"turns":4},{"damage":1,"enemies":"Champ","floor":33,"turns":8},{"damage":7,"enemies":"3 Shapes","floor":35,"turns":2},{"damage":0,"enemies":"Orb Walker","floor":36,"turns":2},{"damage":18,"enemies":"4 Shapes","floor":37,"turns":4},{"damage":41,"enemies":"2 Orb Walkers","floor":39,"turns":4},{"damage":4,"enemies":"Giant Head","floor":45,"turns":8},{"damage":21,"enemies":"Nemesis","floor":47,"turns":5},{"damage":44,"enemies":"Time Eater","floor":50,"turns":9},{"damage":33,"enemies":"Awakened One","floor":51,"turns":11},{"damage":86,"enemies":"Shield and Spear","floor":55,"turns":3}],"seed_played":"2445685073079176314","potions_obtained":[{"floor":5,"key":"SmokeBomb"},{"floor":6,"key":"DuplicationPotion"},{"floor":16,"key":"AttackPotion"},{"floor":27,"key":"theDuelist:TokenPotion"},{"floor":28,"key":"AttackPotion"},{"floor":39,"key":"Strength Potion"},{"floor":45,"key":"Swift Potion"}],"is_trial":false,"path_per_floor":["M","M","M","?","M","E","R","E","T","R","M","M","$","?","R","B",null,"M","?","M","?","T","E","R","E","T","?","M","$","R","$","R","B",null,"M","M","M","?","?","R","$","R","T","$","E","?","E","?","R","B","B",null,"R","$","E"],"character_chosen":"THE_DUELIST","items_purchased":["Cables","Vajra","theDuelist:InjectionFairy","HandDrill","theDuelist:TributeDoomed"],"campfire_rested":7,"item_purchase_floors":[13,29,41,44,54],"current_hp_per_floor":[56,56,53,53,26,22,43,35,35,56,58,60,60,60,60,19,57,46,46,47,47,47,36,58,38,38,38,42,42,42,42,64,67,72,71,75,64,64,31,56,56,56,56,56,60,60,52,52,76,46,25,68,82,82,0,0],"gold":29,"neow_bonus":"RANDOM_COLORLESS","is_daily":false,"chose_seed":false,"campfire_upgraded":0,"win_rate":0.0,"timestamp":1611752240,"path_taken":["M","M","M","?","M","E","R","E","T","R","M","?","?","?","R","BOSS","M","?","?","?","?","E","R","E","T","?","M","$","R","?","R","BOSS","M","M","M","?","?","R","$","R","T","$","E","?","E","?","R","BOSS","BOSS","R","$","E"],"items_purchased_type":["Relic","Relic","Card","Relic","Card"],"build_version":"2020-12-22","purchased_purges":1,"victory":false,"max_hp_per_floor":[70,70,70,70,70,70,70,70,70,70,70,70,70,70,70,70,70,74,74,74,74,74,74,74,74,74,74,74,74,74,74,74,74,74,78,78,82,82,86,86,86,86,86,86,86,82,82,82,82,82,82,82,82,82,82,82],"card_choices":[{"not_picked":["theDuelist:GraniteLoyalist","theDuelist:GauntletWarrior"],"picked":"theDuelist:WeepingIdol","floor":0},{"not_picked":["theDuelist:WhiteHowling","theDuelist:BadReaction","theDuelist:WonderWand"],"picked":"theDuelist:GoblinSecret","floor":1},{"not_picked":["theDuelist:MagiciansRobe","theDuelist:InariFire","theDuelist:StatueAnguishPattern","theDuelist:VoidVanishment"],"picked":"theDuelist:Yami","floor":2},{"not_picked":["theDuelist:NeoMagic","theDuelist:DarkMagician","theDuelist:ThousandEyesIdol","theDuelist:AncientElf"],"picked":"theDuelist:SangaEarth","floor":3},{"not_picked":["theDuelist:NeoMagic","theDuelist:WhiteMagicalHat","theDuelist:BlueDragonSummoner","theDuelist:PowerKaishin"],"picked":"theDuelist:InfernoFireBlast","floor":5},{"not_picked":["theDuelist:CombinationAttack+1","theDuelist:CharcoalInpachi","theDuelist:SilentDoom+1","theDuelist:ApprenticeIllusionMagician"],"picked":"theDuelist:InfernoFireBlast+1","floor":6},{"not_picked":["theDuelist:SpellShatteringArrow","theDuelist:DunamesDarkWitch","theDuelist:Eva","theDuelist:Relinquished"],"picked":"theDuelist:GhostrickYukiOnna","floor":8},{"not_picked":["theDuelist:BlizzardWarrior","theDuelist:GeminiElf","theDuelist:ThousandEyesIdol","theDuelist:BreakDraw"],"picked":"theDuelist:GhostrickYukiOnna","floor":11},{"not_picked":["theDuelist:CombinationAttack","theDuelist:BlizzardWarrior","theDuelist:NeoMagic","theDuelist:DarkMagician"],"picked":"theDuelist:LegendaryFlameLord","floor":12},{"not_picked":["theDuelist:DunamesDarkWitch","theDuelist:Eva","theDuelist:IrisEarthMother","theDuelist:RainbowMagician"],"picked":"theDuelist:KamionTimelord","floor":16},{"not_picked":["theDuelist:BlackPendant","theDuelist:PotDichotomy+1","theDuelist:PreventRat","theDuelist:BattleOx"],"picked":"theDuelist:FrontierWiseman","floor":18},{"not_picked":["theDuelist:WhiteHowling","theDuelist:MagiciansRobe","theDuelist:Yami","theDuelist:MindAir"],"picked":"theDuelist:GoblinSecret","floor":20},{"not_picked":["theDuelist:SpellcasterMetronome","theDuelist:Mudballman+1","theDuelist:WhiteMagicalHat","theDuelist:FlyingSaucer"],"picked":"theDuelist:WitchBlackRose","floor":23},{"not_picked":["theDuelist:GauntletWarrior","theDuelist:DokiDoki+1","theDuelist:DarkFactory","theDuelist:GolemSentry"],"picked":"theDuelist:MillenniumGolem+1","floor":25},{"not_picked":["theDuelist:BlizzardWarrior+1","theDuelist:FlyingSaucer","theDuelist:CombinationAttack","theDuelist:ContractExodia"],"picked":"theDuelist:DunamesDarkWitch","floor":27},{"not_picked":["theDuelist:Wildfire","theDuelist:FogKing"],"picked":"theDuelist:BloodSparks+1","floor":28},{"not_picked":["theDuelist:ExodiaNecross","theDuelist:ExodiaHead","theDuelist:GrandSpellbookTower","theDuelist:SwordsBurning"],"picked":"theDuelist:ThousandEyesRestrict","floor":33},{"not_picked":["theDuelist:WhiteHowling+1","theDuelist:StatueAnguishPattern+1","theDuelist:Yami+1"],"picked":"theDuelist:MagiciansRod+1","floor":35},{"not_picked":["theDuelist:NeoMagic","theDuelist:LordD","theDuelist:AncientElf","theDuelist:BlizzardWarrior"],"picked":"theDuelist:SpellcasterMetronome+1","floor":36},{"not_picked":["theDuelist:DunamesDarkWitch","theDuelist:Eva+1","theDuelist:RainbowDarkDragon+1","theDuelist:RainbowMagician"],"picked":"theDuelist:KamionTimelord","floor":37},{"not_picked":["theDuelist:WhiteHowling","theDuelist:StatueAnguishPattern","theDuelist:DarkHorizon+1","theDuelist:AltarTribute"],"picked":"theDuelist:Graverobber+1","floor":39},{"not_picked":["theDuelist:CombinationAttack","theDuelist:SpellShatteringArrow","theDuelist:CallAtlanteans+1","theDuelist:DiffusionWaveMotion+1"],"picked":"theDuelist:PowerKaishin","floor":45},{"not_picked":["theDuelist:ClearKuriboh+1","theDuelist:EvilswarmHeliotrope+1","theDuelist:MudGolem","theDuelist:HammerShot"],"picked":"theDuelist:BigFire+1","floor":47}],"player_experience":1591800,"relics_obtained":[{"floor":6,"key":"Red Skull"},{"floor":8,"key":"Blood Vial"},{"floor":9,"key":"Happy Flower"},{"floor":23,"key":"Lantern"},{"floor":25,"key":"theDuelist:WhiteBowlRelic"},{"floor":26,"key":"Question Card"},{"floor":27,"key":"Girya"},{"floor":27,"key":"StrikeDummy"},{"floor":39,"key":"CaptainsWheel"},{"floor":43,"key":"Smiling Mask"},{"floor":45,"key":"Toy Ornithopter"},{"floor":47,"key":"theDuelist:InversionRelic"}],"event_choices":[{"damage_healed":0,"gold_gain":0,"player_choice":"Leave","duelist":true,"damage_taken":0,"max_hp_gain":0,"max_hp_loss":0,"event_name":"Visit from Anubis","floor":4,"gold_loss":0},{"damage_healed":0,"gold_gain":0,"player_choice":"Purchased Thousand Eyes Restrict for 17 Gold.","duelist":true,"damage_taken":0,"max_hp_gain":0,"max_hp_loss":0,"event_name":"Card Trader","floor":14,"gold_loss":0},{"damage_healed":0,"gold_gain":0,"player_choice":"Bought 1 Potion","damage_taken":0,"max_hp_gain":0,"max_hp_loss":0,"event_name":"The Woman in Blue","floor":19,"gold_loss":0},{"damage_healed":0,"gold_gain":0,"player_choice":"Duplicated Relic - Blood Vial","duelist":true,"damage_taken":0,"max_hp_gain":0,"max_hp_loss":0,"event_name":"Relic Duplicator","floor":21,"gold_loss":0},{"damage_healed":0,"gold_gain":0,"player_choice":"Fight","damage_taken":0,"max_hp_gain":0,"max_hp_loss":0,"event_name":"Colosseum","floor":27,"gold_loss":0},{"damage_healed":0,"gold_gain":0,"player_choice":"Fought Nobs","damage_taken":0,"max_hp_gain":0,"max_hp_loss":0,"event_name":"Colosseum","floor":27,"gold_loss":0},{"damage_healed":0,"gold_gain":0,"player_choice":"Ignored","damage_taken":0,"max_hp_gain":0,"max_hp_loss":0,"event_name":"Tomb of Lord Red Mask","floor":38,"gold_loss":0},{"damage_healed":0,"gold_gain":0,"player_choice":"Fight","damage_taken":0,"max_hp_gain":0,"max_hp_loss":0,"event_name":"Mysterious Sphere","floor":39,"gold_loss":0},{"damage_healed":0,"gold_gain":0,"player_choice":"Max HP","damage_taken":0,"max_hp_gain":0,"max_hp_loss":4,"event_name":"Winding Halls","floor":46,"gold_loss":0},{"total_magic_score":95,"gold_gain":0,"duelist":true,"damage_taken":0,"relics_obtained":[],"points":2,"max_hp_gain":0,"max_hp_loss":0,"spent_points":{"magic":0,"greed":0,"war":0,"power":0,"hunger":2},"event_name":"Nameless Tomb","floor":48,"gold_loss":0,"cards_obtained":[]}],"is_beta":false,"boss_relics":[{"not_picked":["Sozu","Black Star"],"picked":"Fusion Hammer"},{"not_picked":["Runic Pyramid","Runic Cube"],"picked":"Cursed Key"}],"items_purged_floors":[44],"is_endless":false,"potions_floor_spawned":[5,6,16,27,27,28,39,45,47],"killed_by":"Shield and Spear","ascension_level":20}}