{"host":"ydg0vn0pu4pubmdt","time":1611737000,"event":{"mods":["AchievementEnabler","BaseMod","Colored Map","Gold Saver","Minty Spire (QoL Compilation)","Quick Restart","SuperFastMode"],"gold_per_floor":[490,505,393,408,483,497,497,514,541,570,570,570,433,285,285,390,390,407,407,332,182,199,199,219,219,219,219,44,44,59,74,74,175,175,187,198,212,230,30,46,46,46,69,69,85,99,99,117,117,117],"floor_reached":51,"language":"KOR","playtime":1515,"items_purged":["Strike_P","Defend_P","Strike_P","Strike_P","Defend_P","Conclude"],"score":676,"play_id":"6343b43f-b644-4f62-9087-8e2094c0ae48","local_time":"20210127174320","is_ascension_mode":false,"campfire_choices":[{"data":"Eruption","floor":11.0,"key":"SMITH"},{"floor":15.0,"key":"REST"},{"data":"Adaptation","floor":23.0,"key":"SMITH"},{"data":"MentalFortress","floor":27.0,"key":"SMITH"},{"data":"CrushJoints","floor":29.0,"key":"SMITH"},{"data":"Tantrum","floor":32.0,"key":"SMITH"},{"data":"Scrawl","floor":41.0,"key":"SMITH"},{"data":"Adaptation","floor":49,"key":"SMITH"}],"circlet_count":0,"master_deck":["Strike_P+1","Defend_P","Eruption+1","Vigilance+1","FlurryOfBlows","CrushJoints+1","InnerPeace","MentalFortress+1","Tantrum+1","EmptyBody","Adaptation+1","Scrawl","Adaptation+1","Scrawl+1"],"relics":["Sozu"],"acts_visited":["Exordium","TheCity","TheBeyond"],"potions_floor_usage":[],"damage_taken":[{"damage":3.0,"enemies":"Jaw Worm","floor":1.0,"turns":2.0},{"damage":3.0,"enemies":"2 Louse","floor":2.0,"turns":2.0},{"damage":0.0,"enemies":"Small Slimes","floor":4.0,"turns":2.0},{"damage":0.0,"enemies":"2 Fungi Beasts","floor":6.0,"turns":3.0},{"damage":0.0,"enemies":"Exordium Wildlife","floor":8.0,"turns":3.0},{"damage":10.0,"enemies":"Gremlin Nob","floor":10.0,"turns":3.0},{"damage":35.0,"enemies":"The Guardian","floor":16.0,"turns":13.0},{"damage":0.0,"enemies":"Spheric Guardian","floor":18.0,"turns":3.0},{"damage":12.0,"enemies":"Shell Parasite","floor":22.0,"turns":4.0},{"damage":5.0,"enemies":"Snake Plant","floor":24.0,"turns":3.0},{"damage":2.0,"enemies":"Centurion and Healer","floor":30.0,"turns":4.0},{"damage":0.0,"enemies":"Snecko","floor":31.0,"turns":2.0},{"damage":33.0,"enemies":"Collector","floor":33.0,"turns":8.0},{"damage":2.0,"enemies":"3 Shapes","floor":35.0,"turns":3.0},{"damage":3.0,"enemies":"Orb Walker","floor":36.0,"turns":2.0},{"damage":34.0,"enemies":"Transient","floor":37.0,"turns":5.0},{"damage":5.0,"enemies":"3 Darklings","floor":38.0,"turns":2.0},{"damage":0.0,"enemies":"Jaw Worm Horde","floor":40.0,"turns":2.0},{"damage":0.0,"enemies":"Writhing Mass","floor":45.0,"turns":2.0},{"damage":16,"enemies":"4 Shapes","floor":46,"turns":4},{"damage":1,"enemies":"3 Darklings","floor":48,"turns":3},{"damage":9,"enemies":"Awakened One","floor":50,"turns":3}],"seed_played":"5984221867903728880","potions_obtained":[],"is_trial":false,"path_per_floor":["M","M","$","M","?","M","?","M","T","E","R","?","$","$","R","B",null,"M","?","?","$","M","R","M","?","T","R","$","R","M","M","R","B",null,"M","M","M","M","$","M","R","?","T","?","M","M","?","M","R","B",null],"character_chosen":"WATCHER","items_purchased":["Conclude","Tantrum","EmptyBody"],"campfire_rested":1,"item_purchase_floors":[3,13,14],"current_hp_per_floor":[69,66,66,66,55,55,41,41,41,31,31,31,31,31,52,17,72,72,72,72,72,60,60,55,42,42,42,42,42,40,40,40,7,77,75,72,38,33,33,33,33,33,33,67,67,51,51,50,50,41],"gold":117,"neow_bonus":"BOSS_RELIC","is_daily":false,"chose_seed":false,"campfire_upgraded":7,"win_rate":0.0,"timestamp":1611737000,"path_taken":["M","M","$","M","?","M","?","M","T","E","R","?","?","$","R","BOSS","M","?","?","$","M","R","M","?","T","R","$","R","M","M","R","BOSS","M","M","M","M","$","M","R","?","T","?","M","M","?","M","R","BOSS"],"items_purchased_type":["Card","Card","Card"],"build_version":"2020-12-22","purchased_purges":6,"victory":true,"max_hp_per_floor":[72,72,72,72,72,72,72,72,72,72,72,72,72,72,72,72,72,72,72,72,72,72,72,72,77,77,77,77,77,77,77,77,77,77,77,77,77,77,77,77,77,77,77,67,67,67,64,64,64,64],"card_choices":[{"not_picked":["PathToVictory","ClearTheMind"],"picked":"FlurryOfBlows","floor":1.0},{"not_picked":["DeceiveReality","Consecrate"],"picked":"CrushJoints","floor":2.0},{"not_picked":["JustLucky","ThirdEye","FlyingSleeves"],"picked":"SKIP","floor":4.0},{"not_picked":["FollowUp","ClearTheMind"],"picked":"InnerPeace","floor":6.0},{"not_picked":["BowlingBash","BattleHymn"],"picked":"MentalFortress","floor":8.0},{"not_picked":["FlurryOfBlows","Collect","TalkToTheHand"],"picked":"SKIP","floor":10.0},{"not_picked":["Consecrate","PathToVictory","Vengeance"],"picked":"SKIP","floor":18.0},{"not_picked":["CarveReality","CutThroughFate+1","Sanctity"],"picked":"SKIP","floor":22.0},{"not_picked":["EmptyBody","FollowUp","WreathOfFlame"],"picked":"SKIP","floor":24.0},{"not_picked":["EmptyBody","FollowUp","WreathOfFlame"],"picked":"SKIP","floor":24.0},{"not_picked":["Crescendo+1","Conclude","ThirdEye"],"picked":"SKIP","floor":30.0},{"not_picked":["EmptyFist","Consecrate","Nirvana"],"picked":"SKIP","floor":31.0},{"not_picked":["Devotion","Establishment"],"picked":"Scrawl","floor":33.0},{"not_picked":["Wireheading","Evaluate+1"],"picked":"Adaptation","floor":35.0},{"not_picked":["Halt+1","Evaluate+1","BattleHymn"],"picked":"SKIP","floor":36.0},{"not_picked":["FearNoEvil","FlurryOfBlows","Weave+1"],"picked":"SKIP","floor":37.0},{"not_picked":["InnerPeace","Conclude","FlurryOfBlows"],"picked":"SKIP","floor":38.0},{"not_picked":["EmptyFist+1","EmptyBody"],"picked":"Scrawl","floor":40.0},{"not_picked":["BowlingBash+1","ThirdEye+1","EmptyBody+1"],"picked":"SKIP","floor":45.0},{"not_picked":["MentalFortress","Adaptation+1","CarveReality"],"picked":"SKIP","floor":46},{"not_picked":["EmptyBody+1","WheelKick","CrushJoints"],"picked":"SKIP","floor":48}],"player_experience":599561,"relics_obtained":[],"event_choices":[{"damage_healed":0.0,"max_hp_gain":0.0,"max_hp_loss":0.0,"gold_gain":75.0,"event_name":"World of Goop","player_choice":"Gather Gold","floor":5.0,"gold_loss":0.0,"damage_taken":11.0},{"damage_healed":0.0,"max_hp_gain":0.0,"max_hp_loss":0.0,"gold_gain":0.0,"event_name":"Shining Light","player_choice":"Entered Light","floor":7.0,"gold_loss":0.0,"damage_taken":14.0,"cards_upgraded":["Strike_P","Vigilance"]},{"damage_healed":0.0,"max_hp_gain":0.0,"max_hp_loss":0.0,"gold_gain":0.0,"event_name":"Scrap Ooze","player_choice":"Fled","floor":12.0,"gold_loss":0.0,"damage_taken":0.0},{"damage_healed":0.0,"max_hp_gain":0.0,"max_hp_loss":0.0,"gold_gain":0.0,"event_name":"The Library","player_choice":"Read","floor":19.0,"gold_loss":0.0,"damage_taken":0.0,"cards_obtained":["Adaptation"]},{"cards_removed":["Defend_P"],"damage_healed":0.0,"max_hp_gain":0.0,"max_hp_loss":0.0,"gold_gain":0.0,"event_name":"Beggar","player_choice":"Gave Gold","floor":20.0,"gold_loss":75.0,"damage_taken":0.0},{"damage_healed":0.0,"max_hp_gain":5.0,"max_hp_loss":0.0,"gold_gain":0.0,"event_name":"Forgotten Altar","player_choice":"Shed Blood","floor":25.0,"gold_loss":0.0,"damage_taken":18.0},{"damage_healed":0.0,"max_hp_gain":0.0,"max_hp_loss":0.0,"gold_gain":0.0,"event_name":"Mysterious Sphere","player_choice":"Ignored","floor":42.0,"gold_loss":0.0,"damage_taken":0.0},{"damage_healed":67.0,"max_hp_gain":0.0,"max_hp_loss":10.0,"gold_gain":0.0,"event_name":"The Moai Head","player_choice":"Heal","floor":44.0,"gold_loss":0.0,"damage_taken":0.0},{"damage_healed":0,"gold_gain":0,"player_choice":"Max HP","damage_taken":0,"max_hp_gain":0,"max_hp_loss":3,"event_name":"Winding Halls","floor":47,"gold_loss":0}],"is_beta":false,"boss_relics":[{"not_picked":["VioletLotus","Calling Bell","Snecko Eye"]},{"not_picked":["Cursed Key","Coffee Dripper","Busted Crown"]}],"items_purged_floors":[3,13,14,21,28,39],"is_endless":false,"potions_floor_spawned":[1,6,10,16,24,30,37,38,45],"ascension_level":0}}