{"host":"sp1f3sybb350mzsh","time":1611708567,"event":{"mods":["AchievementEnabler","BaseMod","Bestiary","Colored Map","Colored Powertips","Filter the Spire","Minty Spire (QoL Compilation)","Puzzle Mod","Relic Stats","StSLib"],"gold_per_floor":[109,109,129,142,37,64,64,64,88,88,111,127,170,186,186,186,186],"floor_reached":16,"language":"ENG","playtime":842,"items_purged":[],"score":112,"play_id":"0005e626-b7b4-4faa-b201-7c7f57dfbcd7","local_time":"20210126184927","is_ascension_mode":false,"campfire_choices":[{"data":"Biased Cognition","floor":7,"key":"SMITH"},{"data":"Glacier","floor":15,"key":"SMITH"}],"circlet_count":0,"master_deck":["Strike_B","Strike_B","Strike_B","Defend_B","Defend_B","Defend_B","Defend_B","Zap","Dualcast","Machine Learning","Turbo","Biased Cognition+1","Redo","Defragment","Ball Lightning","Tempest","Turbo","Glacier+1"],"relics":["Cracked Core","Bag of Preparation","Matryoshka","Golden Idol","Symbiotic Virus","Akabeko","Turnip"],"acts_visited":["Exordium"],"potions_floor_usage":[6,6,13,13,16],"damage_taken":[{"damage":5,"enemies":"Small Slimes","floor":1,"turns":3},{"damage":4,"enemies":"2 Louse","floor":3,"turns":3},{"damage":0,"enemies":"Jaw Worm","floor":4,"turns":3},{"damage":3,"enemies":"Gremlin Nob","floor":6,"turns":4},{"damage":0,"enemies":"2 Fungi Beasts","floor":11,"turns":3},{"damage":16,"enemies":"Lots of Slimes","floor":12,"turns":3},{"damage":8,"enemies":"Lagavulin","floor":13,"turns":3},{"damage":6,"enemies":"Exordium Wildlife","floor":14,"turns":3},{"damage":42,"enemies":"The Guardian","floor":16,"turns":12}],"seed_played":"9086744662104499134","potions_obtained":[{"floor":1,"key":"DistilledChaos"},{"floor":4,"key":"Block Potion"},{"floor":13,"key":"Explosive Potion"},{"floor":14,"key":"DuplicationPotion"}],"is_trial":false,"path_per_floor":["M","?","M","M","$","E","R","?","T","?","M","M","E","M","R","B"],"character_chosen":"DEFECT","items_purchased":["EntropicBrew"],"campfire_rested":0,"item_purchase_floors":[5],"current_hp_per_floor":[63,45,41,41,41,38,38,38,38,38,38,22,14,8,8,0,0],"gold":186,"neow_bonus":"THREE_RARE_CARDS","is_daily":false,"chose_seed":false,"campfire_upgraded":2,"win_rate":0.0,"timestamp":1611708567,"path_taken":["M","?","M","M","$","E","R","?","T","?","?","M","E","M","R","BOSS"],"items_purchased_type":["Potion"],"build_version":"2020-12-22","purchased_purges":0,"victory":false,"max_hp_per_floor":[68,68,68,68,68,68,68,63,63,63,63,63,63,63,63,63,63],"relic_stats":{"counters":[9,37],"Golden Idol":20,"Turnip":[2],"Bag of Preparation":[16],"obtain_stats":[{"Matryoshka":6,"Golden Idol":8,"Turnip":13,"Bag of Preparation":2,"Cracked Core":0,"Symbiotic Virus":9,"Akabeko":9},{"Matryoshka":4,"Golden Idol":4,"Turnip":7,"Bag of Preparation":1,"Cracked Core":0,"Symbiotic Virus":4,"Akabeko":4},{"Matryoshka":13,"Golden Idol":13,"Turnip":22,"Bag of Preparation":3,"Cracked Core":0,"Symbiotic Virus":13,"Akabeko":13}]},"card_choices":[{"not_picked":["Multi-Cast","All For One"],"picked":"Machine Learning","floor":0},{"not_picked":["Steam Power","Coolheaded","Reinforced Body"],"picked":"SKIP","floor":1},{"not_picked":["Stack","Redo"],"picked":"Turbo","floor":3},{"not_picked":["Streamline","Cold Snap"],"picked":"Biased Cognition","floor":4},{"not_picked":["Compile Driver","Hologram"],"picked":"Redo","floor":6},{"not_picked":["Compile Driver","Redo"],"picked":"Ball Lightning","floor":11},{"not_picked":["Gash","Conserve Battery"],"picked":"Tempest","floor":12},{"not_picked":["All For One","Hologram"],"picked":"Turbo","floor":13},{"not_picked":["Hologram","Barrage"],"picked":"Glacier","floor":14}],"player_experience":129366,"relics_obtained":[{"floor":6,"key":"Matryoshka"},{"floor":9,"key":"Symbiotic Virus"},{"floor":9,"key":"Akabeko"},{"floor":13,"key":"Turnip"}],"event_choices":[{"damage_healed":0,"gold_gain":0,"player_choice":"Success","damage_taken":18,"relics_obtained":["Bag of Preparation"],"max_hp_gain":0,"max_hp_loss":0,"event_name":"Scrap Ooze","floor":2,"gold_loss":0},{"damage_healed":0,"gold_gain":0,"player_choice":"Lose Max HP","damage_taken":0,"relics_obtained":["Golden Idol"],"max_hp_gain":0,"max_hp_loss":5,"event_name":"Golden Idol","floor":8,"gold_loss":0},{"damage_healed":0,"gold_gain":0,"cards_transformed":["Strike_B"],"player_choice":"Change","damage_taken":0,"max_hp_gain":0,"max_hp_loss":0,"event_name":"Living Wall","floor":10,"gold_loss":0,"cards_obtained":["Defragment"]}],"is_beta":false,"boss_relics":[],"items_purged_floors":[],"is_endless":false,"potions_floor_spawned":[1,4,13,14],"killed_by":"The Guardian","ascension_level":0}}