{"host":"Troy","time":1611785328,"event":{"mods":["BaseMod","Colored Map","Highlight Path","Minty Spire (QoL Compilation)","Permanent Neow"],"gold_per_floor":[20,20,20,45,68,111,111,145,197,217,217,241,241,166,166,255,255,255,205,36,36,36,36,56,89,114,134,164,179,179,208,208,208,208],"floor_reached":33,"language":"ENG","playtime":1901,"items_purged":[],"score":622,"play_id":"e0794dcb-ef09-4b97-b1d9-35d617670394","local_time":"20210127170848","is_ascension_mode":true,"campfire_choices":[{"floor":7.0,"key":"REST"},{"floor":11.0,"key":"REST"},{"data":"Bouncing Flask","floor":15.0,"key":"SMITH"},{"data":"Venomology","floor":23,"key":"SMITH"},{"floor":32,"key":"REST"}],"circlet_count":0,"master_deck":["AscendersBane","Defend_G","Defend_G","Defend_G","Defend_G","Survivor","Neutralize+1","All Out Attack","Blade Dance+1","Terror","Bouncing Flask+1","Venomology+1","Blade Dance","Phantasmal Killer+1","Blur+1","Calculated Gamble+1","Crippling Poison+1","Heel Hook","Flechettes","Acrobatics","Calculated Gamble"],"relics":["Ring of the Snake","Bloody Idol","Blue Candle","Regal Pillow","Juzu Bracelet","Bag of Marbles","Astrolabe","TwistedFunnel","Pantograph","Bag of Preparation","Omamori","Enchiridion","Smiling Mask"],"acts_visited":["Exordium","TheCity"],"potions_floor_usage":[24,25,25,27,28,28,28,31,31,31,33],"damage_taken":[{"damage":1.0,"enemies":"Small Slimes","floor":1.0,"turns":5.0},{"damage":21.0,"enemies":"Jaw Worm","floor":4.0,"turns":6.0},{"damage":0.0,"enemies":"Cultist","floor":5.0,"turns":3.0},{"damage":8.0,"enemies":"Lagavulin","floor":6.0,"turns":5.0},{"damage":26.0,"enemies":"Gremlin Nob","floor":8.0,"turns":4.0},{"damage":2.0,"enemies":"2 Fungi Beasts","floor":10.0,"turns":2.0},{"damage":21.0,"enemies":"The Guardian","floor":16.0,"turns":8.0},{"damage":0.0,"enemies":"2 Thieves","floor":18.0,"turns":1.0},{"damage":15,"enemies":"Chosen","floor":24,"turns":4},{"damage":8,"enemies":"Gremlin Leader","floor":25,"turns":5},{"damage":8,"enemies":"Sentry and Sphere","floor":27,"turns":4},{"damage":32,"enemies":"Book of Stabbing","floor":28,"turns":4},{"damage":2,"enemies":"Centurion and Healer","floor":29,"turns":4},{"damage":11,"enemies":"Gremlin Leader","floor":31,"turns":3},{"damage":63,"enemies":"Automaton","floor":33,"turns":8}],"seed_played":"359954607170044181","potions_obtained":[{"floor":4.0,"key":"SmokeBomb"},{"floor":5.0,"key":"Dexterity Potion"},{"floor":16.0,"key":"Weak Potion"},{"floor":25,"key":"Regen Potion"},{"floor":27,"key":"DuplicationPotion"},{"floor":28,"key":"FearPotion"},{"floor":31,"key":"Regen Potion"}],"is_trial":false,"path_per_floor":["M","?","T","M","M","E","R","E","T","M","R","T","?","?","R","B",null,"M","?","$","?","?","R","M","E","T","M","E","M","?","E","R","B"],"character_chosen":"THE_SILENT","items_purchased":["TwistedFunnel"],"campfire_rested":3,"item_purchase_floors":[20],"current_hp_per_floor":[58,58,58,37,37,29,60,34,34,32,60,60,42,42,42,21,50,50,50,50,50,60,60,50,47,52,49,36,39,18,12,45,0,0],"gold":208,"neow_bonus":"REMOVE_TWO","is_daily":false,"chose_seed":false,"campfire_upgraded":2,"win_rate":0.0,"timestamp":1611785328,"path_taken":["M","?","?","M","M","E","R","E","T","M","R","?","?","?","R","BOSS","M","?","$","?","?","R","M","E","T","M","E","M","?","E","R","BOSS"],"items_purchased_type":["Relic"],"build_version":"2020-12-18","purchased_purges":0,"victory":false,"max_hp_per_floor":[66,60,60,60,60,60,60,60,60,60,60,60,60,60,60,60,60,60,60,60,60,60,60,60,60,60,60,60,60,60,60,60,60,60],"card_choices":[{"not_picked":["Deflect","Acrobatics"],"picked":"All Out Attack","floor":1.0},{"not_picked":["Escape Plan","PiercingWail"],"picked":"Blade Dance","floor":4.0},{"not_picked":["Expertise","Concentrate"],"picked":"Terror","floor":5.0},{"not_picked":["Dagger Spray","Slice"],"picked":"Bouncing Flask","floor":6.0},{"not_picked":["Deflect","Deadly Poison"],"picked":"Venomology","floor":8.0},{"not_picked":["Choke","Expertise"],"picked":"Blade Dance","floor":10.0},{"not_picked":["A Thousand Cuts","Bullet Time"],"picked":"Phantasmal Killer","floor":16.0},{"not_picked":["Finisher","Flying Knee+1","Prepared"],"picked":"SKIP","floor":24},{"not_picked":["Deflect","Dagger Throw+1"],"picked":"Heel Hook","floor":25},{"not_picked":["Outmaneuver","Poisoned Stab"],"picked":"Flechettes","floor":27},{"not_picked":["Skewer","Setup","Dodge and Roll"],"picked":"SKIP","floor":28},{"not_picked":["Prepared","Tactician"],"picked":"Acrobatics","floor":29},{"not_picked":["PiercingWail+1","Slice"],"picked":"Calculated Gamble","floor":31}],"player_experience":4081660,"relics_obtained":[{"floor":3.0,"key":"Blue Candle"},{"floor":6.0,"key":"Regal Pillow"},{"floor":8.0,"key":"Juzu Bracelet"},{"floor":12.0,"key":"Bag of Marbles"},{"floor":25,"key":"Pantograph"},{"floor":26,"key":"Bag of Preparation"},{"floor":28,"key":"Omamori"},{"floor":30,"key":"Enchiridion"},{"floor":31,"key":"Smiling Mask"}],"event_choices":[{"damage_healed":0.0,"max_hp_gain":0.0,"max_hp_loss":6.0,"gold_gain":0.0,"event_name":"Golden Idol","player_choice":"Lose Max HP","floor":2.0,"gold_loss":0.0,"damage_taken":0.0,"relics_obtained":["Golden Idol"]},{"damage_healed":0.0,"max_hp_gain":0.0,"max_hp_loss":0.0,"gold_gain":0.0,"event_name":"Shining Light","player_choice":"Entered Light","floor":13.0,"gold_loss":0.0,"damage_taken":18.0,"cards_upgraded":["Neutralize","Blade Dance"]},{"cards_removed":["Strike_G"],"damage_healed":0.0,"max_hp_gain":0.0,"max_hp_loss":0.0,"gold_gain":0.0,"event_name":"The Cleric","player_choice":"Card Removal","floor":14.0,"gold_loss":75.0,"damage_taken":0.0},{"damage_healed":0,"gold_gain":0,"player_choice":"Upgrade","damage_taken":0,"max_hp_gain":0,"max_hp_loss":0,"event_name":"Designer","floor":19,"gold_loss":50,"cards_upgraded":["Phantasmal Killer"]},{"damage_healed":0,"gold_gain":0,"player_choice":"Gave Idol","damage_taken":0,"relics_obtained":["Bloody Idol"],"max_hp_gain":0,"max_hp_loss":0,"event_name":"Forgotten Altar","floor":21,"relics_lost":["Golden Idol"],"gold_loss":0},{"damage_healed":10,"gold_gain":0,"player_choice":"Full Heal","damage_taken":0,"max_hp_gain":0,"max_hp_loss":0,"event_name":"Wheel of Change","floor":22,"gold_loss":0},{"damage_healed":0,"gold_gain":0,"player_choice":"Obtained Book","damage_taken":21,"max_hp_gain":0,"max_hp_loss":0,"event_name":"Cursed Tome","floor":30,"gold_loss":0}],"is_beta":true,"boss_relics":[{"not_picked":["Tiny House","Calling Bell"],"picked":"Astrolabe"}],"items_purged_floors":[],"is_endless":false,"potions_floor_spawned":[4,5,16,25,27,28,31],"killed_by":"Automaton","ascension_level":20}}