{"host":"i9wanet4r0ff4t9y","time":1611753904,"event":{"mods":["2.2 Compatiblity","Act Like it!","BaseMod","Bestiary","Better Altar","Better Match","Better Note","Better Sensory Stone","Better Skull","Better Third Choice","Better Vampires","BetterRewards","CapriCore","Colored Map","Curses Come First","Downfall","Hubris","Minty Spire (QoL Compilation)","Quick Restart","READ ME - Guardian Mod","READ ME - Snecko Mod","Relic Stats","Say the Spire","Spicy Shops","StSLib","The Disciple","The Poker Player","Waifu the Spire"],"gold_per_floor":[116,81,72,88,98,98,127,127,127,145,173,173,173,193,193,268,268,279,46,46,56,56,90,90,121,146,160,180,180,180],"floor_reached":29,"language":"POL","playtime":2872,"items_purged":["Noxious Fumes+1"],"score":741,"play_id":"43a3d08c-e6f5-4453-bf39-6646790ad05a","local_time":"20210127142504","is_ascension_mode":true,"campfire_choices":[{"data":"Apotheosis","floor":6,"key":"SMITH"},{"floor":8,"key":"REST"},{"floor":13,"key":"REST"},{"data":"Jack Of All Trades","floor":15,"key":"SMITH"},{"data":"Blade Dance","floor":24,"key":"SMITH"}],"circlet_count":0,"master_deck":["AscendersBane","Noxious Fumes+1","Defend_G","Defend_G","Defend_G","Defend_G","Defend_G","Survivor","Neutralize","Apotheosis+1","Cloak And Dagger","Footwork+1","Sucker Punch","Cloak And Dagger","Jack Of All Trades+1","Cloak And Dagger","Blade Dance+1","Deadly Poison","Blade Dance","Noxious Fumes+1","Footwork","Burst","Finisher","Clumsy","Deflect","Slimebound:Tackle+1","Slimebound:Tackle+1","Slimebound:Tackle+1","Quick Slash","Bane","Infinite Blades","Cloak And Dagger+1","Poisoned Stab"],"relics":["Ring of the Snake","hubris:EmptyBottle","Sundial","Blue Candle","hubris:Metronome","SacredBark","Bottled Tornado","hubris:HerbalPaste","Regal Pillow","Lantern","hexamod:BolsterEngine"],"acts_visited":["Exordium","TheCity"],"potions_floor_usage":[10,11,11,14,16,16,23,23,28,29],"damage_taken":[{"damage":0,"enemies":"Small Slimes","floor":1,"turns":3},{"damage":4,"enemies":"Jaw Worm","floor":4,"turns":5},{"damage":10,"enemies":"Cultist","floor":5,"turns":5},{"damage":18,"enemies":"3 Sentries","floor":7,"turns":7},{"damage":6,"enemies":"Exordium Thugs","floor":10,"turns":5},{"damage":0,"enemies":"Lagavulin","floor":11,"turns":5},{"damage":1,"enemies":"Blue Slaver","floor":14,"turns":4},{"damage":10,"enemies":"Hexaghost","floor":16,"turns":8},{"damage":45,"enemies":"Chosen","floor":18,"turns":7},{"damage":14,"enemies":"3 Byrds","floor":21,"turns":4},{"damage":20,"enemies":"Slavers","floor":23,"turns":7},{"damage":30,"enemies":"Gremlin Leader","floor":25,"turns":8},{"damage":15,"enemies":"3 Cultists","floor":27,"turns":5},{"damage":19,"enemies":"Centurion and Healer","floor":28,"turns":5},{"damage":10,"enemies":"Book of Stabbing","floor":29,"turns":4}],"seed_played":"-3711673327941440260","potions_obtained":[{"floor":7,"key":"Slimebound:ThreeZeroPotion"},{"floor":10,"key":"Block Potion"},{"floor":11,"key":"Regen Potion"},{"floor":21,"key":"EssenceOfSteel"},{"floor":27,"key":"Block Potion"}],"is_trial":false,"path_per_floor":["M","?","$","M","M","R","E","R","T","M","E","?","R","M","R","B",null,"M","$","?","M","?","E","R","E","T","M","M","E"],"character_chosen":"THE_SILENT","items_purchased":["Apotheosis","hubris:EmptyBottle","Cloak And Dagger","Footwork","Sucker Punch","Jack Of All Trades","Bottled Tornado","Deflect","hubris:HerbalPaste"],"campfire_rested":2,"item_purchase_floors":[0,0,0,0,0,3,19,19,19],"current_hp_per_floor":[39,55,55,51,41,41,23,42,42,36,36,16,35,34,34,66,66,21,21,21,13,66,49,49,25,25,16,3,0,0],"gold":180,"neow_bonus":"","is_daily":false,"chose_seed":false,"campfire_upgraded":3,"win_rate":0.0,"timestamp":1611753904,"path_taken":["M","?","?","M","?","R","E","R","T","M","E","?","R","M","R","BOSS","M","$","?","M","?","E","R","E","T","?","M","E"],"items_purchased_type":["Card","Relic","Card","Card","Card","Card","Relic","Card","Relic"],"build_version":"2020-12-22","purchased_purges":1,"victory":false,"max_hp_per_floor":[66,66,66,66,66,66,66,66,66,66,66,66,66,66,66,66,66,66,66,66,66,66,66,66,66,66,66,66,66,66],"relic_stats":{"Regal Pillow":0,"counters":[149,723],"Sundial":[4],"Blue Candle":[0],"obtain_stats":[{"TwistedFunnel":11,"Spirit Poop":29,"Whetstone":0,"Bottled Tornado":19,"Boot":0,"Sling":11,"Blood Vial":0,"hubris:HerbalPaste":19,"Sundial":7,"MealTicket":0,"HandDrill":0,"Kunai":12,"hubris:TinFlute":10,"Pear":23,"Blue Candle":54,"Eternal Feather":26,"Paper Crane":40,"Akabeko":41,"hubris:BottledHeart":22,"Bird Faced Urn":25,"hubris:TenFootPole":11,"StrikeDummy":23,"Unceasing Top":28,"Regal Pillow":9,"Lantern":0,"hubris:Metronome":11,"Singing Bowl":0,"Torii":43,"Bag of Preparation":27,"hubris:EmptyBottle":0,"Ancient Tea Set":11,"Cursed Key":34,"Matryoshka":6,"Shovel":19,"Ninja Scroll":11,"Toolbox":41,"Chemical X":11,"InkBottle":6,"Ring of the Snake":0,"Potion Belt":0,"The Specimen":0,"Golden Idol":2,"betterThird:NestCultRelic":28,"PreservedInsect":0,"The Courier":6,"Frozen Egg 2":41,"MawBank":27,"sneckomod:BabySnecko":22,"Ornamental Fan":20,"betterThird:SlimedRelic":5,"Orrery":0,"Bottled Lightning":7,"hexamod:BolsterEngine":42,"Toy Ornithopter":12,"CeramicFish":9,"Vajra":21,"HoveringKite":34,"hubris:VirtuousBlindfold":17,"Lizard Tail":17,"HornCleat":11,"Strawberry":0,"Philosopher\u0027s Stone":17,"Prayer Wheel":9,"Girya":0,"Happy Flower":10,"hubris:DuctTape":11,"Oddly Smooth Stone":53,"War Paint":0,"Question Card":9,"Shuriken":9,"Bronze Scales":9,"Nloth\u0027s Gift":20,"Black Star":17,"bronze:MakeshiftBattery":17,"Meat on the Bone":21,"Darkstone Periapt":0,"SacredBark":17,"Enchiridion":25,"Mango":30,"Snake Skull":9,"Juzu Bracelet":47,"Incense Burner":41,"Dream Catcher":17,"Nunchaku":26,"Tough Bandages":38,"hubris:Icosahedron":14,"Mummified Hand":13,"Tiny Chest":11,"hubris:DisguiseKit":19,"Orichalcum":0,"White Beast Statue":26,"Calling Bell":17,"Cauldron":21,"Strange Spoon":31,"Anchor":24,"hubris:BundleOfHerbs":26,"Bag of Marbles":0,"Membership Card":0},{"TwistedFunnel":126,"Spirit Poop":39,"Whetstone":99,"Bottled Tornado":143,"Boot":26,"Sling":30,"Blood Vial":88,"hubris:HerbalPaste":143,"Sundial":138,"MealTicket":119,"HandDrill":26,"Kunai":30,"hubris:TinFlute":126,"Pear":75,"Blue Candle":49,"Eternal Feather":16,"Paper Crane":45,"Akabeko":45,"hubris:BottledHeart":129,"Bird Faced Urn":62,"hubris:TenFootPole":126,"StrikeDummy":61,"Unceasing Top":77,"Regal Pillow":10,"Lantern":26,"hubris:Metronome":140,"Singing Bowl":50,"Torii":85,"Bag of Preparation":38,"hubris:EmptyBottle":134,"Ancient Tea Set":24,"Cursed Key":80,"Matryoshka":6,"Shovel":97,"Ninja Scroll":54,"Toolbox":45,"Chemical X":94,"InkBottle":92,"Ring of the Snake":0,"Potion Belt":64,"The Specimen":26,"Golden Idol":27,"betterThird:NestCultRelic":16,"PreservedInsect":19,"The Courier":53,"Frozen Egg 2":45,"MawBank":116,"sneckomod:BabySnecko":16,"Ornamental Fan":97,"betterThird:SlimedRelic":109,"Orrery":64,"Bottled Lightning":10,"hexamod:BolsterEngine":85,"Toy Ornithopter":25,"CeramicFish":24,"Vajra":35,"HoveringKite":41,"hubris:VirtuousBlindfold":127,"Lizard Tail":71,"HornCleat":69,"Strawberry":50,"Philosopher\u0027s Stone":14,"Prayer Wheel":104,"Girya":50,"Happy Flower":11,"hubris:DuctTape":112,"Oddly Smooth Stone":48,"War Paint":88,"Question Card":6,"Shuriken":30,"Bronze Scales":6,"Nloth\u0027s Gift":59,"Black Star":96,"bronze:MakeshiftBattery":57,"Meat on the Bone":97,"Darkstone Periapt":26,"SacredBark":142,"Enchiridion":75,"Mango":63,"Snake Skull":111,"Juzu Bracelet":47,"Incense Burner":85,"Dream Catcher":71,"Nunchaku":75,"Tough Bandages":83,"hubris:Icosahedron":126,"Mummified Hand":112,"Tiny Chest":30,"hubris:DisguiseKit":128,"Orichalcum":7,"White Beast Statue":37,"Calling Bell":71,"Cauldron":16,"Strange Spoon":79,"Anchor":36,"hubris:BundleOfHerbs":116,"Bag of Marbles":50,"Membership Card":88},{"TwistedFunnel":597,"Spirit Poop":174,"Whetstone":458,"Bottled Tornado":690,"Boot":121,"Sling":135,"Blood Vial":411,"hubris:HerbalPaste":690,"Sundial":661,"MealTicket":569,"HandDrill":121,"Kunai":135,"hubris:TinFlute":597,"Pear":344,"Blue Candle":226,"Eternal Feather":72,"Paper Crane":206,"Akabeko":206,"hubris:BottledHeart":615,"Bird Faced Urn":284,"hubris:TenFootPole":597,"StrikeDummy":278,"Unceasing Top":352,"Regal Pillow":41,"Lantern":121,"hubris:Metronome":671,"Singing Bowl":235,"Torii":393,"Bag of Preparation":171,"hubris:EmptyBottle":641,"Ancient Tea Set":102,"Cursed Key":369,"Matryoshka":24,"Shovel":450,"Ninja Scroll":245,"Toolbox":206,"Chemical X":433,"InkBottle":427,"Ring of the Snake":0,"Potion Belt":300,"The Specimen":121,"Golden Idol":124,"betterThird:NestCultRelic":72,"PreservedInsect":89,"The Courier":244,"Frozen Egg 2":206,"MawBank":551,"sneckomod:BabySnecko":72,"Ornamental Fan":450,"betterThird:SlimedRelic":507,"Orrery":300,"Bottled Lightning":41,"hexamod:BolsterEngine":393,"Toy Ornithopter":105,"CeramicFish":102,"Vajra":160,"HoveringKite":184,"hubris:VirtuousBlindfold":605,"Lizard Tail":324,"HornCleat":317,"Strawberry":235,"Philosopher\u0027s Stone":64,"Prayer Wheel":486,"Girya":235,"Happy Flower":49,"hubris:DuctTape":523,"Oddly Smooth Stone":221,"War Paint":411,"Question Card":24,"Shuriken":135,"Bronze Scales":24,"Nloth\u0027s Gift":266,"Black Star":446,"bronze:MakeshiftBattery":259,"Meat on the Bone":450,"Darkstone Periapt":121,"SacredBark":683,"Enchiridion":344,"Mango":288,"Snake Skull":516,"Juzu Bracelet":215,"Incense Burner":393,"Dream Catcher":324,"Nunchaku":344,"Tough Bandages":383,"hubris:Icosahedron":597,"Mummified Hand":523,"Tiny Chest":135,"hubris:DisguiseKit":609,"Orichalcum":28,"White Beast Statue":166,"Calling Bell":324,"Cauldron":72,"Strange Spoon":359,"Anchor":164,"hubris:BundleOfHerbs":551,"Bag of Marbles":235,"Membership Card":411}],"Ring of the Snake":[283]},"card_choices":[{"not_picked":["Dagger Throw","PiercingWail"],"picked":"Cloak And Dagger","floor":1},{"not_picked":["hubris:TrickCloak","Sucker Punch"],"picked":"Cloak And Dagger","floor":4},{"not_picked":["Underhanded Strike","Slice"],"picked":"Blade Dance","floor":5},{"not_picked":["Prepared","Quick Slash"],"picked":"Deadly Poison","floor":7},{"not_picked":["Distraction","Reflex"],"picked":"Blade Dance","floor":10},{"not_picked":["Deflect","Tools of the Trade"],"picked":"Noxious Fumes","floor":11},{"not_picked":["Backflip","Poisoned Stab"],"picked":"Footwork","floor":14},{"not_picked":["Doppelganger","Storm of Steel"],"picked":"Burst","floor":16},{"not_picked":["Deadly Poison","Flying Knee"],"picked":"Finisher","floor":18},{"not_picked":["Prepared+1","Wraith Form v2"],"picked":"Quick Slash","floor":21},{"not_picked":["hubris:Sniper","Acrobatics"],"picked":"Bane","floor":23},{"not_picked":["Terror","Poisoned Stab"],"picked":"Infinite Blades","floor":25},{"not_picked":["Poisoned Stab","Eviscerate"],"picked":"Cloak And Dagger+1","floor":27},{"not_picked":["Underhanded Strike","Deadly Poison"],"picked":"Poisoned Stab","floor":28}],"player_experience":449251,"relics_obtained":[{"floor":7,"key":"Sundial"},{"floor":9,"key":"Blue Candle"},{"floor":11,"key":"hubris:Metronome"},{"floor":23,"key":"Regal Pillow"},{"floor":25,"key":"Lantern"},{"floor":26,"key":"hexamod:BolsterEngine"}],"event_choices":[{"damage_healed":16,"gold_gain":0,"player_choice":"Healed","damage_taken":0,"max_hp_gain":0,"max_hp_loss":0,"event_name":"The Cleric","floor":2,"gold_loss":35},{"damage_healed":36,"gold_gain":0,"player_choice":"Upgrade","damage_taken":20,"max_hp_gain":0,"max_hp_loss":66,"event_name":"betterThird:BetterShining","floor":12,"gold_loss":0,"cards_upgraded":["Footwork","Noxious Fumes"]},{"damage_healed":53,"gold_gain":0,"player_choice":"Full Heal","damage_taken":0,"max_hp_gain":0,"max_hp_loss":0,"event_name":"Wheel of Change","floor":22,"gold_loss":0}],"is_beta":false,"boss_relics":[{"not_picked":["Velvet Choker","Ring of the Serpent"],"picked":"SacredBark"}],"items_purged_floors":[0],"is_endless":false,"potions_floor_spawned":[7,10,11,21,27],"killed_by":"Book of Stabbing","ascension_level":16}}