{"host":"vumwfieg2b2mnrfl","time":1611784675,"event":{"mods":["AchievementEnabler","BaseMod","Minty Spire (QoL Compilation)","Rare Cards Sparkle","Relic Stats"],"gold_per_floor":[366,291,291,150,160,192,202,202,253,253,287,287,162,217,217,217,217],"floor_reached":16,"language":"ENG","playtime":447,"items_purged":["Strike_R","Strike_R","Defend_R"],"score":201,"play_id":"3c9e8542-05ec-4029-a741-65b89000f558","local_time":"20210127155755","is_ascension_mode":true,"campfire_choices":[{"floor":8,"key":"REST"},{"data":"Bash","floor":10,"key":"SMITH"},{"data":"1","floor":15,"key":"LIFT"}],"circlet_count":0,"master_deck":["AscendersBane","Strike_R","Strike_R","Strike_R","Defend_R","Defend_R","Defend_R","Bash+1","Heavy Blade","Flame Barrier","Heavy Blade","Sword Boomerang","Evolve","Rampage","Impervious"],"relics":["Burning Blood","Vajra","Eternal Feather","Smiling Mask","Incense Burner","Mango","Girya"],"acts_visited":["Exordium"],"potions_floor_usage":[14,16],"damage_taken":[{"damage":9,"enemies":"Jaw Worm","floor":1,"turns":4},{"damage":5,"enemies":"Small Slimes","floor":5,"turns":4},{"damage":56,"enemies":"Gremlin Nob","floor":6,"turns":5},{"damage":1,"enemies":"2 Louse","floor":7,"turns":3},{"damage":30,"enemies":"Lagavulin","floor":11,"turns":5},{"damage":20,"enemies":"3 Sentries","floor":14,"turns":4},{"damage":40,"enemies":"Slime Boss","floor":16,"turns":9}],"seed_played":"-344800790707840139","potions_obtained":[{"floor":1,"key":"SmokeBomb"},{"floor":5,"key":"PowerPotion"},{"floor":14,"key":"GamblersBrew"}],"is_trial":false,"path_per_floor":["M","$","?","$","M","E","M","R","T","R","E","T","$","?","R","B"],"character_chosen":"IRONCLAD","items_purchased":["Flame Barrier","Rampage"],"campfire_rested":1,"item_purchase_floors":[4,13],"current_hp_per_floor":[65,65,60,60,61,11,16,42,42,48,24,38,38,24,33,0,0],"gold":217,"neow_bonus":"TWO_FIFTY_GOLD","is_daily":false,"chose_seed":false,"campfire_upgraded":1,"win_rate":0.0,"timestamp":1611784675,"path_taken":["M","$","?","$","M","E","M","R","T","R","E","?","$","?","R","BOSS"],"items_purchased_type":["Card","Card"],"build_version":"2020-12-22","purchased_purges":3,"victory":false,"max_hp_per_floor":[68,68,68,68,68,68,68,68,68,68,68,82,82,82,82,82,82],"relic_stats":{"counters":[7,34],"Eternal Feather":21,"Smiling Mask":75,"obtain_stats":[{"Girya":14,"Vajra":3,"Eternal Feather":6,"Mango":12,"Incense Burner":11,"Smiling Mask":9,"Burning Blood":0},{"Girya":6,"Vajra":1,"Eternal Feather":3,"Mango":5,"Incense Burner":5,"Smiling Mask":4,"Burning Blood":0},{"Girya":25,"Vajra":4,"Eternal Feather":13,"Mango":21,"Incense Burner":21,"Smiling Mask":16,"Burning Blood":0}],"Burning Blood":36},"card_choices":[{"not_picked":["Intimidate","Infernal Blade"],"picked":"Heavy Blade","floor":1},{"not_picked":["Reckless Charge","Warcry"],"picked":"Heavy Blade","floor":5},{"not_picked":["Flex","Pommel Strike","Heavy Blade"],"picked":"SKIP","floor":6},{"not_picked":["Thunderclap","Dropkick"],"picked":"Sword Boomerang","floor":7},{"not_picked":["Wild Strike","Flex"],"picked":"Evolve","floor":11},{"not_picked":["Thunderclap","Pummel"],"picked":"Impervious","floor":14}],"player_experience":476140,"relics_obtained":[{"floor":6,"key":"Eternal Feather"},{"floor":9,"key":"Smiling Mask"},{"floor":11,"key":"Incense Burner"},{"floor":12,"key":"Mango"},{"floor":14,"key":"Girya"}],"event_choices":[{"damage_healed":0,"gold_gain":0,"player_choice":"Success","damage_taken":5,"relics_obtained":["Vajra"],"max_hp_gain":0,"max_hp_loss":0,"event_name":"Scrap Ooze","floor":3,"gold_loss":0},{"damage_healed":0,"gold_gain":0,"player_choice":"Searched \u00271\u0027 times","damage_taken":0,"max_hp_gain":0,"max_hp_loss":0,"event_name":"Dead Adventurer","floor":14,"gold_loss":0}],"is_beta":false,"boss_relics":[],"items_purged_floors":[2,4,13],"is_endless":false,"potions_floor_spawned":[1,5,14],"killed_by":"Slime Boss","ascension_level":18}}