{"host":"m4pe905ae9bldoe7","time":1611737505,"event":{"mods":["BaseMod","Bestiary","Block Reminder","Downfall","Minty Spire (QoL Compilation)","StSLib"],"gold_per_floor":[99,112,212,231,250,350,420,420,420,106,106,117,117,133,147,250,250,250,267,267,278,292,307,307,67,67,83,95,95,95,120,138,240,240,240,258,277,16,211,237,263,263,277,277,288,288,303,322,335,335],"floor_reached":51,"language":"ENG","playtime":6685,"items_purged":["Slimebound:Defend_Slimebound","Slimebound:Tackle","Slimebound:ForwardTackle","Slimebound:Defend_Slimebound"],"score":770,"play_id":"180f36c5-cabe-4b44-84b2-800fa6338e9d","local_time":"20210127095145","is_ascension_mode":false,"campfire_choices":[{"data":"Slimebound:Split","floor":1,"key":"SMITH"},{"floor":8,"key":"REST"},{"data":"Slimebound:MassFeed","floor":11,"key":"SMITH"},{"floor":13,"key":"REST"},{"data":"Slimebound:SlimeSlap","floor":18,"key":"SMITH"},{"data":"Slimebound:CorrosiveSpit","floor":29,"key":"SMITH"},{"floor":35,"key":"RECALL"},{"data":"Slimebound:DuplicatedForm","floor":44,"key":"SMITH"}],"circlet_count":0,"master_deck":["Slimebound:Defend_Slimebound","Slimebound:Defend_Slimebound","Slimebound:Split+1","Slimebound:CorrosiveSpit+1","Slimebound:SlimeSlap+1","Slimebound:LeadByExample+1","Slimebound:SamplingLick","Slimebound:GoopSpray","Slimebound:MassFeed+1","Slimebound:Repurpose","Slimebound:SamplingLick","Slimebound:Gluttony+1","Slimebound:LivingWall+1","Slimebound:AcidTongue+1","Slimebound:LeechLife","Slimebound:Dissolve","Slimebound:SamplingLick","expansioncontent:AwakenDeath+1","Slimebound:FormOfPuddle+1","Slimebound:HauntingLick","Slimebound:RejuvenatingLick+1","Slimebound:TongueLash+1","Slimebound:MegaLick","Slimebound:DuplicatedForm+1","Slimebound:AcidTongue+1","Slimebound:MegaLick","Parasite","Slimebound:SamplingLick","Slimebound:Schlurp"],"relics":["Slimebound:AbsorbEndCombatUpgraded","Runic Pyramid","Molten Egg 2","War Paint","Happy Flower","Red Mask","downfall:RedIOUUpgrade"],"acts_visited":["Exordium","TheCity","TheBeyond"],"potions_floor_usage":[16,33,50,50],"damage_taken":[{"damage":11,"enemies":"Jaw Worm","floor":2,"turns":3},{"damage":2,"enemies":"2 Louse","floor":4,"turns":3},{"damage":1,"enemies":"Cultist","floor":5,"turns":3},{"damage":71,"enemies":"downfall:Heads","floor":6,"turns":9},{"damage":3,"enemies":"downfall:FleeingMerchant","floor":10,"turns":4},{"damage":4,"enemies":"Red Slaver","floor":12,"turns":4},{"damage":7,"enemies":"3 Louse","floor":14,"turns":2},{"damage":12,"enemies":"Exordium Wildlife","floor":15,"turns":2},{"damage":13,"enemies":"SI_SHIV_ARCHETYPE","floor":16,"turns":5},{"damage":16,"enemies":"3 Byrds","floor":19,"turns":5},{"damage":3,"enemies":"Shell Parasite","floor":21,"turns":4},{"damage":21,"enemies":"Snake Plant","floor":22,"turns":4},{"damage":23,"enemies":"Shelled Parasite and Fungi","floor":23,"turns":4},{"damage":0,"enemies":"downfall:FleeingMerchant","floor":25,"turns":4},{"damage":61,"enemies":"3 Cultists","floor":27,"turns":7},{"damage":2,"enemies":"Cultist and Chosen","floor":28,"turns":7},{"damage":55,"enemies":"Slavers","floor":31,"turns":6},{"damage":28,"enemies":"Centurion and Healer","floor":32,"turns":5},{"damage":38,"enemies":"IC_MUSHROOM_ARCHETYPE","floor":33,"turns":7},{"damage":12,"enemies":"3 Darklings","floor":36,"turns":5},{"damage":77,"enemies":"Orb Walker","floor":37,"turns":8},{"damage":14,"enemies":"downfall:FleeingMerchant","floor":38,"turns":4},{"damage":0,"enemies":"downfall:FleeingMerchant","floor":39,"turns":3},{"damage":20,"enemies":"Giant Head","floor":40,"turns":7},{"damage":26,"enemies":"3 Darklings","floor":43,"turns":5},{"damage":43,"enemies":"Writhing Mass","floor":45,"turns":5},{"damage":50,"enemies":"Transient","floor":47,"turns":5},{"damage":64,"enemies":"4 Shapes","floor":48,"turns":9},{"damage":74,"enemies":"Sphere and 2 Shapes","floor":49,"turns":8},{"damage":46,"enemies":"WA_ARCHETYPE_DIVINITY","floor":50,"turns":9}],"seed_played":"-4334002798347191938","potions_obtained":[{"floor":12,"key":"Weak Potion"},{"floor":14,"key":"SkillPotion"},{"floor":15,"key":"Strength Potion"},{"floor":19,"key":"Fire Potion"},{"floor":33,"key":"Explosive Potion"},{"floor":36,"key":"FairyPotion"},{"floor":43,"key":"Slimebound:SpawnSlimePotion"}],"is_trial":false,"path_per_floor":["R","M","?","M","M","?","T","R","?","$","R","M","R","M","M","B",null,"R","M","?","M","M","M","T","$","?","M","M","R","?","E","M","B",null,"R","M","M","$","?","E","T","?","M","R","M","?","M","M","M","B",null],"character_chosen":"SLIMEBOUND","items_purchased":["Slimebound:MassFeed","Slimebound:Repurpose","Slimebound:SamplingLick","Slimebound:ViciousTackle+1","expansioncontent:AwakenDeath","Slimebound:MegaLick","Slimebound:SlimedPotion"],"campfire_rested":2,"item_purchase_floors":[10,10,10,25,25,38,38],"current_hp_per_floor":[71,64,64,66,71,8,8,29,29,34,34,40,62,73,75,66,95,95,95,95,100,87,111,111,113,113,108,116,116,116,119,128,112,147,147,151,151,151,155,159,159,159,163,163,163,163,163,167,167,145],"gold":335,"neow_bonus":"TEN_PERCENT_HP_BONUS","is_daily":false,"chose_seed":false,"campfire_upgraded":5,"win_rate":0.0,"timestamp":1611737505,"path_taken":["R","M","?","M","M","?","T","R","?","$","R","M","R","M","M","BOSS","R","M","?","?","M","M","T","$","?","M","M","R","?","E","M","BOSS","R","M","M","$","?","E","T","?","M","R","M","?","?","M","M","BOSS"],"items_purchased_type":["Card","Card","Card","Card","Card","Card","Potion"],"build_version":"2020-12-22","purchased_purges":4,"victory":true,"max_hp_per_floor":[71,71,71,71,71,71,71,71,71,71,71,75,75,87,95,95,95,95,103,103,107,111,119,119,119,119,127,131,131,131,139,147,147,147,147,151,151,151,155,159,159,159,163,163,163,163,163,167,175,175],"card_choices":[{"not_picked":["Slimebound:SplitLeeching","Slimebound:PressTheAttack"],"picked":"Slimebound:LeechEnergy","floor":2},{"not_picked":["Slimebound:Schlurp","Slimebound:LeechingTouch"],"picked":"Slimebound:SlimeSlap","floor":4},{"not_picked":["Slimebound:SplitBruiser","Slimebound:RejuvenatingLick"],"picked":"Slimebound:LeadByExample","floor":5},{"not_picked":["Slimebound:LeechingTouch","Slimebound:ComboTackle"],"picked":"Slimebound:SamplingLick","floor":6},{"not_picked":["Slimebound:Teamwork","Slimebound:SlimeBrawl"],"picked":"Slimebound:GoopSpray","floor":10},{"not_picked":["Slimebound:HauntingLick","Slimebound:BestDefense+1"],"picked":"Slimebound:Gluttony+1","floor":12},{"not_picked":["Slimebound:Grow+1","Slimebound:LeadByExample+1"],"picked":"Slimebound:LivingWall","floor":14},{"not_picked":["Slimebound:Prepare","Slimebound:Nibble"],"picked":"Slimebound:AcidTongue+1","floor":15},{"not_picked":["Slimebound:OneTwoCombo","Slimebound:RallyTheTroops"],"picked":"Slimebound:LeechLife","floor":16},{"not_picked":["Slimebound:GoopSpray+1","Slimebound:SplitMire"],"picked":"Slimebound:Dissolve","floor":19},{"not_picked":["Slimebound:ComboTackle","Slimebound:GrowthPunch","Slimebound:SlimeSpikes"],"picked":"SKIP","floor":21},{"not_picked":["Slimebound:DisruptingSlam","Slimebound:ItLooksTasty"],"picked":"Slimebound:SamplingLick","floor":22},{"not_picked":["Slimebound:Chomp","Slimebound:ForwardTackle"],"picked":"Slimebound:SpikyOuterGoop+1","floor":23},{"not_picked":["Slimebound:SpikyOuterGoop+1","Slimebound:ItLooksTasty+1","Slimebound:SplitLeeching"],"picked":"SKIP","floor":25},{"not_picked":["Slimebound:RollThrough+1","Slimebound:ItLooksTasty+1"],"picked":"Slimebound:FormOfPuddle","floor":27},{"not_picked":["Slimebound:LivingWall","Slimebound:LeechingTouch+1","Slimebound:Teamwork"],"picked":"SKIP","floor":28},{"not_picked":["Slimebound:LeechingTouch+1","Slimebound:PressTheAttack+1","Slimebound:PrepareCrush"],"picked":"SKIP","floor":31},{"not_picked":["Slimebound:SplitBruiser","Slimebound:ViciousTackle+1"],"picked":"Slimebound:HauntingLick","floor":32},{"not_picked":["Slimebound:Repurpose","Slimebound:RollThrough+1"],"picked":"Slimebound:RejuvenatingLick+1","floor":36},{"not_picked":["Slimebound:LeadByExample","Slimebound:PressTheAttack+1"],"picked":"Slimebound:TongueLash+1","floor":37},{"not_picked":["Slimebound:LeechEnergy+1","Slimebound:RallyTheTroops+1","Slimebound:LivingWall"],"picked":"SKIP","floor":38},{"not_picked":["Slimebound:ItLooksTasty+1","Slimebound:RejuvenatingLick+1"],"picked":"Slimebound:DuplicatedForm","floor":39},{"not_picked":["Slimebound:ForwardTackle+1","Slimebound:ProtectTheBoss"],"picked":"Slimebound:AcidTongue+1","floor":40},{"not_picked":["Slimebound:SplitBruiser","Slimebound:Dissolve+1"],"picked":"Slimebound:MegaLick","floor":43},{"not_picked":["Slimebound:SlimeBarrage+1","Slimebound:Gluttony","Slimebound:ForwardTackle+1"],"picked":"SKIP","floor":45},{"not_picked":["Slimebound:SplitMire+1","Slimebound:SplitBruiser+1"],"picked":"Slimebound:SamplingLick","floor":47},{"not_picked":["Slimebound:SplitMire","Slimebound:SplitAcid+1","Slimebound:GoopTackle+1"],"picked":"SKIP","floor":48},{"not_picked":["Slimebound:SplitMire+1","Slimebound:GoopSpray"],"picked":"Slimebound:Schlurp","floor":49}],"player_experience":480486,"relics_obtained":[{"floor":7,"key":"Frozen Egg 2"},{"floor":24,"key":"Molten Egg 2"},{"floor":31,"key":"War Paint"},{"floor":40,"key":"Happy Flower"}],"event_choices":[{"damage_healed":0,"gold_gain":0,"player_choice":"Ignored","damage_taken":0,"max_hp_gain":0,"max_hp_loss":0,"event_name":"Ghosts","floor":26,"gold_loss":0},{"cards_removed":["Slimebound:SpikyOuterGoop"],"damage_healed":0,"gold_gain":0,"player_choice":"Removed Power","damage_taken":0,"max_hp_gain":0,"max_hp_loss":0,"event_name":"Falling","floor":42,"gold_loss":0}],"is_beta":false,"boss_relics":[{"not_picked":["Fusion Hammer","Snecko Eye"],"picked":"Runic Pyramid"},{"not_picked":["SacredBark","Velvet Choker"],"picked":"Slimebound:AbsorbEndCombatUpgraded"}],"items_purged_floors":[10,25,38,39],"is_endless":false,"potions_floor_spawned":[12,14,15,19,22,32,33,36,37,43,47,49],"ascension_level":0}}