{"host":"4evnc443c98ww2zl","time":1611791628,"event":{"mods":["BaseMod","Better Third Choice","Hermit","Koishi","Luminous","Minty Spire (QoL Compilation)","Remilia??????","Robot Space Explorer","StSLib","The Administrix","The Bug Knight","The Cursed","TheSwordswoman"],"gold_per_floor":[117,137,137,149,161,161,195,195,195,211,243,243,283,81,81,210,210,228,228,228,241,166,166,209,209,209,243,286,325,349,30,30,159,159,174,199,199,220,244,244,283,283,359,395,395,409,453,476,476,476,476,476,32,73,73],"floor_reached":56,"language":"ENG","playtime":6034,"items_purged":[],"score":1558,"play_id":"0444d696-17ca-46eb-8b8d-72f9e331a6a6","local_time":"20210127175348","daily_mods":["SealedDeck","Diverse","Heirloom","DeadlyEvents","Elite Swarm"],"is_ascension_mode":false,"campfire_choices":[{"floor":6,"key":"RECALL"},{"data":"HollowMod:BaldurShell","floor":8,"key":"SMITH"},{"data":"A Thousand Cuts","floor":15,"key":"SMITH"},{"data":"Double Tap","floor":23,"key":"SMITH"},{"data":"Poisoned Stab","floor":25,"key":"SMITH"},{"data":"HollowMod:PureNailStrike","floor":32,"key":"SMITH"},{"data":"Flash of Steel","floor":40,"key":"SMITH"},{"data":"RobotSpaceExplorer:ChargingLaser","floor":42,"key":"SMITH"},{"data":"Go for the Eyes","floor":45,"key":"SMITH"},{"data":"RobotSpaceExplorer:ChargingLaser","floor":49,"key":"SMITH"},{"data":"AdministrixMod:CenturiesAscent","floor":52,"key":"SMITH"}],"circlet_count":0,"master_deck":["HollowMod:PureNailStrike+1","Poisoned Stab+1","EmptyBody","Cold Snap","HollowMod:CloakDash","AdministrixMod:CenturiesAscent+1","RobotSpaceExplorer:ScrapMissile","Dagger Spray","Luminous:Light_Glare","Go for the Eyes+1","AdministrixMod:LightOfYourLife","Double Tap+1","Cold Snap","HollowMod:HerrahsAnger+1","A Thousand Cuts+1","Luminous:Light_Glare","RobotSpaceExplorer:ChargingLaser+1","hermit:Dive+1","Phantasmal Killer+1","ConjureBlade+1","RobotSpaceExplorer:ChargingLaser+1","RobotSpaceExplorer:Ammunition+1","Panacea+1","PathToVictory+1","RobotSpaceExplorer:MiniBoosters+1","CrushJoints+1","Flash of Steel+1","Sentinel+1","FollowUp","hermit:Roulette","Disarm+1","Shame","Burst+1","MiserableFate+1","Rebound+1","Core Surge","FTL+1","Concentrate+1","TheCursedMod:NeowsMight+1"],"relics":["HollowMod:VesselMask","Torii","Meat on the Bone","Toxic Egg 2","TungstenRod","Golden Idol","Eternal Feather","Lee\u0027s Waffle","Coffee Dripper","Letter Opener","The Courier","Matryoshka","Mango","Prayer Wheel","Lizard Tail","Cursed Key","Tiny Chest","Bag of Marbles","HollowMod:LifeEnderRelic","Turnip","Singing Bowl","Vajra","Bottled Lightning","HollowMod:DelicateFlower"],"acts_visited":["Exordium","TheCity","TheBeyond","TheEnding"],"potions_floor_usage":[7,24,24,38,38,41,50,50,54,54],"damage_taken":[{"damage":0,"enemies":"Jaw Worm","floor":1,"turns":2},{"damage":0,"enemies":"Cultist","floor":2,"turns":3},{"damage":0,"enemies":"Small Slimes","floor":4,"turns":2},{"damage":0,"enemies":"2 Fungi Beasts","floor":5,"turns":2},{"damage":0,"enemies":"Lagavulin","floor":7,"turns":4},{"damage":10,"enemies":"Blue Slaver","floor":10,"turns":3},{"damage":0,"enemies":"HollowMod:MossKnight","floor":11,"turns":3},{"damage":10,"enemies":"Lagavulin","floor":13,"turns":5},{"damage":13,"enemies":"HollowMod:FalseKnight","floor":16,"turns":7},{"damage":0,"enemies":"Spheric Guardian","floor":18,"turns":3},{"damage":0,"enemies":"Shell Parasite","floor":21,"turns":4},{"damage":0,"enemies":"HollowMod:Nosk","floor":24,"turns":5},{"damage":0,"enemies":"Gremlin Leader","floor":27,"turns":4},{"damage":0,"enemies":"Slavers","floor":28,"turns":3},{"damage":0,"enemies":"Gremlin Leader","floor":29,"turns":4},{"damage":0,"enemies":"Centurion and Healer","floor":30,"turns":4},{"damage":18,"enemies":"HollowMod:NKGrimm","floor":33,"turns":7},{"damage":6,"enemies":"3 Shapes","floor":35,"turns":4},{"damage":9,"enemies":"3 Darklings","floor":36,"turns":4},{"damage":24,"enemies":"4 Shapes","floor":38,"turns":3},{"damage":0,"enemies":"Spire Growth","floor":39,"turns":4},{"damage":0,"enemies":"Giant Head","floor":41,"turns":6},{"damage":11,"enemies":"Reptomancer","floor":44,"turns":4},{"damage":0,"enemies":"Maw","floor":46,"turns":5},{"damage":33,"enemies":"Nemesis","floor":47,"turns":4},{"damage":0,"enemies":"Jaw Worm Horde","floor":48,"turns":3},{"damage":0,"enemies":"Awakened One","floor":50,"turns":9},{"damage":23,"enemies":"Shield and Spear","floor":54,"turns":5},{"damage":51,"enemies":"The Heart","floor":55,"turns":10}],"seed_played":"-5537798405543173296","potions_obtained":[{"floor":1,"key":"Dexterity Potion"},{"floor":5,"key":"DuplicationPotion"},{"floor":11,"key":"Strength Potion"},{"floor":16,"key":"LiquidMemories"},{"floor":18,"key":"Regen Potion"},{"floor":27,"key":"DuplicationPotion"},{"floor":28,"key":"Block Potion"},{"floor":47,"key":"Swift Potion"},{"floor":48,"key":"Swift Potion"}],"is_trial":true,"path_per_floor":["M","M","?","M","M","R","E","R","T","M","E","?","E","$","R","B",null,"M","?","?","M","?","R","E","R","T","E","E","E","M","$","R","B",null,"M","M","?","M","M","R","E","R","T","E","R","M","E","M","R","B",null,"R","$","E","B",null],"character_chosen":"THE_BUGKNIGHT","items_purchased":["Lee\u0027s Waffle","Luminous:Light_Glare","Lizard Tail","Panacea+1","Vajra","Bottled Lightning","Block Potion","Block Potion","Concentrate+1"],"campfire_rested":0,"item_purchase_floors":[14,14,31,31,53,53,53,53,53],"current_hp_per_floor":[75,75,75,75,75,75,75,75,75,65,65,48,38,82,82,69,82,82,82,82,82,82,82,82,82,82,82,96,96,96,96,96,78,96,90,81,81,66,66,84,84,96,96,85,96,96,63,65,86,86,98,98,98,75,58],"gold":73,"neow_bonus":"","is_daily":false,"chose_seed":false,"campfire_upgraded":10,"win_rate":0.0,"timestamp":1611791628,"path_taken":["M","M","?","?","M","R","E","R","T","M","E","?","E","?","R","BOSS","M","?","?","M","?","R","E","R","T","E","?","E","M","$","R","BOSS","M","M","?","M","M","R","E","R","T","E","R","M","E","M","R","BOSS","R","$","E","BOSS"],"items_purchased_type":["Relic","Card","Relic","Card","Relic","Relic","Potion","Potion","Card"],"build_version":"2020-12-22","purchased_purges":0,"victory":true,"max_hp_per_floor":[75,75,75,75,75,75,75,75,75,75,75,75,75,82,82,82,82,82,82,82,82,82,82,82,82,82,82,96,96,96,96,96,96,96,96,96,96,96,96,96,96,96,96,96,96,96,96,98,98,98,98,98,98,98,98],"card_choices":[{"not_picked":["TheCursedMod:Stretching","Poisoned Stab"],"picked":"Luminous:Light_Glare","floor":1},{"not_picked":["HollowMod:WraithStrike","SashWhip"],"picked":"Go for the Eyes","floor":2},{"not_picked":["TheCursedMod:CursedArmor","Luminous:Magic_Boost_Luminous","hermit:Cheat"],"picked":"SKIP","floor":4},{"not_picked":["Pray","ScarletImprint"],"picked":"AdministrixMod:LightOfYourLife","floor":5},{"not_picked":["Reboot","blazmod:OneWithNature"],"picked":"Double Tap","floor":7},{"not_picked":["Hologram+1","blazmod:FancifulFlutter"],"picked":"Cold Snap","floor":10},{"not_picked":["RobotSpaceExplorer:Scanner","ChaoticDestiny+1"],"picked":"HollowMod:HerrahsAnger+1","floor":11},{"not_picked":["AdministrixMod:FearOfDeath","TheCursedMod:AntiAging+1"],"picked":"A Thousand Cuts","floor":13},{"not_picked":["HollowMod:Hiveblood+1","AdministrixMod:Mastermind+1"],"picked":"RobotSpaceExplorer:ChargingLaser","floor":16},{"not_picked":["FavorOfDestiny+1","BlasphemousPunishment+1"],"picked":"hermit:Dive+1","floor":18},{"not_picked":["TheCursedMod:CursedAmulet+1","hermit:NoHoldsBarred"],"picked":"Phantasmal Killer+1","floor":21},{"not_picked":["hermit:RoundhouseKick","Buffer","HollowMod:ZotesMagnificence"],"picked":"SKIP","floor":24},{"not_picked":["Koishi:RuptureMind","Meteor Strike"],"picked":"ConjureBlade+1","floor":27},{"not_picked":["Offering+1","hermit:Reprieve+1"],"picked":"RobotSpaceExplorer:ChargingLaser","floor":28},{"not_picked":["Koishi:GrowingPain","blazmod:Setsuna","Luminous:Balance_Aether_Conduit"],"picked":"SKIP","floor":29},{"not_picked":["TheCursedMod:CursedBlade","RobotSpaceExplorer:FranticSearch+1"],"picked":"RobotSpaceExplorer:Ammunition+1","floor":30},{"not_picked":["Koishi:Whimsy+1","hermit:ItchyTrigger","Wallop"],"picked":"SKIP","floor":30},{"not_picked":["BloodySeventeenLaser","hermit:Adapt"],"picked":"RobotSpaceExplorer:Exploration+1","floor":33},{"not_picked":["Wild Strike+1","RobotSpaceExplorer:DoubleBlock+1"],"picked":"PathToVictory+1","floor":35},{"not_picked":["Koishi:ApparitionsStalkTheNight+1","HollowMod:InfectedCysts+1","RobotSpaceExplorer:Counterblock+1"],"picked":"SKIP","floor":35},{"not_picked":["Perfected Strike","Ghostly Armor+1"],"picked":"RobotSpaceExplorer:MiniBoosters+1","floor":36},{"not_picked":["Barrage+1","HollowMod:DescendingDark"],"picked":"CrushJoints+1","floor":36},{"not_picked":["Master of Strategy+1","Impatience+1"],"picked":"Flash of Steel","floor":37},{"not_picked":["ThirdEye+1","HollowMod:VengefulVoid+1"],"picked":"Sentinel+1","floor":38},{"not_picked":["TheCursedMod:CircleOfFocus+1","Armaments+1"],"picked":"FollowUp","floor":38},{"not_picked":["blazmod:SidewaySolace+1","TheCursedMod:CursedRelics"],"picked":"hermit:Roulette","floor":39},{"not_picked":["Koishi:DreadfulBlow","TheCursedMod:WearCloak+1"],"picked":"Disarm+1","floor":39},{"not_picked":["Judgement+1","hermit:RoundhouseKick","Omniscience+1"],"picked":"SKIP","floor":41},{"not_picked":["All For One","TheCursedMod:VoidForm"],"picked":"Burst+1","floor":44},{"not_picked":["blazmod:ApexLegends","Koishi:HeartfeltFancy+1"],"picked":"MiserableFate+1","floor":46},{"not_picked":["Compile Driver","Koishi:FreudianInstinct"],"picked":"Rebound+1","floor":46},{"not_picked":["CurseOfVladTepes","Koishi:FormlessExistence"],"picked":"Core Surge","floor":47},{"not_picked":["WindmillStrike+1","Sanctity+1"],"picked":"FTL+1","floor":48},{"not_picked":["blazmod:KatanaStrike","Rebound","AdministrixMod:QuietConspiracy+1"],"picked":"Singing Bowl","floor":48},{"not_picked":["Fiend Fire","AdministrixMod:Mastermind+1"],"picked":"TheCursedMod:NeowsMight+1","floor":54}],"player_experience":1121220,"relics_obtained":[{"floor":7,"key":"Meat on the Bone"},{"floor":9,"key":"Toxic Egg 2"},{"floor":11,"key":"TungstenRod"},{"floor":13,"key":"Eternal Feather"},{"floor":24,"key":"Letter Opener"},{"floor":26,"key":"The Courier"},{"floor":27,"key":"Matryoshka"},{"floor":28,"key":"Mango"},{"floor":29,"key":"Prayer Wheel"},{"floor":35,"key":"Tiny Chest"},{"floor":41,"key":"Bag of Marbles"},{"floor":43,"key":"HollowMod:LifeEnderRelic"},{"floor":44,"key":"Turnip"},{"floor":47,"key":"Singing Bowl"},{"floor":54,"key":"HollowMod:DelicateFlower"}],"event_choices":[{"cards_removed":["TheCursedMod:WearCloak"],"damage_healed":5,"gold_gain":0,"player_choice":"Offered Common","damage_taken":0,"max_hp_gain":0,"max_hp_loss":0,"event_name":"Bonfire Elementals","floor":3,"gold_loss":0},{"cards_removed":["TheCursedMod:WearCloak"],"damage_healed":5,"gold_gain":0,"player_choice":"Offered Special","damage_taken":0,"max_hp_gain":0,"max_hp_loss":0,"event_name":"Bonfire Elementals","floor":3,"gold_loss":0},{"damage_healed":0,"gold_gain":0,"player_choice":"Take Damage","damage_taken":18,"relics_obtained":["Golden Idol"],"max_hp_gain":0,"max_hp_loss":0,"event_name":"Golden Idol","floor":12,"gold_loss":0},{"damage_healed":0,"gold_gain":0,"player_choice":"Ignored","damage_taken":0,"max_hp_gain":0,"max_hp_loss":0,"event_name":"Ghosts","floor":19,"gold_loss":0},{"cards_removed":["HollowMod:BaldurShell"],"damage_healed":0,"gold_gain":0,"player_choice":"Gave Gold","damage_taken":0,"max_hp_gain":0,"max_hp_loss":0,"event_name":"Beggar","floor":22,"gold_loss":75},{"damage_healed":0,"gold_gain":0,"player_choice":"Memory 1","damage_taken":0,"max_hp_gain":0,"max_hp_loss":0,"event_name":"SensoryStone","floor":37,"gold_loss":0}],"is_beta":false,"boss_relics":[{"not_picked":["Philosopher\u0027s Stone","Runic Dome"],"picked":"Coffee Dripper"},{"not_picked":["Tiny House","Sozu"],"picked":"Cursed Key"}],"items_purged_floors":[],"is_endless":false,"potions_floor_spawned":[1,5,11,16,18,21,27,28,35,36,47,48,54],"ascension_level":0}}