{"host":"ooe12lh8pgcirntb","time":1611777556,"event":{"mods":["AchievementEnabler","Act Like it!","BaseMod","Beaked The Cultist","Better Note","ChefMod","Colored Map","Colored Powertips","Downfall","Hallownest","Minty Spire (QoL Compilation)","StSLib","The Animator","The Bug Knight","The Disciple","The Hierophant","The Problem Sleuth"],"gold_per_floor":[117,117,141,141,141,170,170,187,234,234,253,285,285,343,343,485,485,505,531,531,553,553,613,613,650,650,650,669,204,204,16,16,150,150,178,200,219,241,1240,1240,1240,1256,1256,1279,978,978,978,991,991,1011],"floor_reached":51,"language":"ENG","playtime":6973,"items_purged":[],"score":714,"play_id":"6aefacb4-081a-4d96-83d8-a1fb782dc2a9","local_time":"20210127145916","is_ascension_mode":false,"campfire_choices":[{"data":"animator:Scar","floor":7,"key":"SMITH"},{"floor":10,"key":"REST"},{"floor":15,"key":"REST"},{"data":"animator:Demiurge","floor":24,"key":"SMITH"},{"floor":30,"key":"REST"},{"data":"animator:Kira","floor":32,"key":"SMITH"},{"floor":41,"key":"REST"},{"floor":47,"key":"REST"},{"data":"animator:Melzalgald","floor":49,"key":"SMITH"}],"circlet_count":0,"master_deck":["animator:Strike_OnePunchMan","animator:Defend_OnePunchMan","animator:Strike","animator:Strike","animator:Strike","animator:Defend","animator:Defend","animator:Defend+1","animator:Genos","animator:MumenRider","animator:Greed+1","animator:Chris","animator:Mitsuba","Injury","animator:Scar+1","animator:Sloth","animator:Yuuichirou","animator:Raven","animator:MetalKnight","animator:FeridBathory","animator:Melzalgald+1","animator:Genos+1","animator:Kaijin","animator:Demiurge+1","animator:Mikaela","animator:PandorasActor+1","animator:NononJakuzure","animator:Kira+1","animator:YunYun+1","Normality","Normality","animator:Chris+1"],"relics":["animator:LivingPicture","animator:TheMissingPiece","animator:BattleDrones","Golden Idol","Red Skull","Regal Pillow","Mark of Pain","Sundial","Anchor","PreservedInsect","Meat on the Bone","Mummified Hand","bronze:DonusWashers","expansioncontent:StudyCardRelic","Toxic Egg 2","Strange Spoon","Happy Flower"],"acts_visited":["Exordium","TheCity","TheBeyond"],"potions_floor_usage":[14,21,25,25,38,50],"damage_taken":[{"damage":5,"enemies":"Small Slimes","floor":1,"turns":5},{"damage":4,"enemies":"Jaw Worm","floor":3,"turns":3},{"damage":8,"enemies":"Cultist","floor":6,"turns":5},{"damage":0,"enemies":"2 Fungi Beasts","floor":8,"turns":4},{"damage":0,"enemies":"Exordium Thugs","floor":11,"turns":5},{"damage":3,"enemies":"Red Slaver","floor":12,"turns":3},{"damage":31,"enemies":"Lagavulin","floor":14,"turns":8},{"damage":23,"enemies":"Slime Boss","floor":16,"turns":10},{"damage":7,"enemies":"Chosen","floor":18,"turns":5},{"damage":21,"enemies":"3 Byrds","floor":19,"turns":6},{"damage":18,"enemies":"Snake Plant","floor":21,"turns":4},{"damage":0,"enemies":"HollowMod:Nosk","floor":23,"turns":6},{"damage":22,"enemies":"Gremlin Leader","floor":25,"turns":7},{"damage":0,"enemies":"Snecko","floor":28,"turns":3},{"damage":22,"enemies":"Champ","floor":33,"turns":7},{"damage":0,"enemies":"Orb Walker","floor":35,"turns":1},{"damage":13,"enemies":"3 Shapes","floor":36,"turns":4},{"damage":39,"enemies":"Writhing Mass","floor":37,"turns":6},{"damage":18,"enemies":"Spire Growth","floor":38,"turns":3},{"damage":29,"enemies":"Jaw Worm Horde","floor":42,"turns":5},{"damage":5,"enemies":"Writhing Mass","floor":44,"turns":6},{"damage":4,"enemies":"3 Darklings","floor":48,"turns":4},{"damage":54,"enemies":"Time Eater","floor":50,"turns":12}],"seed_played":"-6380654645023907357","potions_obtained":[{"floor":1,"key":"Regen Potion"},{"floor":8,"key":"FearPotion"},{"floor":12,"key":"SpeedPotion"},{"floor":18,"key":"ColorlessPotion"},{"floor":23,"key":"SpeedPotion"},{"floor":33,"key":"SpeedPotion"},{"floor":36,"key":"LiquidMemories"}],"is_trial":false,"path_per_floor":["M","?","M","?","?","M","R","M","T","R","M","M","$","E","R","B",null,"M","M","?","M","?","E","R","E","T","T","M","$","R","$","R","B",null,"M","M","M","M","?","?","R","M","T","M","$","?","R","M","R","B",null],"character_chosen":"THE_ANIMATOR","items_purchased":["Mummified Hand","bronze:DonusWashers","animator:NononJakuzure","animator:Kira","Strange Spoon","Happy Flower"],"campfire_rested":5,"item_purchase_floors":[29,29,29,31,45,45],"current_hp_per_floor":[61,49,45,45,45,37,37,37,37,56,56,53,53,22,56,33,66,60,39,39,35,35,35,35,13,13,13,26,26,61,61,61,39,68,68,55,28,22,22,22,57,40,40,35,35,35,68,64,64,22],"gold":1011,"neow_bonus":"ONE_RANDOM_RARE_CARD","is_daily":false,"chose_seed":false,"campfire_upgraded":4,"win_rate":0.0,"timestamp":1611777556,"path_taken":["M","?","M","?","?","M","R","M","T","R","M","M","$","E","R","BOSS","M","?","?","?","?","E","R","E","T","?","M","$","R","?","R","BOSS","M","M","M","M","?","?","R","M","T","M","$","?","R","M","R","BOSS"],"items_purchased_type":["Relic","Relic","Card","Card","Relic","Relic"],"build_version":"2020-12-22","purchased_purges":0,"victory":true,"max_hp_per_floor":[66,66,66,66,66,66,66,66,66,66,66,66,66,66,66,66,66,67,67,67,67,67,67,67,67,67,67,68,68,68,68,68,68,68,68,68,68,68,68,68,68,68,68,68,68,68,68,68,68,68],"card_choices":[{"not_picked":["animator:Yoichi","animator:Elsword"],"picked":"animator:Chris","floor":1},{"not_picked":["animator:Verdia","animator:Guren"],"picked":"animator:Mitsuba","floor":3},{"not_picked":["animator:Gluttony","animator:Millim"],"picked":"animator:Scar","floor":6},{"not_picked":["animator:WinryRockbell","animator:ElricAlphonse"],"picked":"animator:Sloth","floor":8},{"not_picked":["animator:Tatsumaki","animator:Sonic"],"picked":"animator:Yuuichirou","floor":11},{"not_picked":["animator:Aisha","animator:Yoichi"],"picked":"animator:Raven","floor":12},{"not_picked":["animator:Souei","animator:Ciel"],"picked":"animator:MetalKnight","floor":14},{"not_picked":["animator:Guren","animator:Eve"],"picked":"animator:FeridBathory","floor":16},{"not_picked":["animator:SilverFang","animator:Genos"],"picked":"animator:Melzalgald","floor":18},{"not_picked":["animator:Aisha+1","animator:Sloth"],"picked":"animator:Genos+1","floor":19},{"not_picked":["animator:Laby","animator:Kazuma","animator:Yoichi"],"picked":"SKIP","floor":21},{"not_picked":["animator:Shinoa","animator:Ain"],"picked":"animator:Demiurge","floor":23},{"not_picked":["animator:Yuuichirou","animator:HiiragiTenri"],"picked":"animator:Mikaela","floor":25},{"not_picked":["animator:MaesHughes+1","animator:Yuuichirou"],"picked":"animator:PandorasActor+1","floor":28},{"not_picked":["animator:Saitama","animator:Albedo"],"picked":"animator:FeridBathory","floor":33},{"not_picked":["animator:Ciel+1","animator:Shigure"],"picked":"animator:YunYun+1","floor":35},{"not_picked":["animator:Shion","animator:WinryRockbell","animator:Sonic+1"],"picked":"SKIP","floor":36},{"not_picked":["animator:RoyMustang","animator:Raven","animator:Sebas"],"picked":"SKIP","floor":38},{"not_picked":["animator:Rena+1","animator:Sonic+1","animator:Sebas"],"picked":"SKIP","floor":42},{"not_picked":["animator:Mitsuba","animator:Genos"],"picked":"animator:Chris+1","floor":44}],"player_experience":764088,"relics_obtained":[{"floor":9,"key":"Red Skull"},{"floor":14,"key":"Regal Pillow"},{"floor":23,"key":"Sundial"},{"floor":25,"key":"Anchor"},{"floor":26,"key":"PreservedInsect"},{"floor":27,"key":"Meat on the Bone"},{"floor":43,"key":"Toxic Egg 2"}],"event_choices":[{"damage_healed":0,"gold_gain":0,"player_choice":"Success","damage_taken":12,"relics_obtained":["animator:BattleDrones"],"max_hp_gain":0,"max_hp_loss":0,"event_name":"Scrap Ooze","floor":2,"gold_loss":0},{"damage_healed":0,"gold_gain":0,"player_choice":"Take Wound","damage_taken":0,"relics_obtained":["Golden Idol"],"max_hp_gain":0,"max_hp_loss":0,"event_name":"Golden Idol","floor":4,"gold_loss":0,"cards_obtained":["Injury"]},{"damage_healed":0,"gold_gain":0,"player_choice":"Upgraded","damage_taken":0,"max_hp_gain":0,"max_hp_loss":0,"event_name":"Upgrade Shrine","floor":5,"gold_loss":0,"cards_upgraded":["animator:Greed"]},{"damage_healed":0,"gold_gain":0,"player_choice":"Ignored","damage_taken":0,"max_hp_gain":0,"max_hp_loss":0,"event_name":"betterNote:BetterNote","floor":20,"gold_loss":0,"cards_obtained":["animator:Defend"]},{"damage_healed":0,"gold_gain":0,"player_choice":"Read","damage_taken":0,"max_hp_gain":0,"max_hp_loss":0,"event_name":"The Library","floor":22,"gold_loss":0,"cards_obtained":["animator:Kaijin"]},{"damage_healed":0,"gold_gain":999,"player_choice":"Gold","damage_taken":0,"max_hp_gain":0,"max_hp_loss":0,"event_name":"MindBloom","floor":39,"gold_loss":0,"cards_obtained":["Normality","Normality"]},{"damage_healed":0,"gold_gain":0,"player_choice":"Ignored","damage_taken":0,"max_hp_gain":0,"max_hp_loss":0,"event_name":"Tomb of Lord Red Mask","floor":40,"gold_loss":0},{"cards_removed":["animator:FeridBathory"],"damage_healed":0,"gold_gain":0,"player_choice":"Removed Power","damage_taken":0,"max_hp_gain":0,"max_hp_loss":0,"event_name":"Falling","floor":46,"gold_loss":0}],"is_beta":false,"boss_relics":[{"not_picked":["Ectoplasm","animator:RacePiece"],"picked":"Mark of Pain"},{"not_picked":["animator:HolyGrailRelic","Velvet Choker"],"picked":"expansioncontent:StudyCardRelic"}],"items_purged_floors":[],"is_endless":false,"potions_floor_spawned":[1,8,12,18,23,33,36,37],"ascension_level":0}}