{"host":"y3h3n3f7seyagppx","time":1611790939,"event":{"mods":["AlwaysNeverKeys","BaseMod","Better Vampires","Colored Powertips","DeckTracker","Emptier Cage","Minty Spire (QoL Compilation)","Permanent Neow","Quick Restart","Rare Cards Sparkle","Relic Sorter","Relic Stats","StSLib","Transform Curses"],"gold_per_floor":[19,29,29,44,68,68,106,106,181,221,236,236,277,296,296,389,389,412,436,436,452,471,471,512,512,512,539,589,589,132,175,175,278,278,306,306,306,366,78,128,150,203,226,226,226,268,296,324,324,324,324,324,324,44,86,86],"floor_reached":57,"language":"ENG","playtime":12831,"items_purged":["Redo"],"score":3265,"play_id":"22372b98-caa3-41ca-ba0e-03dad53f5f44","local_time":"20210127184219","is_ascension_mode":true,"campfire_choices":[{"data":"Zap","floor":6.0,"key":"SMITH"},{"data":"Defragment","floor":8.0,"key":"SMITH"},{"data":"Defragment","floor":15.0,"key":"SMITH"},{"data":"Defragment","floor":23.0,"key":"SMITH"},{"floor":29.0,"key":"REST"},{"data":"Seek","floor":32.0,"key":"SMITH"},{"floor":45.0,"key":"REST"},{"floor":49.0,"key":"REST"},{"floor":53,"key":"REST"}],"circlet_count":0,"master_deck":["AscendersBane","Zap+1","Dualcast","Thinking Ahead","Lockon","Go for the Eyes+1","Defragment+1","Defragment+1","Cold Snap","Seek+1","Defragment+1","Go for the Eyes","Compile Driver","Cold Snap","Doom and Gloom+1","Turbo","Chill","BootSequence","Creative AI","Coolheaded+1","Amplify+1","Hologram+1","Glacier+1","Capacitor","Undo+1","Coolheaded+1","Force Field+1","Defragment+1","Coolheaded+1","Fission+1","Redo+1","Loop+1"],"relics":["Cracked Core","Golden Idol","Pocketwatch","Blue Candle","Nunchaku","Singing Bowl","Pandora\u0027s Box","Bag of Preparation","Enchiridion","CeramicFish","Toxic Egg 2","HornCleat","MealTicket","White Beast Statue","Fusion Hammer","Mango","Happy Flower","Toy Ornithopter","Frozen Egg 2","Whetstone","Bottled Tornado","Symbiotic Virus","ClockworkSouvenir","Sundial"],"acts_visited":["Exordium","TheCity","TheBeyond","TheEnding"],"potions_floor_usage":[56],"damage_taken":[{"damage":5.0,"enemies":"Small Slimes","floor":1.0,"turns":4.0},{"damage":5.0,"enemies":"2 Louse","floor":2.0,"turns":3.0},{"damage":0.0,"enemies":"Jaw Worm","floor":4.0,"turns":3.0},{"damage":4.0,"enemies":"Looter","floor":5.0,"turns":3.0},{"damage":15.0,"enemies":"Lagavulin","floor":7.0,"turns":7.0},{"damage":10.0,"enemies":"Gremlin Nob","floor":10.0,"turns":3.0},{"damage":2.0,"enemies":"2 Fungi Beasts","floor":11.0,"turns":2.0},{"damage":5.0,"enemies":"Lagavulin","floor":13.0,"turns":6.0},{"damage":0.0,"enemies":"3 Louse","floor":14.0,"turns":3.0},{"damage":2.0,"enemies":"Hexaghost","floor":16.0,"turns":9.0},{"damage":0.0,"enemies":"Spheric Guardian","floor":18.0,"turns":4.0},{"damage":17.0,"enemies":"2 Thieves","floor":19.0,"turns":4.0},{"damage":0.0,"enemies":"Centurion and Healer","floor":21.0,"turns":7.0},{"damage":0.0,"enemies":"3 Cultists","floor":22.0,"turns":4.0},{"damage":9.0,"enemies":"Gremlin Leader","floor":24.0,"turns":5.0},{"damage":0.0,"enemies":"Cultist and Chosen","floor":27.0,"turns":3.0},{"damage":0.0,"enemies":"Book of Stabbing","floor":28.0,"turns":4.0},{"damage":0.0,"enemies":"Gremlin Leader","floor":31.0,"turns":7.0},{"damage":3.0,"enemies":"Automaton","floor":33.0,"turns":12.0},{"damage":0.0,"enemies":"3 Darklings","floor":35.0,"turns":5.0},{"damage":1.0,"enemies":"2 Orb Walkers","floor":38.0,"turns":5.0},{"damage":0.0,"enemies":"Reptomancer","floor":40.0,"turns":6.0},{"damage":0.0,"enemies":"Orb Walker","floor":41.0,"turns":4.0},{"damage":0.0,"enemies":"Giant Head","floor":42.0,"turns":15.0},{"damage":0.0,"enemies":"Reptomancer","floor":46.0,"turns":6.0},{"damage":0.0,"enemies":"3 Darklings","floor":47.0,"turns":5.0},{"damage":0.0,"enemies":"Spire Growth","floor":48.0,"turns":5.0},{"damage":4,"enemies":"Donu and Deca","floor":50,"turns":6},{"damage":0,"enemies":"Awakened One","floor":51,"turns":37},{"damage":0,"enemies":"Shield and Spear","floor":55,"turns":9},{"damage":72,"enemies":"The Heart","floor":56,"turns":9}],"seed_played":"171352547043479217","potions_obtained":[{"floor":2.0,"key":"Swift Potion"},{"floor":7.0,"key":"DuplicationPotion"},{"floor":18.0,"key":"Energy Potion"},{"floor":33.0,"key":"Ancient Potion"},{"floor":35.0,"key":"FairyPotion"}],"is_trial":false,"path_per_floor":["M","M","?","M","M","R","E","R","T","E","M","?","E","M","R","B",null,"M","M","?","M","M","R","E","?","T","M","E","R","$","E","R","B",null,"M","?","?","?","$","E","M","E","T","T","R","E","M","M","R","B","B",null,"R","$","E","B",null],"character_chosen":"DEFECT","items_purchased":["HornCleat","MealTicket","Happy Flower","Glacier+1","Capacitor","ClockworkSouvenir","Redo+1"],"campfire_rested":4,"item_purchase_floors":[30,30,39,39,39,54,54],"current_hp_per_floor":[59,54,54,54,50,50,35,35,35,25,23,23,20,22,22,20,56,58,41,41,43,45,45,38,17,17,17,17,39,39,41,41,38,68,68,68,68,83,94,94,94,94,94,94,94,94,94,94,94,90,90,93,94,94,94,27],"gold":86,"neow_bonus":"RANDOM_COLORLESS_2","is_daily":false,"chose_seed":false,"campfire_upgraded":5,"win_rate":0.0,"timestamp":1611790939,"path_taken":["M","M","?","M","M","R","E","R","T","E","M","?","E","M","R","BOSS","M","M","?","M","M","R","E","?","T","M","E","R","$","E","R","BOSS","M","?","?","?","$","E","M","E","T","?","R","E","M","M","R","BOSS","BOSS","R","$","E","BOSS"],"items_purchased_type":["Relic","Relic","Relic","Card","Card","Relic","Card"],"build_version":"2020-12-22","purchased_purges":1,"victory":true,"max_hp_per_floor":[71,71,64,64,64,64,64,64,64,64,64,64,66,68,68,68,68,70,70,70,72,74,74,76,76,76,76,76,76,76,78,78,78,78,78,78,78,94,94,94,94,94,94,94,94,94,94,94,94,94,94,94,94,94,94,94],"relic_stats":{"Singing Bowl":16,"Happy Flower":[34],"counters":[31,204],"Golden Idol":238,"Blue Candle":[1],"CeramicFish":126,"Bag of Preparation":[32],"Whetstone":["Doom and Gloom","Go for the Eyes"],"Nunchaku":[33],"Sundial":[0],"Pandora\u0027s Box":["Redo","Defragment","Go for the Eyes","Compile Driver","Blizzard","Cold Snap","Doom and Gloom"],"MealTicket":11,"obtain_stats":[{"Singing Bowl":13,"Happy Flower":39,"Golden Idol":3,"Blue Candle":9,"CeramicFish":26,"Enchiridion":25,"Mango":38,"Bag of Preparation":24,"Whetstone":43,"Frozen Egg 2":42,"Bottled Tornado":44,"White Beast Statue":31,"ClockworkSouvenir":54,"Nunchaku":10,"HornCleat":30,"Sundial":55,"Pandora\u0027s Box":17,"MealTicket":30,"Fusion Hammer":34,"Toxic Egg 2":28,"Cracked Core":0,"Symbiotic Virus":46,"Toy Ornithopter":40,"Pocketwatch":7},{"Singing Bowl":8,"Happy Flower":21,"Golden Idol":2,"Blue Candle":5,"CeramicFish":15,"Enchiridion":15,"Mango":21,"Bag of Preparation":15,"Whetstone":24,"Frozen Egg 2":24,"Bottled Tornado":24,"White Beast Statue":18,"ClockworkSouvenir":29,"Nunchaku":6,"HornCleat":17,"Sundial":30,"Pandora\u0027s Box":10,"MealTicket":17,"Fusion Hammer":19,"Toxic Egg 2":17,"Cracked Core":0,"Symbiotic Virus":25,"Toy Ornithopter":22,"Pocketwatch":5},{"Singing Bowl":31,"Happy Flower":103,"Golden Idol":7,"Blue Candle":20,"CeramicFish":67,"Enchiridion":67,"Mango":103,"Bag of Preparation":67,"Whetstone":128,"Frozen Egg 2":128,"Bottled Tornado":128,"White Beast Statue":81,"ClockworkSouvenir":187,"Nunchaku":23,"HornCleat":74,"Sundial":196,"Pandora\u0027s Box":43,"MealTicket":74,"Fusion Hammer":93,"Toxic Egg 2":74,"Cracked Core":0,"Symbiotic Virus":134,"Toy Ornithopter":109,"Pocketwatch":20}],"Toy Ornithopter":5,"Pocketwatch":[174]},"card_choices":[{"not_picked":["Mayhem","Panache"],"picked":"Thinking Ahead","floor":0.0},{"not_picked":["Compile Driver","Rebound"],"picked":"Sweeping Beam","floor":1.0},{"not_picked":["Redo","Gash"],"picked":"Lockon","floor":2.0},{"not_picked":["Heatsinks","Lockon"],"picked":"Go for the Eyes","floor":4.0},{"not_picked":["Sweeping Beam","Beam Cell","Leap"],"picked":"SKIP","floor":5.0},{"not_picked":["Compile Driver","Gash"],"picked":"Defragment","floor":7.0},{"not_picked":["Redo","Darkness"],"picked":"Defragment","floor":10.0},{"not_picked":["Go for the Eyes","Steam"],"picked":"Cold Snap","floor":11.0},{"not_picked":["Heatsinks","Storm","Consume"],"picked":"Singing Bowl","floor":13.0},{"not_picked":["Compile Driver","Force Field","Sweeping Beam"],"picked":"Singing Bowl","floor":14.0},{"not_picked":["Buffer","All For One"],"picked":"Seek","floor":16.0},{"not_picked":["Steam","Scrape+1","Force Field"],"picked":"Singing Bowl","floor":18.0},{"not_picked":["Compile Driver","Cold Snap"],"picked":"Turbo","floor":19.0},{"not_picked":["Scrape+1","Ball Lightning","Tempest"],"picked":"Singing Bowl","floor":21.0},{"not_picked":["Streamline","Sweeping Beam","Darkness"],"picked":"Singing Bowl","floor":22.0},{"not_picked":["White Noise","Stack","Streamline"],"picked":"Singing Bowl","floor":24.0},{"not_picked":["Steam","BootSequence"],"picked":"Creative AI","floor":27.0},{"not_picked":["Streamline","Redo+1"],"picked":"Coolheaded+1","floor":28.0},{"not_picked":["Turbo+1","Compile Driver","Stack+1"],"picked":"Singing Bowl","floor":31.0},{"not_picked":["Biased Cognition","Thunder Strike"],"picked":"Amplify+1","floor":33.0},{"not_picked":["Defragment","Ball Lightning"],"picked":"Hologram+1","floor":35.0},{"not_picked":["Rebound","Compile Driver+1","Gash"],"picked":"Singing Bowl","floor":38.0},{"not_picked":["Amplify+1","Darkness+1"],"picked":"Undo+1","floor":40.0},{"not_picked":["Barrage","Cold Snap"],"picked":"Coolheaded+1","floor":41.0},{"not_picked":["Double Energy+1","Cold Snap+1"],"picked":"Force Field+1","floor":42.0},{"not_picked":["Ball Lightning","Barrage"],"picked":"Defragment+1","floor":46.0},{"not_picked":["Stack+1","Hologram+1"],"picked":"Coolheaded+1","floor":47.0},{"not_picked":["Darkness+1","Gash"],"picked":"Fission+1","floor":48.0},{"not_picked":["BootSequence+1","Streamline"],"picked":"Loop+1","floor":55}],"player_experience":21693048,"relics_obtained":[{"floor":7.0,"key":"Pocketwatch"},{"floor":9.0,"key":"Blue Candle"},{"floor":10.0,"key":"Nunchaku"},{"floor":13.0,"key":"Singing Bowl"},{"floor":24.0,"key":"Bag of Preparation"},{"floor":25.0,"key":"Enchiridion"},{"floor":26.0,"key":"CeramicFish"},{"floor":28.0,"key":"Toxic Egg 2"},{"floor":31.0,"key":"White Beast Statue"},{"floor":38.0,"key":"Mango"},{"floor":40.0,"key":"Toy Ornithopter"},{"floor":42.0,"key":"Frozen Egg 2"},{"floor":43.0,"key":"Whetstone"},{"floor":44.0,"key":"Bottled Tornado"},{"floor":46.0,"key":"Symbiotic Virus"},{"floor":55,"key":"Sundial"}],"event_choices":[{"damage_healed":0.0,"max_hp_gain":0.0,"max_hp_loss":7.0,"gold_gain":0.0,"event_name":"Golden Idol","player_choice":"Lose Max HP","floor":3.0,"gold_loss":0.0,"damage_taken":0.0,"relics_obtained":["Golden Idol"]},{"damage_healed":0.0,"max_hp_gain":0.0,"max_hp_loss":0.0,"gold_gain":0.0,"cards_transformed":["Strike_B"],"event_name":"Living Wall","player_choice":"Change","floor":12.0,"gold_loss":0.0,"damage_taken":0.0,"cards_obtained":["Meteor Strike"]},{"damage_healed":0.0,"max_hp_gain":0.0,"max_hp_loss":0.0,"gold_gain":0.0,"cards_transformed":["Blizzard","Meteor Strike"],"event_name":"Drug Dealer","player_choice":"Became Test Subject","floor":20.0,"gold_loss":0.0,"damage_taken":0.0,"cards_obtained":["Chill","BootSequence"]},{"damage_healed":0.0,"max_hp_gain":0.0,"max_hp_loss":0.0,"gold_gain":0.0,"event_name":"Cursed Tome","player_choice":"Obtained Book","floor":25.0,"gold_loss":0.0,"damage_taken":21.0},{"damage_healed":0.0,"max_hp_gain":0.0,"max_hp_loss":0.0,"gold_gain":0.0,"event_name":"Tomb of Lord Red Mask","player_choice":"Ignored","floor":36.0,"gold_loss":0.0,"damage_taken":0.0},{"cards_removed":["Sweeping Beam"],"damage_healed":0.0,"max_hp_gain":0.0,"max_hp_loss":0.0,"gold_gain":0.0,"event_name":"Falling","player_choice":"Removed Attack","floor":37.0,"gold_loss":0.0,"damage_taken":0.0},{"damage_healed":0.0,"max_hp_gain":0.0,"max_hp_loss":0.0,"gold_gain":0.0,"event_name":"Mysterious Sphere","player_choice":"Fight","floor":38.0,"gold_loss":0.0,"damage_taken":0.0}],"is_beta":false,"boss_relics":[{"not_picked":["Ectoplasm","Inserter"],"picked":"Pandora\u0027s Box"},{"not_picked":["Runic Dome","Calling Bell"],"picked":"Fusion Hammer"}],"items_purged_floors":[54],"is_endless":false,"potions_floor_spawned":[2,7,11,16,18,21,22,28,33,35,38,40,41,42,46,47,48,55],"ascension_level":20}}