{"host":"vdr09qmawei9b8kz","time":1611719668,"event":{"mods":["BaseMod","Hermit","Minty Spire (QoL Compilation)","StSLib"],"gold_per_floor":[112,112,125,142,190,190,219,45,45,45,60,94,105,115,115,211,211,229,248,248,263,23,37,54,54,54,54,54],"floor_reached":27,"language":"ENG","playtime":3173,"items_purged":[],"score":227,"play_id":"15d3df35-fa50-48c5-961f-182e4d1babdd","local_time":"20210126225428","is_ascension_mode":false,"campfire_choices":[{"data":"hermit:Deadeye","floor":6,"key":"SMITH"},{"data":"hermit:Manifest","floor":10,"key":"SMITH"},{"data":"hermit:CalledShot","floor":15,"key":"SMITH"}],"circlet_count":0,"master_deck":["hermit:Strike_Hermit","hermit:Strike_Hermit","hermit:Strike_Hermit","hermit:Defend_Hermit","hermit:Defend_Hermit","hermit:Defend_Hermit","hermit:Snapshot","hermit:Covet","hermit:Deadeye+1","Regret","hermit:Grudge","hermit:Grudge","hermit:LowProfile","hermit:Manifest+1","hermit:TrackingShot","hermit:Spite","hermit:CalledShot+1","hermit:ShadowCloak","hermit:Reprieve","hermit:ShadowCloak","hermit:SprayPray+1","hermit:Misfire+1","hermit:Snipe","hermit:SprayPray+1"],"relics":["hermit:Momento","Sundial","Tiny Chest","Meat on the Bone","Vajra","Potion Belt","Oddly Smooth Stone","Empty Cage","Mercury Hourglass","Blood Vial"],"acts_visited":["Exordium","TheCity"],"potions_floor_usage":[7,18,21,21,21,24,24,27],"damage_taken":[{"damage":0,"enemies":"Cultist","floor":1,"turns":3},{"damage":1,"enemies":"Jaw Worm","floor":3,"turns":3},{"damage":0,"enemies":"Small Slimes","floor":4,"turns":2},{"damage":14,"enemies":"Gremlin Nob","floor":7,"turns":3},{"damage":0,"enemies":"Exordium Wildlife","floor":11,"turns":3},{"damage":7,"enemies":"Lagavulin","floor":12,"turns":6},{"damage":0,"enemies":"3 Louse","floor":13,"turns":1},{"damage":0,"enemies":"Looter","floor":14,"turns":2},{"damage":11,"enemies":"Slime Boss","floor":16,"turns":10},{"damage":22,"enemies":"Shell Parasite","floor":18,"turns":7},{"damage":7,"enemies":"3 Byrds","floor":19,"turns":5},{"damage":1,"enemies":"Snecko","floor":21,"turns":3},{"damage":18,"enemies":"Shelled Parasite and Fungi","floor":23,"turns":6},{"damage":26,"enemies":"Centurion and Healer","floor":24,"turns":4},{"damage":38,"enemies":"Book of Stabbing","floor":27,"turns":6}],"seed_played":"-3492489192188359366","potions_obtained":[{"floor":1,"key":"PowerPotion"},{"floor":3,"key":"Fire Potion"},{"floor":11,"key":"AttackPotion"},{"floor":13,"key":"SkillPotion"},{"floor":14,"key":"hermit:Tonic"},{"floor":18,"key":"Strength Potion"},{"floor":21,"key":"BlessingOfTheForge"},{"floor":23,"key":"Ancient Potion"}],"is_trial":false,"path_per_floor":["M","?","M","M","T","R","E","$","T","R","M","E","M","M","R","B",null,"M","M","?","M","$","M","M","?","T","E"],"character_chosen":"HERMIT","items_purchased":["Vajra","hermit:Manifest","Mercury Hourglass"],"campfire_rested":0,"item_purchase_floors":[8,8,22],"current_hp_per_floor":[82,82,81,81,81,81,67,67,67,67,67,60,60,60,60,49,82,64,57,57,56,56,42,32,32,32,0,0],"gold":54,"neow_bonus":"TEN_PERCENT_HP_BONUS","is_daily":false,"chose_seed":false,"campfire_upgraded":3,"win_rate":0.0,"timestamp":1611719668,"path_taken":["M","?","M","M","?","R","E","$","T","R","M","E","M","?","R","BOSS","M","M","?","M","$","M","M","?","T","E"],"items_purchased_type":["Relic","Card","Relic"],"build_version":"2020-12-22","purchased_purges":0,"victory":false,"max_hp_per_floor":[82,82,82,82,82,82,82,82,82,82,82,82,82,82,82,82,82,82,82,82,82,82,82,82,82,82,82,82],"card_choices":[{"not_picked":["hermit:GhostlyPresence","hermit:Feint"],"picked":"hermit:Deadeye","floor":1},{"not_picked":["hermit:Snipe","hermit:ItchyTrigger"],"picked":"hermit:Grudge","floor":3},{"not_picked":["hermit:Showdown","hermit:Coalescence"],"picked":"hermit:Grudge","floor":4},{"not_picked":["hermit:ItchyTrigger","hermit:Purgatory"],"picked":"hermit:LowProfile","floor":7},{"not_picked":["hermit:Feint","hermit:Virtue"],"picked":"hermit:TrackingShot","floor":11},{"not_picked":["hermit:Glare","hermit:EternalForm"],"picked":"hermit:Spite","floor":12},{"not_picked":["hermit:Manifest","hermit:HoleUp"],"picked":"hermit:CalledShot","floor":13},{"not_picked":["hermit:Malice","hermit:Coalescence"],"picked":"hermit:ShadowCloak","floor":14},{"not_picked":["hermit:DeadOrAlive","hermit:Gambit"],"picked":"hermit:Reprieve","floor":16},{"not_picked":["hermit:ItchyTrigger","hermit:TrackingShot"],"picked":"hermit:ShadowCloak","floor":18},{"not_picked":["hermit:Gestalt","hermit:Coalescence"],"picked":"hermit:SprayPray+1","floor":19},{"not_picked":["hermit:HighCaliber","hermit:Desperado"],"picked":"hermit:Misfire+1","floor":21},{"not_picked":["hermit:Glare","hermit:Quickdraw"],"picked":"hermit:Snipe","floor":23},{"not_picked":["hermit:DeadMansHand","hermit:BigShot"],"picked":"hermit:SprayPray+1","floor":24}],"player_experience":323147,"relics_obtained":[{"floor":5,"key":"Tiny Chest"},{"floor":7,"key":"Meat on the Bone"},{"floor":9,"key":"Potion Belt"},{"floor":12,"key":"Oddly Smooth Stone"},{"floor":26,"key":"Blood Vial"}],"event_choices":[{"damage_healed":0,"gold_gain":0,"player_choice":"Box","damage_taken":0,"relics_obtained":["Sundial"],"max_hp_gain":0,"max_hp_loss":0,"event_name":"Big Fish","floor":2,"gold_loss":0,"cards_obtained":["Regret"]},{"damage_healed":0,"gold_gain":0,"player_choice":"Ignored","damage_taken":0,"max_hp_gain":0,"max_hp_loss":0,"event_name":"Ghosts","floor":20,"gold_loss":0},{"damage_healed":0,"gold_gain":0,"player_choice":"Ignored","damage_taken":0,"max_hp_gain":0,"max_hp_loss":0,"event_name":"Vampires","floor":25,"gold_loss":0}],"is_beta":false,"boss_relics":[{"not_picked":["Sozu","Snecko Eye"],"picked":"Empty Cage"}],"items_purged_floors":[],"is_endless":false,"potions_floor_spawned":[1,3,11,13,14,18,21,23],"killed_by":"Book of Stabbing","ascension_level":0}}