{"host":"qxt9611uhnemh1bn","time":1611789585,"event":{"mods":["AchievementEnabler","BaseMod","Minty Spire (QoL Compilation)","StSLib"],"gold_per_floor":[116,116,142,174,186,198,222,234,301,313,340,383,409,440,452,560,572,597,626,259,47,66,66,82,82,107,107,127,127,127,127,127,224,224,240,252,305,305,305,305],"floor_reached":39,"language":"ENG","playtime":1337,"items_purged":["Strike_B"],"score":408,"play_id":"99774ce4-7c33-4650-aa0c-f7450f0ae7b0","local_time":"20210127171945","is_ascension_mode":false,"campfire_choices":[{"data":"Coolheaded","floor":6.0,"key":"SMITH"},{"data":"Electrodynamics","floor":8.0,"key":"SMITH"},{"data":"Conserve Battery","floor":10.0,"key":"SMITH"},{"data":"Storm","floor":15.0,"key":"SMITH"},{"data":"Capacitor","floor":23,"key":"SMITH"},{"floor":25,"key":"REST"},{"floor":29,"key":"REST"},{"data":"Defragment","floor":32,"key":"SMITH"}],"circlet_count":0,"master_deck":["Strike_B","Strike_B","Strike_B","Defend_B","Defend_B","Defend_B","Defend_B","Zap+1","Dualcast","Chill","Coolheaded+1","Conserve Battery+1","Electrodynamics+1","Storm+1","Blizzard","Loop","Core Surge","Ball Lightning","Machine Learning","Capacitor+1","Sweeping Beam","Defragment+1","Glacier","Decay","Coolheaded","Cold Snap","Leap+1"],"relics":["FrozenCore","NeowsBlessing","MawBank","Bag of Marbles","Anchor","Vajra","OrangePellets","Juzu Bracelet","MutagenicStrength","Runic Pyramid","Dead Branch"],"acts_visited":["Exordium","TheCity","TheBeyond"],"potions_floor_usage":[22,35,37,37,39],"damage_taken":[{"damage":0.0,"enemies":"2 Louse","floor":1.0,"turns":1.0},{"damage":0.0,"enemies":"Cultist","floor":3.0,"turns":1.0},{"damage":0.0,"enemies":"Jaw Worm","floor":4.0,"turns":1.0},{"damage":0.0,"enemies":"3 Louse","floor":7.0,"turns":3.0},{"damage":0.0,"enemies":"2 Fungi Beasts","floor":11.0,"turns":2.0},{"damage":0.0,"enemies":"Lagavulin","floor":12.0,"turns":6.0},{"damage":0.0,"enemies":"Exordium Thugs","floor":13.0,"turns":3.0},{"damage":0.0,"enemies":"Red Slaver","floor":14.0,"turns":2.0},{"damage":50.0,"enemies":"Hexaghost","floor":16.0,"turns":14.0},{"damage":0.0,"enemies":"Spheric Guardian","floor":18.0,"turns":5.0},{"damage":20.0,"enemies":"2 Thieves","floor":19.0,"turns":3.0},{"damage":7,"enemies":"Snake Plant","floor":22,"turns":4},{"damage":19,"enemies":"Shelled Parasite and Fungi","floor":24,"turns":5},{"damage":4,"enemies":"Centurion and Healer","floor":28,"turns":4},{"damage":33,"enemies":"Champ","floor":33,"turns":13},{"damage":0,"enemies":"3 Darklings","floor":35,"turns":2},{"damage":12,"enemies":"Orb Walker","floor":36,"turns":5},{"damage":51,"enemies":"2 Orb Walkers","floor":37,"turns":5},{"damage":6,"enemies":"Transient","floor":39,"turns":4}],"seed_played":"-3174121965887873733","potions_obtained":[{"floor":4.0,"key":"BlessingOfTheForge"},{"floor":7.0,"key":"LiquidMemories"},{"floor":13.0,"key":"SpeedPotion"},{"floor":14.0,"key":"Explosive Potion"},{"floor":16.0,"key":"EssenceOfDarkness"},{"floor":19.0,"key":"Energy Potion"},{"floor":22,"key":"Explosive Potion"},{"floor":36,"key":"Block Potion"}],"is_trial":false,"path_per_floor":["M","?","M","M","?","R","M","R","T","R","M","E","M","M","R","B",null,"M","M","$","$","M","R","M","R","T","?","M","R","?","?","R","B",null,"M","M","?","?","M"],"character_chosen":"DEFECT","items_purchased":["Vajra","Machine Learning","OrangePellets","Capacitor"],"campfire_rested":2,"item_purchase_floors":[20,20,21,21],"current_hp_per_floor":[75,68,68,68,68,68,68,68,68,68,68,68,68,68,68,18,75,75,55,55,55,48,48,29,51,51,51,47,69,69,69,69,36,75,75,63,12,12,6,6],"gold":305,"neow_bonus":"THREE_ENEMY_KILL","is_daily":false,"chose_seed":false,"campfire_upgraded":6,"win_rate":0.0,"timestamp":1611789585,"path_taken":["M","?","M","M","?","R","M","R","T","R","M","E","M","M","R","BOSS","M","M","?","$","M","R","M","R","T","?","M","R","?","?","R","BOSS","M","M","?","?","M"],"items_purchased_type":["Relic","Card","Relic","Card"],"build_version":"2020-12-22","purchased_purges":1,"victory":false,"max_hp_per_floor":[75,75,75,75,75,75,75,75,75,75,75,75,75,75,75,75,75,75,75,75,75,75,75,75,75,75,75,75,75,75,75,75,75,75,75,75,75,75,75,75],"card_choices":[{"not_picked":["Redo","Stack"],"picked":"Chill","floor":1.0},{"not_picked":["Hologram","White Noise"],"picked":"Coolheaded","floor":3.0},{"not_picked":["Cold Snap","Double Energy"],"picked":"Conserve Battery","floor":4.0},{"not_picked":["Ball Lightning","Static Discharge"],"picked":"Electrodynamics","floor":7.0},{"not_picked":["Redo","Gash"],"picked":"Storm","floor":11.0},{"not_picked":["Go for the Eyes","Scrape"],"picked":"Blizzard","floor":12.0},{"not_picked":["Steam","Barrage"],"picked":"Loop","floor":13.0},{"not_picked":["Tempest","Gash","White Noise"],"picked":"SKIP","floor":14.0},{"not_picked":["Meteor Strike","Creative AI"],"picked":"Core Surge","floor":16.0},{"not_picked":["Double Energy","Compile Driver"],"picked":"Ball Lightning","floor":18.0},{"not_picked":["Gash","Blizzard","Turbo+1"],"picked":"SKIP","floor":19.0},{"not_picked":["Chill","Go for the Eyes"],"picked":"Sweeping Beam","floor":22},{"not_picked":["Leap","Undo","FTL+1"],"picked":"SKIP","floor":24},{"not_picked":["Blizzard+1","Turbo"],"picked":"Glacier","floor":28},{"not_picked":["Gash+1","Go for the Eyes+1"],"picked":"Coolheaded","floor":35},{"not_picked":["Beam Cell","Melter+1"],"picked":"Cold Snap","floor":36},{"not_picked":["Compile Driver","Turbo"],"picked":"Leap+1","floor":37}],"player_experience":223647,"relics_obtained":[{"floor":9.0,"key":"Bag of Marbles"},{"floor":12.0,"key":"Anchor"},{"floor":26,"key":"Juzu Bracelet"},{"floor":37,"key":"Dead Branch"}],"event_choices":[{"damage_healed":0.0,"max_hp_gain":0.0,"max_hp_loss":0.0,"gold_gain":0.0,"event_name":"Scrap Ooze","player_choice":"Success","floor":2.0,"gold_loss":0.0,"damage_taken":7.0,"relics_obtained":["MawBank"]},{"damage_healed":0.0,"max_hp_gain":0.0,"max_hp_loss":0.0,"gold_gain":0.0,"event_name":"Upgrade Shrine","player_choice":"Upgraded","floor":5.0,"gold_loss":0.0,"damage_taken":0.0,"cards_upgraded":["Zap"]},{"damage_healed":0,"gold_gain":0,"player_choice":"Read","damage_taken":0,"max_hp_gain":0,"max_hp_loss":0,"event_name":"The Library","floor":27,"gold_loss":0,"cards_obtained":["Defragment"]},{"damage_healed":0,"gold_gain":0,"player_choice":"Inject Mutagens","damage_taken":0,"relics_obtained":["MutagenicStrength"],"max_hp_gain":0,"max_hp_loss":0,"event_name":"Drug Dealer","floor":30,"gold_loss":0},{"damage_healed":0,"gold_gain":0,"player_choice":"Smashed Altar","damage_taken":0,"max_hp_gain":0,"max_hp_loss":0,"event_name":"Forgotten Altar","floor":31,"gold_loss":0,"cards_obtained":["Decay"]},{"damage_healed":0,"gold_gain":0,"player_choice":"Fight","damage_taken":0,"max_hp_gain":0,"max_hp_loss":0,"event_name":"Mysterious Sphere","floor":37,"gold_loss":0},{"damage_healed":0,"gold_gain":0,"player_choice":"Ignored","damage_taken":0,"max_hp_gain":0,"max_hp_loss":0,"event_name":"NoteForYourself","floor":38,"gold_loss":0}],"is_beta":false,"boss_relics":[{"not_picked":["SlaversCollar","Pandora\u0027s Box"],"picked":"FrozenCore"},{"not_picked":["Philosopher\u0027s Stone","Calling Bell"],"picked":"Runic Pyramid"}],"items_purged_floors":[20],"is_endless":false,"potions_floor_spawned":[4,7,13,14,16,19,22,24,33,36],"killed_by":"Transient","ascension_level":0}}