{"host":"xp5rvh2jwe2ejyfm","time":1611706813,"event":{"mods":["Aspiration","BaseMod","BetterRewards","Colored Powertips","Conspire","Downfall","Duelist Mod","GifTheSpireLib","Gremlin Mod","Hermit","Hubris","Minty Spire (QoL Compilation)","Robot Space Explorer","StSLib","The Blackbeard","The Clintock","The Construct","The Cursed","The Disciple","The Forsaken","The Hierophant","The Necromancer","The Runesmith","The Servant 0.9.4"],"gold_per_floor":[119,26,45,63,76,76,88,88,112,112,77,102,102,102,102,204,204,224,240,18,18,28,54,54,87,87,87,102,102,102],"floor_reached":29,"language":"ENG","playtime":881,"items_purged":[],"score":263,"play_id":"a161995a-78a6-4d9d-8ffe-ecd5c3319c83","local_time":"20210126192013","is_ascension_mode":false,"campfire_choices":[{"data":"TheCursedMod:CircleOfFlame","floor":6,"key":"SMITH"},{"floor":8,"key":"RECALL"},{"data":"TheCursedMod:CircleOfFlame","floor":10,"key":"SMITH"},{"data":"TheCursedMod:SpitefulStrike","floor":13,"key":"SMITH"},{"data":"TheCursedMod:CircleOfFocus","floor":15,"key":"SMITH"},{"floor":24,"key":"REST"},{"floor":27,"key":"REST"}],"circlet_count":0,"master_deck":["TheCursedMod:Strike_TheCursed","TheCursedMod:Strike_TheCursed","TheCursedMod:Strike_TheCursed","TheCursedMod:Strike_TheCursed","TheCursedMod:Defend_TheCursed","TheCursedMod:Defend_TheCursed","TheCursedMod:Defend_TheCursed","TheCursedMod:Defend_TheCursed","TheCursedMod:CursedWand","TheCursedMod:CleanUpWorkshop","TheCursedMod:Dregs","TheCursedMod:CircleOfFlame+1","TheCursedMod:CursedShiv","TheCursedMod:CircleOfFocus+1","TheCursedMod:Wield","TheCursedMod:FuryStrike","TheCursedMod:CircleOfFlame+1","TheCursedMod:FuryStrike","TheCursedMod:SpitefulStrike+1","TheCursedMod:OutForBlood","TheCursedMod:CircleOfCorruption","TheCursedMod:DoubleShield","TheCursedMod:VoidForm","Shame","TheCursedMod:WearCloak","TheCursedMod:CursedShiv+1","TheCursedMod:CursedRelics","TheCursedMod:LuckyCharm"],"relics":["TheCursedMod:BlackMagic101","NeowsBlessing","Vajra","conspire:SpecialSausage","Strange Spoon","theForsaken:Kindling","TungstenRod","Anchor","Boot"],"acts_visited":["Exordium","TheCity"],"potions_floor_usage":[16,25,29],"damage_taken":[{"damage":0,"enemies":"Cultist","floor":1,"turns":1},{"damage":0,"enemies":"Jaw Worm","floor":3,"turns":1},{"damage":0,"enemies":"2 Louse","floor":4,"turns":1},{"damage":2,"enemies":"Large Slime","floor":5,"turns":5},{"damage":10,"enemies":"Exordium Wildlife","floor":7,"turns":4},{"damage":17,"enemies":"3 Sentries","floor":12,"turns":4},{"damage":52,"enemies":"The Guardian","floor":16,"turns":10},{"damage":3,"enemies":"Spheric Guardian","floor":18,"turns":3},{"damage":0,"enemies":"3 Byrds","floor":19,"turns":2},{"damage":38,"enemies":"3 Cultists","floor":22,"turns":6},{"damage":19,"enemies":"theDuelist:KaibaA2","floor":23,"turns":6},{"damage":31,"enemies":"Book of Stabbing","floor":25,"turns":4},{"damage":36,"enemies":"Centurion and Healer","floor":28,"turns":8},{"damage":5,"enemies":"theDuelist:KaibaA2","floor":29,"turns":3}],"seed_played":"5859135519994476077","potions_obtained":[{"floor":3,"key":"SpeedPotion"},{"floor":4,"key":"Weak Potion"},{"floor":19,"key":"construct:ShiftPotion"},{"floor":28,"key":"SteroidPotion"}],"is_trial":false,"path_per_floor":["M","$","M","M","M","R","M","R","T","R","?","E","R","$","R","B",null,"M","M","$","?","M","E","R","E","T","R","M","E"],"character_chosen":"THE_CURSED","items_purchased":["TheCursedMod:CursedShiv","TheCursedMod:CircleOfFocus","TheCursedMod:VoidForm","Strange Spoon"],"campfire_rested":2,"item_purchase_floors":[2,2,20,20],"current_hp_per_floor":[75,75,75,75,73,73,63,63,63,63,75,58,58,58,58,6,75,72,72,72,72,34,15,42,11,11,40,4,0,0],"gold":102,"neow_bonus":"THREE_ENEMY_KILL","is_daily":false,"chose_seed":false,"campfire_upgraded":4,"win_rate":0.0,"timestamp":1611706813,"path_taken":["M","$","?","M","?","R","M","R","T","R","?","E","R","$","R","BOSS","M","M","$","?","M","E","R","E","T","R","M","E"],"items_purchased_type":["Card","Card","Card","Relic"],"build_version":"2020-12-22","purchased_purges":0,"victory":false,"max_hp_per_floor":[75,75,75,75,75,75,75,75,75,75,75,75,75,75,75,75,75,75,75,75,75,75,75,80,80,80,85,85,85,85],"card_choices":[{"not_picked":["TheCursedMod:CircleOfAmplification","TheCursedMod:ReleasedStrength"],"picked":"TheCursedMod:CircleOfFlame","floor":1},{"not_picked":["TheCursedMod:RavingStaff","TheCursedMod:Stretching"],"picked":"TheCursedMod:Wield","floor":3},{"not_picked":["TheCursedMod:RapidMovement","TheCursedMod:Grudge"],"picked":"TheCursedMod:FuryStrike","floor":4},{"not_picked":["TheCursedMod:CircleOfBlood","TheCursedMod:CursedMace"],"picked":"TheCursedMod:CircleOfFlame","floor":5},{"not_picked":["TheCursedMod:CursedShiv","TheCursedMod:SurpriseAttack"],"picked":"TheCursedMod:FuryStrike","floor":7},{"not_picked":["TheCursedMod:Wield","TheCursedMod:ManaCirculation"],"picked":"TheCursedMod:SpitefulStrike","floor":12},{"not_picked":["TheCursedMod:ManaCirculation","TheCursedMod:DarkBarrier"],"picked":"TheCursedMod:OutForBlood","floor":16},{"not_picked":["TheCursedMod:BloodBarrier","TheCursedMod:CursedAmulet"],"picked":"TheCursedMod:CircleOfCorruption","floor":18},{"not_picked":["TheCursedMod:AshesToAshes","TheCursedMod:CircleOfCorruption"],"picked":"TheCursedMod:DoubleShield","floor":19},{"not_picked":["TheCursedMod:ManaBullet+1","TheCursedMod:CircleOfCorruption"],"picked":"TheCursedMod:WearCloak","floor":22},{"not_picked":["TheCursedMod:FuryStrike","TheCursedMod:SaltUponWound"],"picked":"TheCursedMod:CursedShiv+1","floor":23},{"not_picked":["TheCursedMod:CursedAmulet","TheCursedMod:RavingStaff"],"picked":"TheCursedMod:CursedRelics","floor":25},{"not_picked":["TheCursedMod:PrepareRite+1","TheCursedMod:CircleOfWindfury"],"picked":"TheCursedMod:LuckyCharm","floor":28}],"player_experience":359788,"relics_obtained":[{"floor":12,"key":"Vajra"},{"floor":23,"key":"TungstenRod"},{"floor":25,"key":"Anchor"},{"floor":26,"key":"Boot"}],"event_choices":[{"damage_healed":18,"gold_gain":0,"player_choice":"Healed","damage_taken":0,"max_hp_gain":0,"max_hp_loss":0,"event_name":"The Cleric","floor":11,"gold_loss":35},{"damage_healed":0,"gold_gain":0,"player_choice":"Stole Relic","damage_taken":0,"relics_obtained":["theForsaken:Kindling"],"max_hp_gain":0,"max_hp_loss":0,"event_name":"Addict","floor":21,"gold_loss":0,"cards_obtained":["Shame"]}],"is_beta":false,"boss_relics":[{"not_picked":["aspiration:WatcherSkillbook","conspire:RoyalGoblet"],"picked":"conspire:SpecialSausage"}],"items_purged_floors":[],"is_endless":false,"potions_floor_spawned":[3,4,19,28],"killed_by":"theDuelist:KaibaA2","ascension_level":0}}