{"host":"nlkpd3ski1rfk80u","time":1611760111,"event":{"mods":["Act Like it!","Arknights The Spire","BaseMod","Gensokyo","HololiveMod","Marisa£®ÏF”Í°°ƒß¿Ì…≥£©","Minty Spire (QoL Compilation)","Reimu£®≤©¿ˆ¡È√Œ£©","Remilia£®¿Ÿ√◊¿Ú—«£©","StSLib","The Administrix","Youmu£®ªÍ∆«—˝√Œ£©","Yuyuko","noobMod"],"gold_per_floor":[86,101,114,44,44,73,88,113,137,137,137,137,162,179,179,277,277,290,290,310,310,310,336,336,367,367,367,131,131,162,189,189,293,293,311,311,311,611,611,643,675,703,727,759,759,66,66,66,66,66,66],"floor_reached":50,"language":"ZHS","playtime":3523,"items_purged":[],"score":1021,"play_id":"6041641a-6274-4441-a33e-9674a0dfc13f","local_time":"20210127230831","is_ascension_mode":false,"campfire_choices":[{"data":"Hololive_CallShiroganeNoel","floor":10.0,"key":"SMITH"},{"data":"Hololive_CallNekomataOkayu","floor":12.0,"key":"SMITH"},{"data":"Hololive_Trident","floor":15.0,"key":"SMITH"},{"floor":24,"key":"RECALL"},{"data":"Hololive_CallUsadaPekora","floor":29,"key":"SMITH"},{"data":"Gensokyo:Kunekune","floor":32,"key":"SMITH"},{"data":"Hololive_CallAkiRosenthal","floor":45,"key":"SMITH"},{"data":"Gensokyo:UnhurriedMind","floor":47,"key":"SMITH"},{"data":"Hololive_DDD","floor":49,"key":"SMITH"}],"circlet_count":0,"master_deck":["Hololive_Defend","Hololive_Drill+1","Hololive_CallShiroganeNoel+1","Hololive_CallHoushouMarine+1","Hololive_CallNekomataOkayu","Hololive_CallNekomataOkayu+1","Hololive_CallAkiRosenthal+1","Hololive_CallShiranuiFlare","Hololive_Trident+1","Hololive_CallShirakamiFubuki+1","Hololive_AWSL","Hololive_Psychosis","Hololive_CallOkamiMio","Hololive_CallInugamiKorone","Hololive_CallMurasakiShion","Hololive_Thief","Hololive_CallNakiriAyame","Gensokyo:Kunekune+1","Hololive_HuntDinosaur+1","Hololive_StrengthChampion+1","Hololive_CallUsadaPekora+1","Gensokyo:FourOfAKind","Gensokyo:FourOfAKind","Gensokyo:FourOfAKind","Hololive_Spy","Hololive_CallFriendA","Hololive_FlyingPonyTail","Hololive_WolfAndLamb","Hololive_CallCivia+1","Gensokyo:MedicineKit","Gensokyo:UnhurriedMind+1","Hololive_CallRoboco","Hololive_CallRoboco+1","Hololive_CallTsunomakiWatame+1","Hololive_DevilCharm+1","Hololive_CallYukihanaLamy","Hololive_MaximGun","Hololive_CocoNews","Hololive_CallYogiri+1","Gensokyo:BlemishedSteel","Gensokyo:DepletedGenerator","Gensokyo:Shovel","Gensokyo:ManorOfTheDishes","Hololive_DDD+1"],"relics":["Hololive_TheStar","ice","Oddly Smooth Stone","Hololive_FriedShrimpLion","Gensokyo:PortableGap","PreservedInsect","Hololive_Finger","Gensokyo:MosesMiracle","Orichalcum","Ice Cream","Happy Flower","Unceasing Top","Strange Spoon","RuthlessExorcism:ReiMu","Torii","Philosopher\u0027s Stone","Old Coin","Ornamental Fan","Whetstone","Bottled Tornado","Juzu Bracelet","Calipers","TheAbacus","Orrery"],"acts_visited":["Gensokyo:Gensokyoer","Gensokyo:Gensokyoest"],"potions_floor_usage":[],"damage_taken":[{"damage":0.0,"enemies":"Gensokyo:2_Kodama","floor":1.0,"turns":2.0},{"damage":0.0,"enemies":"Gensokyo:Gryphon","floor":2.0,"turns":3.0},{"damage":0.0,"enemies":"Gensokyo:Python","floor":3.0,"turns":2.0},{"damage":0.0,"enemies":"Gensokyo:Mamizou","floor":6.0,"turns":4.0},{"damage":0.0,"enemies":"Gensokyo:2_Rabbits","floor":7.0,"turns":3.0},{"damage":0.0,"enemies":"Gensokyo:Aya","floor":8.0,"turns":3.0},{"damage":0.0,"enemies":"Gensokyo:Cirno","floor":13.0,"turns":6.0},{"damage":0.0,"enemies":"Gensokyo:5_Fairies","floor":14.0,"turns":4.0},{"damage":0,"enemies":"Gensokyo:Reimu","floor":16,"turns":8},{"damage":0,"enemies":"Gensokyo:2_Gloops","floor":18,"turns":3},{"damage":0,"enemies":"Gensokyo:Chomper","floor":20,"turns":3},{"damage":0,"enemies":"Gensokyo:Reisen","floor":23,"turns":3},{"damage":0,"enemies":"Gensokyo:Koishi","floor":25,"turns":3},{"damage":1,"enemies":"Gensokyo:Tenshi","floor":30,"turns":2},{"damage":0,"enemies":"Gensokyo:Koishi","floor":31,"turns":3},{"damage":0,"enemies":"Gensokyo:Kaguya","floor":33,"turns":6},{"damage":0,"enemies":"Gensokyo:AncientGuardian","floor":35,"turns":4},{"damage":21,"enemies":"Gensokyo:AncientGuardian","floor":37,"turns":4},{"damage":0,"enemies":"Gensokyo:Marisa","floor":40,"turns":3},{"damage":0,"enemies":"Gensokyo:Kasen","floor":41,"turns":3},{"damage":0,"enemies":"Gensokyo:Doremy","floor":42,"turns":4},{"damage":0,"enemies":"Gensokyo:Kasen","floor":44,"turns":3},{"damage":0,"enemies":"Gensokyo:Yuyuko","floor":50,"turns":3}],"seed_played":"8947070010051119399","potions_obtained":[{"floor":1.0,"key":"Fire Potion"},{"floor":2.0,"key":"Weak Potion"},{"floor":3.0,"key":"PowerPotion"},{"floor":18,"key":"GrandPatriotsElixir:ReiMu"},{"floor":25,"key":"Ancient Potion"}],"is_trial":false,"path_per_floor":["M","M","M","?","$","E","M","E","T","R","?","R","E","M","R","B",null,"M","?","M","?","?","E","R","E","T","?","$","R","E","E","R","B",null,"M","?","?","?","?","E","E","E","T","E","R","COS","R","?","R","B"],"character_chosen":"Hololive_HololiveCharacter","items_purchased":["Strange Spoon","Hololive_Spy"],"campfire_rested":0,"item_purchase_floors":[28,28],"current_hp_per_floor":[38,38,38,38,38,38,39,40,40,40,36,36,37,38,38,38,38,39,33,31,31,26,27,27,28,25,18,15,15,13,14,14,15,15,16,16,13,8,8,9,9,10,7,5,5,2,2,2,2,0,0],"gold":66,"neow_bonus":"TEN_PERCENT_HP_BONUS","is_daily":false,"chose_seed":false,"campfire_upgraded":8,"win_rate":0.0,"timestamp":1611760111,"path_taken":["M","M","M","?","$","E","M","E","T","R","?","R","E","M","R","BOSS","M","?","?","?","?","E","R","E","T","?","$","R","E","E","R","BOSS","M","?","?","?","?","E","E","E","T","E","R","COS","R","?","R","BOSS"],"items_purchased_type":["Relic","Card"],"build_version":"2020-12-22","purchased_purges":0,"victory":false,"max_hp_per_floor":[38,38,38,38,38,38,39,40,40,40,36,36,37,38,38,38,38,39,33,31,31,26,27,27,28,25,18,15,15,13,14,14,15,15,16,16,13,13,13,11,9,10,7,5,5,2,2,2,2,1,1],"card_choices":[{"not_picked":["Hololive_Psychosis","Hololive_Trident","Hololive_SummonFox"],"picked":"Hololive_CallShiranuiFlare","floor":1.0},{"not_picked":["Hololive_Breathe","Hololive_CallYukihanaLamy","Hololive_OvertimeWork"],"picked":"Hololive_Trident","floor":2.0},{"not_picked":["Hololive_Psychosis","Hololive_Trident","Hololive_CocoNews"],"picked":"Hololive_CallShirakamiFubuki","floor":3.0},{"not_picked":["Hololive_CocoNews","Hololive_Teleport","Hololive_OvertimeWork"],"picked":"Hololive_AWSL","floor":6.0},{"not_picked":["Hololive_CallHoushouMarine","Hololive_RevenueBasedLive","Hololive_CallYogiri"],"picked":"Hololive_Psychosis","floor":7.0},{"not_picked":["Hololive_CallHoshimachiSuisei","Hololive_CallAZKi","Hololive_Drill"],"picked":"Hololive_CallOkamiMio","floor":8.0},{"not_picked":["Hololive_CallRoboco","Hololive_Rebound","Hololive_StrengthChampion"],"picked":"Hololive_CallInugamiKorone","floor":13.0},{"not_picked":["Hololive_FlyingPonyTail","Hololive_OvertimeWork","Hololive_CocoNews"],"picked":"Hololive_CallMurasakiShion","floor":14.0},{"not_picked":["Hololive_HighAtkLowDef","Hololive_DiamondStrike","Hololive_AWSL"],"picked":"Hololive_Thief","floor":16},{"not_picked":["Hololive_Sequa+1","Hololive_DevilCharm","Hololive_Drill"],"picked":"Hololive_CallNakiriAyame","floor":18},{"not_picked":["Gensokyo:SpontaneousHumanCombustion","Gensokyo:MissMary","Gensokyo:SlitMouthedWoman"],"picked":"Gensokyo:Kunekune","floor":19},{"not_picked":["Hololive_OvertimeWork","Hololive_Breathe+1","Hololive_StarCraft"],"picked":"Hololive_HuntDinosaur+1","floor":20},{"not_picked":["Hololive_CallMurasakiShion","Hololive_Watashimo","Hololive_CallNatsuiroMatsuri"],"picked":"Hololive_StrengthChampion","floor":23},{"not_picked":["Hololive_Rebound+1","Hololive_Psychosis","Hololive_CallMurasakiShion"],"picked":"Hololive_CallUsadaPekora","floor":25},{"not_picked":["Hololive_RevenueBasedLive","Hololive_StarCraft","Hololive_Trident"],"picked":"Hololive_CallFriendA","floor":30},{"not_picked":["Hololive_Trident","Hololive_Watashimo","Hololive_Psychosis+1"],"picked":"Hololive_FlyingPonyTail","floor":31},{"not_picked":["Hololive_FlareMind","Hololive_DiamondStrike","Hololive_OpenUp"],"picked":"Hololive_WolfAndLamb","floor":33},{"not_picked":["Hololive_Trident","Hololive_CallShiroganeNoel+1","Hololive_CallOkamiMio"],"picked":"Hololive_CallCivia+1","floor":35},{"not_picked":["Gensokyo:HouraiInAPot","Gensokyo:DreamlikeParadise"],"picked":"Gensokyo:UnhurriedMind","floor":37},{"not_picked":["Hololive_HuntDinosaur","Hololive_Drill","Hololive_Psychosis+1"],"picked":"Hololive_CallRoboco","floor":40},{"not_picked":["Hololive_ILoveYou","Hololive_HuntDinosaur","Hololive_CallShiroganeNoel"],"picked":"Hololive_CallRoboco+1","floor":41},{"not_picked":["Hololive_LuckPotion","Hololive_OvertimeWork+1","Hololive_CallDoris+1"],"picked":"Hololive_CallTsunomakiWatame+1","floor":42},{"not_picked":["Hololive_Drill","Hololive_RevenueBasedLive+1","Hololive_OvertimeWork"],"picked":"Hololive_DevilCharm+1","floor":44},{"not_picked":["Hololive_Rebound","Hololive_FlyingPonyTail","Hololive_StrengthChampion"],"picked":"Hololive_CallYukihanaLamy","floor":46},{"not_picked":["Hololive_CallInugamiKorone+1","Hololive_ManjiGathering","Hololive_CallRosalyn"],"picked":"Hololive_MaximGun","floor":46},{"not_picked":["Hololive_OvertimeWork","Hololive_LuckPotion+1","Hololive_ILoveYou"],"picked":"Hololive_CocoNews","floor":46},{"not_picked":["Hololive_CallCivia","Hololive_CallMurasakiShion","Hololive_CocoNews+1"],"picked":"Hololive_CallYogiri+1","floor":46}],"player_experience":21048,"relics_obtained":[{"floor":6.0,"key":"Oddly Smooth Stone"},{"floor":8.0,"key":"Hololive_FriedShrimpLion"},{"floor":13.0,"key":"PreservedInsect"},{"floor":23,"key":"Ice Cream"},{"floor":25,"key":"Happy Flower"},{"floor":26,"key":"Unceasing Top"},{"floor":30,"key":"Gensokyo:MosesMiracle"},{"floor":30,"key":"RuthlessExorcism:ReiMu"},{"floor":31,"key":"Torii"},{"floor":40,"key":"Ornamental Fan"},{"floor":41,"key":"Whetstone"},{"floor":42,"key":"Bottled Tornado"},{"floor":43,"key":"Juzu Bracelet"},{"floor":44,"key":"Calipers"}],"event_choices":[],"is_beta":false,"boss_relics":[{"not_picked":["RedLine:ReiMu","Ectoplasm"],"picked":"Hololive_Finger"},{"not_picked":["Empty Cage","Hololive_TopUpMoneyS"],"picked":"Philosopher\u0027s Stone"}],"items_purged_floors":[],"is_endless":false,"potions_floor_spawned":[1,2,3,7,13,18,23,25,30,31,41,42],"killed_by":"Gensokyo:Yuyuko","ascension_level":0}}