{"host":"hca6liskeo7s99fa","time":1611778872,"event":{"mods":["BaseMod","Downfall","Minty Spire (QoL Compilation)","Replay The Spire","StSLib","The Cursed"],"gold_per_floor":[115,115,65,65,82,113,113,148,148,148,148,148,148,175,175,272,272,284,284,296,148,173,173,225,225,299,299,353,353,129,164,164,288,288,314,377,377,109,109,109,135,176,176,176,246,276,276,304,304,344],"floor_reached":51,"language":"ENG","playtime":2705,"items_purged":[],"score":878,"play_id":"cda33b0b-04ce-4486-8016-8e8ecce0b855","local_time":"20210127152112","is_ascension_mode":true,"campfire_choices":[{"data":"Perfected Strike","floor":7,"key":"SMITH"},{"data":"ReplayTheSpireMod:LeadingStrike","floor":10,"key":"SMITH"},{"data":"Sever Soul","floor":11,"key":"SMITH"},{"floor":13,"key":"REST"},{"data":"Demon Form","floor":23,"key":"SMITH"},{"data":"J.A.X.","floor":27,"key":"SMITH"},{"data":"Armaments","floor":29,"key":"SMITH"},{"data":"Blood for Blood","floor":32,"key":"SMITH"},{"data":"Feed","floor":40,"key":"SMITH"},{"data":"Perfected Strike","floor":44,"key":"SMITH"},{"data":"Flame Barrier","floor":47,"key":"SMITH"},{"data":"Immolate","floor":49,"key":"SMITH"}],"circlet_count":0,"master_deck":["Strike_R+1","Strike_R+1","Strike_R+1","Strike_R+1","Defend_R","Defend_R","Defend_R","Bash","Bloodletting+1","Perfected Strike+1","Cleave","ReplayTheSpireMod:LeadingStrike+1","Sever Soul+1","Flame Barrier+1","Demon Form+1","Clothesline","downfall:Bewildered","Clothesline","Immolate+1","J.A.X.+1","Armaments+1","Demon Form+1","Blood for Blood+1","Feed+1","Metamorphosis","Perfected Strike+1","Replay:Sssssssssshield","Flex+1","Pommel Strike+1","Whirlwind+1","ReplayTheSpireMod:Muscle Training","Perfected Strike+1"],"relics":["Burning Blood","WingedGreaves","Gremlin Horn","Replay:Bottled Eggs","Another Sword","Odd Mushroom","Snecko Eye","sneckomod:BabySnecko","Replay:Bandana","FossilizedHelix","ReplayTheSpireMod:Shallot","Happy Flower","DollysMirror","Runic Cube","Replay:Kaleidoscope","Membership Card","Replay:Mystery Machine","Pear","Unceasing Top"],"acts_visited":["Exordium","TheCity","TheBeyond"],"potions_floor_usage":[8,16,18,22,22,33,36,41],"damage_taken":[{"damage":10,"enemies":"Cultist","floor":1,"turns":5},{"damage":9,"enemies":"2 Louse","floor":5,"turns":2},{"damage":13,"enemies":"Gremlin Nob","floor":6,"turns":3},{"damage":53,"enemies":"Lagavulin","floor":8,"turns":6},{"damage":11,"enemies":"The Mushroom Lair","floor":14,"turns":2},{"damage":54,"enemies":"Hexaghost","floor":16,"turns":8},{"damage":22,"enemies":"Shell Parasite","floor":18,"turns":3},{"damage":0,"enemies":"Spheric Guardian","floor":20,"turns":1},{"damage":19,"enemies":"Snake Plant","floor":22,"turns":2},{"damage":23,"enemies":"Slavers","floor":24,"turns":3},{"damage":0,"enemies":"Book of Stabbing","floor":28,"turns":2},{"damage":0,"enemies":"Snecko","floor":31,"turns":2},{"damage":43,"enemies":"Collector","floor":33,"turns":6},{"damage":12,"enemies":"3 Shapes","floor":35,"turns":2},{"damage":28,"enemies":"2 Orb Walkers","floor":36,"turns":4},{"damage":0,"enemies":"Orb Walker","floor":41,"turns":2},{"damage":24,"enemies":"Reptomancer","floor":42,"turns":4},{"damage":17,"enemies":"Mind Bloom Boss Battle","floor":45,"turns":4},{"damage":0,"enemies":"Writhing Mass","floor":46,"turns":2},{"damage":0,"enemies":"Jaw Worm Horde","floor":48,"turns":2},{"damage":52,"enemies":"Awakened One","floor":50,"turns":6}],"seed_played":"-7260912743013806439","potions_obtained":[{"floor":6,"key":"Regen Potion"},{"floor":8,"key":"Reflective Coating"},{"floor":14,"key":"Adrenaline Potion"},{"floor":16,"key":"SteroidPotion"},{"floor":18,"key":"Swift Potion"},{"floor":31,"key":"BloodPotion"},{"floor":35,"key":"ColorlessPotion"},{"floor":36,"key":"Swift Potion"}],"is_trial":false,"path_per_floor":["M","T","?","$","M","E","R","E","T","R","R","$","R","?","R","B",null,"M","?","M","$","M","R","E","?","T","R","E","R","$","M","R","B",null,"M","?","?","$","?","R","M","E","T","R","?","M","R","M","R","B",null],"character_chosen":"IRONCLAD","items_purchased":["Replay:Bandana","DollysMirror","Blood for Blood","Membership Card","Metamorphosis","Perfected Strike"],"campfire_rested":1,"item_purchase_floors":[21,30,30,38,38,38],"current_hp_per_floor":[76,76,76,76,73,66,66,34,34,34,34,34,58,53,77,29,80,64,64,70,70,57,57,40,40,40,40,46,46,46,52,52,31,80,77,58,58,58,58,58,64,50,60,60,49,55,55,61,61,15],"gold":344,"neow_bonus":"RANDOM_EVENT","is_daily":false,"chose_seed":false,"campfire_upgraded":11,"win_rate":0.0,"timestamp":1611778872,"path_taken":["M","?","?","?","?","E","R","E","T","R","R","$","R","?","R","BOSS","M","?","M","$","M","R","E","?","T","R","E","R","?","M","R","BOSS","M","?","?","$","?","R","M","E","T","R","?","?","R","?","R","BOSS"],"items_purchased_type":["Relic","Relic","Card","Relic","Card","Card"],"build_version":"2020-12-22","purchased_purges":0,"victory":true,"max_hp_per_floor":[80,80,80,80,80,80,80,80,80,80,80,80,80,80,80,80,80,80,80,80,80,80,80,80,80,80,80,80,80,80,80,80,80,80,83,86,86,86,86,86,86,90,100,100,100,100,100,100,100,100],"card_choices":[{"not_picked":["Pommel Strike","Thunderclap"],"picked":"Perfected Strike","floor":1},{"not_picked":["Clash","Defy Death"],"picked":"Cleave","floor":5},{"not_picked":["Barricade","Thunderclap"],"picked":"ReplayTheSpireMod:LeadingStrike","floor":6},{"not_picked":["True Grit","Dual Wield"],"picked":"Sever Soul","floor":8},{"not_picked":["Rampage","Fire Breathing"],"picked":"Flame Barrier","floor":14},{"not_picked":["Corruption","Hemogenesis"],"picked":"Demon Form","floor":16},{"not_picked":["Wild Strike","Pummel"],"picked":"Clothesline","floor":18},{"not_picked":["Havoc","Abandon+1","Wild Strike"],"picked":"SKIP","floor":20},{"not_picked":["ReplayTheSpireMod:Strike From Hell","Cleave"],"picked":"Clothesline","floor":22},{"not_picked":["True Grit+1","Thunderclap"],"picked":"Immolate","floor":24},{"not_picked":["Cleave","ReplayTheSpireMod:LeadingStrike"],"picked":"Armaments","floor":28},{"not_picked":["Wild Strike","Flex","True Grit"],"picked":"SKIP","floor":31},{"not_picked":["Exhume","Juggernaut"],"picked":"Feed","floor":33},{"not_picked":["Havoc","Intimidate+1","Twin Strike"],"picked":"SKIP","floor":35},{"not_picked":["Discovery","Panacea"],"picked":"Replay:Sssssssssshield","floor":39},{"not_picked":["Cleave","Blood for Blood"],"picked":"Flex+1","floor":41},{"not_picked":["Wild Strike+1","Anger"],"picked":"Pommel Strike+1","floor":42},{"not_picked":["Battle Trance","Run Through+1"],"picked":"Whirlwind+1","floor":45},{"not_picked":["Run Through+1","Evolve+1"],"picked":"ReplayTheSpireMod:Muscle Training","floor":46},{"not_picked":["Anger","Havoc"],"picked":"Perfected Strike+1","floor":48}],"player_experience":293780,"relics_obtained":[{"floor":2,"key":"WingedGreaves"},{"floor":6,"key":"Gremlin Horn"},{"floor":8,"key":"Replay:Bottled Eggs"},{"floor":9,"key":"Another Sword"},{"floor":14,"key":"Odd Mushroom"},{"floor":24,"key":"FossilizedHelix"},{"floor":26,"key":"ReplayTheSpireMod:Shallot"},{"floor":28,"key":"Happy Flower"},{"floor":36,"key":"Replay:Kaleidoscope"},{"floor":42,"key":"Replay:Mystery Machine"},{"floor":43,"key":"Pear"},{"floor":45,"key":"Unceasing Top"}],"event_choices":[{"damage_healed":0,"gold_gain":0,"cards_transformed":["Strike_R"],"player_choice":"Change","damage_taken":0,"max_hp_gain":0,"max_hp_loss":0,"event_name":"Living Wall","floor":0,"gold_loss":0,"cards_obtained":["Bloodletting"]},{"cards_removed":["Defend_R"],"damage_healed":0,"gold_gain":0,"player_choice":"Card Removal","damage_taken":0,"max_hp_gain":0,"max_hp_loss":0,"event_name":"The Cleric","floor":3,"gold_loss":50},{"damage_healed":0,"gold_gain":0,"player_choice":"Fought Mushrooms","damage_taken":0,"max_hp_gain":0,"max_hp_loss":0,"event_name":"Mushrooms","floor":14,"gold_loss":0},{"damage_healed":0,"gold_gain":0,"player_choice":"Obtain J.A.X.","damage_taken":0,"max_hp_gain":0,"max_hp_loss":0,"event_name":"Drug Dealer","floor":25,"gold_loss":0,"cards_obtained":["J.A.X."]},{"damage_healed":0,"gold_gain":0,"player_choice":"Fight","damage_taken":0,"max_hp_gain":0,"max_hp_loss":0,"event_name":"Mysterious Sphere","floor":36,"gold_loss":0},{"damage_healed":0,"gold_gain":0,"player_choice":"Ignored","damage_taken":0,"max_hp_gain":0,"max_hp_loss":0,"event_name":"Tomb of Lord Red Mask","floor":37,"gold_loss":0},{"damage_healed":0,"gold_gain":0,"player_choice":"Memory 1","damage_taken":0,"max_hp_gain":0,"max_hp_loss":0,"event_name":"SensoryStone","floor":39,"gold_loss":0},{"damage_healed":0,"gold_gain":0,"player_choice":"Fight","damage_taken":0,"max_hp_gain":0,"max_hp_loss":0,"event_name":"MindBloom","floor":45,"gold_loss":0}],"is_beta":false,"boss_relics":[{"not_picked":["Busted Crown","Sozu"],"picked":"Snecko Eye"},{"not_picked":["Ooze Armor","Velvet Choker"],"picked":"Runic Cube"}],"items_purged_floors":[],"is_endless":false,"potions_floor_spawned":[6,8,14,16,18,31,35,36],"ascension_level":4}}