{"host":"h4qgcirtxz6qax9j","time":1611722395,"event":{"mods":["2.2 Compatiblity","AchievementEnabler","BaseMod","Colored Powertips","Custom Start","Hermit","Marisa£¨Ùöéë¡¡Øª×âÞÞ£©","Minty Spire (QoL Compilation)","Replay The Spire","StSLib","SuperFastMode","The Servant 0.9.4"],"gold_per_floor":[119,135,4,60,60,60,89,113,177,202,227,249,275,301,313,429,441,472,494,264,277,277,302,315,349,349,362,375,375,375,391,391,391,391],"floor_reached":33,"language":"KOR","playtime":1509,"items_purged":[],"score":336,"play_id":"ceee24f9-f0ad-40db-9e09-eab43068f1a2","local_time":"20210127133955","is_ascension_mode":true,"campfire_choices":[{"data":"GrandCross","floor":6.0,"key":"SMITH"},{"floor":15.0,"key":"REST"},{"floor":30,"key":"REST"},{"floor":32,"key":"REST"}],"circlet_count":0,"master_deck":["Strike_MRS","Strike_MRS","Strike_MRS","Defend_MRS","Defend_MRS","Defend_MRS","Defend_MRS","MasterSpark","UpSweep","Languid","ReplayTheSpireMod:Splinters","GalacticHalo","PulseMagic","GrandCross+1","DarkMatter","DoubleSpark","OortCloud","DC","BinaryStars","EnergyFlow","Pot Of Greed","Pot Of Greed","PulseMagic","EnergyFlow","GalacticHalo","Pot Of Greed"],"relics":["MiniHakkero","Painkiller Herb","MawBank","ReplayFunnel","ChewingGum","Membership Card","Grinning Jar","StoneCalendar","Toxic Egg 2","Darkstone Periapt","MutagenicStrength"],"acts_visited":["Exordium","TheCity"],"potions_floor_usage":[27,28,33,33],"damage_taken":[{"damage":1.0,"enemies":"Small Slimes","floor":1.0,"turns":3.0},{"damage":1.0,"enemies":"Cultist","floor":2.0,"turns":3.0},{"damage":31.0,"enemies":"3 Sentries","floor":7.0,"turns":8.0},{"damage":0.0,"enemies":"2 Louse","floor":8.0,"turns":2.0},{"damage":12.0,"enemies":"Red Slaver","floor":10.0,"turns":3.0},{"damage":7.0,"enemies":"Blue Slaver","floor":11.0,"turns":3.0},{"damage":0.0,"enemies":"Large Slime","floor":12.0,"turns":8.0},{"damage":3.0,"enemies":"Red Slaver","floor":13.0,"turns":3.0},{"damage":9.0,"enemies":"Lots of Slimes","floor":14.0,"turns":6.0},{"damage":24.0,"enemies":"Slime Boss","floor":16.0,"turns":16.0},{"damage":13.0,"enemies":"3 Byrds","floor":18.0,"turns":8.0},{"damage":0.0,"enemies":"Spheric Guardian","floor":19.0,"turns":3.0},{"damage":6.0,"enemies":"Centurion and Healer","floor":21.0,"turns":5.0},{"damage":4.0,"enemies":"Replay:Snechameleon","floor":23.0,"turns":11.0},{"damage":24.0,"enemies":"Cultist and Chosen","floor":24.0,"turns":7.0},{"damage":11,"enemies":"Book of Stabbing","floor":25,"turns":3},{"damage":5,"enemies":"Snake Plant","floor":27,"turns":6},{"damage":2,"enemies":"Sentry and Sphere","floor":28,"turns":5},{"damage":19,"enemies":"Centurion and Healer","floor":31,"turns":5},{"damage":55,"enemies":"Collector","floor":33,"turns":10}],"seed_played":"-8850806914713754552","potions_obtained":[{"floor":1.0,"key":"SkillPotion"},{"floor":2.0,"key":"GamblersBrew"},{"floor":5.0,"key":"Explosive Potion"},{"floor":16.0,"key":"Energy Potion"},{"floor":18.0,"key":"Weak Potion"},{"floor":19.0,"key":"Strength Potion"},{"floor":28,"key":"SteroidPotion"},{"floor":31,"key":"PowerPotion"}],"is_trial":false,"path_per_floor":["?","?","T","?","?","T","E","?","T","?","?","?","?","?","T","B",null,"?","?","T","?","?","E","?","E","T","?","?","?","T","?","T","B"],"character_chosen":"MARISA","items_purchased":["PulseMagic","GrandCross","Membership Card","Grinning Jar","PulseMagic"],"campfire_rested":3,"item_purchase_floors":[3,3,20,20,20],"current_hp_per_floor":[74,73,73,73,73,73,42,42,42,30,23,23,20,11,33,9,75,62,62,62,56,56,52,28,17,17,12,10,10,32,13,35,0,0],"gold":391,"neow_bonus":"CURSED_BOSS_RELIC","is_daily":false,"chose_seed":false,"campfire_upgraded":1,"win_rate":0.0,"timestamp":1611722395,"path_taken":["?","?","T","?","?","T","E","?","T","?","?","?","?","?","T","BOSS","?","?","T","?","?","E","?","E","T","?","?","?","T","?","T","BOSS"],"items_purchased_type":["Card","Card","Relic","Relic","Card"],"build_version":"2020-12-22","purchased_purges":0,"victory":false,"max_hp_per_floor":[75,75,75,75,75,75,75,75,75,75,75,75,75,75,75,75,75,75,75,75,75,75,75,75,75,75,75,75,75,75,75,75,75,75],"card_choices":[{"not_picked":["UnstableBomb","NonDirectionalLaser"],"picked":"GalacticHalo","floor":1.0},{"not_picked":["WitchLeyline","TreasureHunter","MysteriousBeam"],"picked":"SKIP","floor":2.0},{"not_picked":["IllusionStar","StarBarrage","LuminesStrike"],"picked":"SKIP","floor":7.0},{"not_picked":["EnergyRecoil","DoubleSpark"],"picked":"DarkMatter","floor":8.0},{"not_picked":["WitchOfGreed","MagicChant"],"picked":"DoubleSpark","floor":10.0},{"not_picked":["SprinkleStarSeal","NonDirectionalLaser","AsteroidBelt"],"picked":"SKIP","floor":11.0},{"not_picked":["SprinkleStarSeal","StarlightTyphoon"],"picked":"OortCloud","floor":12.0},{"not_picked":["CasketOfStar","SporeBomb"],"picked":"DC","floor":13.0},{"not_picked":["DC","OrrerysSun","Acceleration"],"picked":"SKIP","floor":14.0},{"not_picked":["CasketOfStar","JA"],"picked":"BinaryStars","floor":16.0},{"not_picked":["UnstableBomb","OpenUniverse","IllusionStar"],"picked":"SKIP","floor":18.0},{"not_picked":["UnstableBomb+1","NonDirectionalLaser"],"picked":"EnergyFlow","floor":19.0},{"not_picked":["SporeBomb","IllusionStar+1","GalacticHalo"],"picked":"SKIP","floor":21.0},{"not_picked":["ManaRampage","MysteriousBeam+1"],"picked":"EnergyFlow","floor":23.0},{"not_picked":["6A","DarkMatter"],"picked":"GalacticHalo","floor":24.0},{"not_picked":["SporeBomb+1","SatelliteIllusion","PowerUp+1"],"picked":"SKIP","floor":25},{"not_picked":["LuminesStrike","DoubleSpark","AsteroidBelt+1"],"picked":"SKIP","floor":27},{"not_picked":["LuminesStrike+1","BigCrunch+1","WitchLeyline"],"picked":"SKIP","floor":28},{"not_picked":["OneTimeOff+1","WitchLeyline","IllusionStar+1"],"picked":"SKIP","floor":31}],"player_experience":114073,"relics_obtained":[{"floor":7.0,"key":"MawBank"},{"floor":9.0,"key":"ReplayFunnel"},{"floor":23.0,"key":"StoneCalendar"},{"floor":25,"key":"Toxic Egg 2"},{"floor":26,"key":"Darkstone Periapt"}],"event_choices":[{"damage_healed":0.0,"max_hp_gain":0.0,"max_hp_loss":0.0,"gold_gain":56.0,"event_name":"Golden Wing","player_choice":"Gained Gold","floor":4.0,"gold_loss":0.0,"damage_taken":0.0},{"damage_healed":0.0,"max_hp_gain":0.0,"max_hp_loss":0.0,"gold_gain":0.0,"event_name":"Lab","player_choice":"Got Potions","floor":5.0,"gold_loss":0.0,"damage_taken":0.0},{"cards_removed":["Strike_MRS"],"damage_healed":0.0,"max_hp_gain":0.0,"max_hp_loss":0.0,"gold_gain":0.0,"event_name":"Purifier","player_choice":"Purged","floor":22.0,"gold_loss":0.0,"damage_taken":0.0},{"damage_healed":0,"gold_gain":0,"player_choice":"Inject Mutagens","damage_taken":0,"relics_obtained":["MutagenicStrength"],"max_hp_gain":0,"max_hp_loss":0,"event_name":"Drug Dealer","floor":29,"gold_loss":0}],"is_beta":false,"boss_relics":[{"not_picked":["Snecko Eye","Empty Cage"],"picked":"ChewingGum"}],"items_purged_floors":[],"is_endless":false,"potions_floor_spawned":[1,2,7,16,18,19,28,31],"killed_by":"Collector","ascension_level":1}}