{"host":"ewns8ifhbubwkcum","time":1611780925,"event":{"mods":["BaseMod","Block Reminder","Colored Map","Colored Powertips","Downfall","Highlight Path","Minty Spire (QoL Compilation)","Permanent Neow","Quick Restart","Random Character Button","StSLib"],"gold_per_floor":[99,117,267,278,292,318,341,341,367,367,8,8,60,60,91,91,91,91],"floor_reached":16,"language":"ENG","playtime":1272,"items_purged":["sneckomod:Strike"],"score":121,"play_id":"91ab05df-ee82-4399-888a-b1e559c24054","local_time":"20210127145525","is_ascension_mode":true,"campfire_choices":[{"floor":1,"key":"REST"},{"floor":10,"key":"REST"}],"circlet_count":0,"master_deck":["sneckomod:Strike","sneckomod:Strike","sneckomod:Defend+1","sneckomod:Defend","sneckomod:Defend+1","sneckomod:TailWhip+1","sneckomod:SnekBite","sneckomod:Unknown+1","sneckomod:Unknown","sneckomod:UnknownRareSkill","sneckomod:UnknownCommonAttack","sneckomod:UnknownClassGUARDIAN","sneckomod:Transmogrify","sneckomod:UnknownUncommonSkill+1","HandOfGreed","sneckomod:UnknownClassBLUE","downfall:Malfunctioning","sneckomod:ImprovisedGuard","sneckomod:UnknownUncommonPower"],"relics":["sneckomod:SneckoSoul","War Paint","Blue Candle"],"acts_visited":["Exordium"],"potions_floor_usage":[6,11,16,16,16],"damage_taken":[{"damage":1,"enemies":"Cultist","floor":2,"turns":4},{"damage":6,"enemies":"2 Louse","floor":4,"turns":3},{"damage":7,"enemies":"Jaw Worm","floor":5,"turns":3},{"damage":39,"enemies":"3 Sentries","floor":6,"turns":8},{"damage":16,"enemies":"Lagavulin","floor":9,"turns":7},{"damage":5,"enemies":"downfall:FleeingMerchant","floor":11,"turns":4},{"damage":15,"enemies":"Exordium Wildlife","floor":13,"turns":8},{"damage":14,"enemies":"Large Slime","floor":15,"turns":8},{"damage":30,"enemies":"IC_STATUS_ARCHETYPE","floor":16,"turns":8}],"seed_played":"2361524198608181241","potions_obtained":[{"floor":5,"key":"PowerPotion"},{"floor":6,"key":"champ:CounterPotion"},{"floor":9,"key":"Slimebound:ThreeZeroPotion"},{"floor":13,"key":"Swift Potion"}],"is_trial":false,"path_per_floor":["R","M","?","M","M","E","T","?","E","R","$","?","M","?","M","B"],"character_chosen":"THE_SNECKO","items_purchased":["HandOfGreed","sneckomod:UnknownClassBLUE","Fruit Juice"],"campfire_rested":2,"item_purchase_floors":[11,11,11],"current_hp_per_floor":[90,89,89,83,76,44,44,44,28,55,50,50,35,30,16,0,0,0],"gold":91,"neow_bonus":"THREE_RARE_CARDS","is_daily":false,"chose_seed":false,"campfire_upgraded":0,"win_rate":0.0,"timestamp":1611780925,"path_taken":["R","M","?","M","M","E","T","?","E","R","$","?","M","?","M","BOSS"],"items_purchased_type":["Card","Card","Potion"],"build_version":"2020-12-22","purchased_purges":1,"victory":false,"max_hp_per_floor":[90,90,90,90,90,90,90,90,90,90,90,90,90,90,90,95,95,95],"card_choices":[{"not_picked":["sneckomod:SoulExchange","sneckomod:Cheat"],"picked":"sneckomod:UnknownRareSkill","floor":0.0},{"not_picked":["sneckomod:UnknownVulnerable","sneckomod:Rotation","sneckomod:DiceCrush"],"picked":"SKIP","floor":2},{"not_picked":["sneckomod:SnekBeam","sneckomod:SoulRoll","sneckomod:QuickBite"],"picked":"SKIP","floor":4},{"not_picked":["sneckomod:SoulDraw","sneckomod:UnknownDraw"],"picked":"sneckomod:UnknownCommonAttack","floor":5},{"not_picked":["sneckomod:UnknownStrike","sneckomod:SoulRoll"],"picked":"sneckomod:UnknownClassGUARDIAN","floor":6},{"not_picked":["sneckomod:SoulCleanse","sneckomod:UnknownExhaust","sneckomod:UnknownStrike"],"picked":"SKIP","floor":9},{"not_picked":["sneckomod:UnknownClassGUARDIAN","sneckomod:UnknownX"],"picked":"sneckomod:Transmogrify","floor":10},{"not_picked":["sneckomod:SoulDraw","sneckomod:SerpentIdol"],"picked":"sneckomod:UnknownUncommonSkill","floor":11},{"not_picked":["sneckomod:Rotation","sneckomod:WideSting"],"picked":"sneckomod:ImprovisedGuard","floor":13},{"not_picked":["sneckomod:UnknownDraw","sneckomod:RainOfDice"],"picked":"sneckomod:UnknownUncommonPower","floor":15}],"player_experience":1010484,"relics_obtained":[{"floor":6,"key":"Dream Catcher"},{"floor":9,"key":"War Paint"},{"floor":11,"key":"Juzu Bracelet"},{"floor":13,"key":"Juzu Bracelet"},{"floor":15,"key":"Blue Candle"}],"event_choices":[{"cards_removed":["downfall:Icky"],"damage_healed":0,"gold_gain":0,"player_choice":"Card Removal","damage_taken":0,"max_hp_gain":0,"max_hp_loss":0,"event_name":"The Cleric","floor":8,"gold_loss":0}],"is_beta":false,"boss_relics":[],"items_purged_floors":[11],"is_endless":false,"potions_floor_spawned":[5,6,9,13],"killed_by":"IC_STATUS_ARCHETYPE","ascension_level":2}}