{"host":"wmz27iczv4t8azac","time":1611768277,"event":{"mods":["AchievementEnabler","BaseMod","Colored Powertips","Minty Spire (QoL Compilation)","Quick Restart","Relic Stats","StSLib"],"gold_per_floor":[111,111,128,128,148,179,179,189,189,221,221,221,59,59,59,137,137,111,111,129,129,129],"floor_reached":21,"language":"ENG","playtime":618,"items_purged":[],"score":374,"play_id":"2c009a21-adba-4105-9023-8911e4a18e82","local_time":"20210127092437","is_ascension_mode":true,"campfire_choices":[{"data":"Neutralize","floor":7.0,"key":"SMITH"},{"floor":11.0,"key":"REST"},{"floor":15.0,"key":"REST"}],"circlet_count":0,"master_deck":["AscendersBane","Strike_G+1","Strike_G","Strike_G","Defend_G","Defend_G","Defend_G+1","Defend_G","Survivor","Neutralize+1","Blade Dance","All Out Attack","Setup","Noxious Fumes","Sucker Punch","Dodge and Roll","Crippling Poison","Glass Knife","Prepared","Catalyst","Deflect"],"relics":["Ring of the Snake","NeowsBlessing","White Beast Statue","Nunchaku","Toy Ornithopter","Runic Pyramid"],"acts_visited":[],"potions_floor_usage":[20,20,21],"damage_taken":[{"damage":0.0,"enemies":"Jaw Worm","floor":1.0,"turns":1.0},{"damage":0.0,"enemies":"2 Louse","floor":3.0,"turns":1.0},{"damage":0.0,"enemies":"Cultist","floor":5.0,"turns":1.0},{"damage":17.0,"enemies":"3 Sentries","floor":6.0,"turns":6.0},{"damage":0.0,"enemies":"2 Fungi Beasts","floor":8.0,"turns":2.0},{"damage":18.0,"enemies":"Gremlin Nob","floor":10.0,"turns":4.0},{"damage":23.0,"enemies":"The Guardian","floor":16.0,"turns":13.0},{"damage":16.0,"enemies":"2 Thieves","floor":18.0,"turns":4.0},{"damage":13,"enemies":"Shell Parasite","floor":20,"turns":5},{"damage":40,"enemies":"Sentry and Sphere","floor":21,"turns":5}],"seed_played":"-7688508242180788735","potions_obtained":[{"floor":1.0,"key":"SpeedPotion"},{"floor":6.0,"key":"ColorlessPotion"},{"floor":8.0,"key":"Strength Potion"},{"floor":10.0,"key":"SpeedPotion"},{"floor":16.0,"key":"Strength Potion"},{"floor":18.0,"key":"Block Potion"},{"floor":20,"key":"DistilledChaos"}],"is_trial":false,"path_per_floor":["M","?","M","?","M","E","R","M","T","E","R","?","$","?","R","B",null,"M","?","M","M"],"character_chosen":"THE_SILENT","items_purchased":["Toy Ornithopter"],"campfire_rested":2,"item_purchase_floors":[13],"current_hp_per_floor":[59,39,39,39,39,22,22,22,22,4,23,16,16,16,35,17,54,38,38,35,0,0],"gold":129,"neow_bonus":"THREE_ENEMY_KILL","is_daily":false,"chose_seed":false,"campfire_upgraded":1,"win_rate":0.0,"timestamp":1611768277,"path_taken":["M","?","M","?","?","E","R","M","T","E","R","?","$","?","R","BOSS","M","?","M","?"],"items_purchased_type":["Relic"],"build_version":"2020-12-22","purchased_purges":0,"victory":false,"max_hp_per_floor":[66,66,66,66,66,66,66,66,66,66,66,66,66,66,66,66,66,66,66,66,66,66],"relic_stats":{"Nunchaku":[3],"counters":[2,10],"obtain_stats":[{"Nunchaku":0,"NeowsBlessing":0,"White Beast Statue":0,"Toy Ornithopter":0,"Ring of the Snake":0,"Runic Pyramid":0},{"Nunchaku":0,"NeowsBlessing":0,"White Beast Statue":0,"Toy Ornithopter":0,"Ring of the Snake":0,"Runic Pyramid":0},{"Nunchaku":0,"NeowsBlessing":0,"White Beast Statue":0,"Toy Ornithopter":0,"Ring of the Snake":0,"Runic Pyramid":0}],"Toy Ornithopter":15,"Ring of the Snake":[4]},"card_choices":[{"not_picked":["Noxious Fumes","Sucker Punch"],"picked":"Blade Dance","floor":1.0},{"not_picked":["Quick Slash","Setup"],"picked":"All Out Attack","floor":3.0},{"not_picked":["Outmaneuver","Sucker Punch"],"picked":"Noxious Fumes","floor":5.0},{"not_picked":["Setup","Bane"],"picked":"Sucker Punch","floor":6.0},{"not_picked":["Tactician","Bane"],"picked":"Dodge and Roll","floor":8.0},{"not_picked":["Finisher","Acrobatics"],"picked":"Crippling Poison","floor":10.0},{"not_picked":["Storm of Steel","Malaise"],"picked":"Glass Knife","floor":16.0},{"not_picked":["Acrobatics","Reflex"],"picked":"Prepared","floor":18.0},{"not_picked":["Blade Dance","Dagger Throw"],"picked":"Deflect","floor":20}],"player_experience":944089,"relics_obtained":[{"floor":6.0,"key":"White Beast Statue"},{"floor":10.0,"key":"Nunchaku"}],"event_choices":[{"damage_healed":0.0,"max_hp_gain":0.0,"max_hp_loss":0.0,"gold_gain":0.0,"event_name":"Shining Light","player_choice":"Entered Light","floor":2.0,"gold_loss":0.0,"damage_taken":20.0,"cards_upgraded":["Strike_G","Defend_G"]},{"damage_healed":0.0,"max_hp_gain":0.0,"max_hp_loss":0.0,"gold_gain":0.0,"cards_transformed":["Strike_G"],"event_name":"Transmorgrifier","player_choice":"Transformed","floor":4.0,"gold_loss":0.0,"damage_taken":0.0,"cards_obtained":["Setup"]},{"cards_removed":["Strike_G"],"damage_healed":0.0,"max_hp_gain":0.0,"max_hp_loss":0.0,"gold_gain":0.0,"event_name":"Golden Wing","player_choice":"Card Removal","floor":12.0,"gold_loss":0.0,"damage_taken":7.0},{"damage_healed":0.0,"max_hp_gain":0.0,"max_hp_loss":0.0,"gold_gain":0.0,"event_name":"Liars Game","player_choice":"Ignored","floor":14.0,"gold_loss":0.0,"damage_taken":0.0},{"damage_healed":0.0,"max_hp_gain":0.0,"max_hp_loss":0.0,"gold_gain":0.0,"cards_transformed":["Defend_G"],"event_name":"Transmorgrifier","player_choice":"Transformed","floor":19.0,"gold_loss":0.0,"damage_taken":0.0,"cards_obtained":["Catalyst"]}],"is_beta":false,"boss_relics":[{"not_picked":["Calling Bell","Snecko Eye"],"picked":"Runic Pyramid"}],"items_purged_floors":[],"is_endless":false,"potions_floor_spawned":[1,6,8,10,16,18,20],"killed_by":"Sentry and Sphere","ascension_level":20}}