{"host":"o3n4et6u1y1w2h5j","time":1611769569,"event":{"mods":["AchievementEnabler","BaseMod","Minty Spire (QoL Compilation)","StSLib"],"gold_per_floor":[119,132,132,142,217,217,243,243,243,276,276,296,31,42,42,144,194,207,207,10,10,29,60,70,100,151,169,169,194,227,253,253,253,253],"floor_reached":33,"language":"ENG","playtime":2500,"items_purged":[],"score":376,"play_id":"8eb1d376-9989-4817-8858-cec69ebfc511","local_time":"20210127094609","is_ascension_mode":true,"campfire_choices":[{"data":"PiercingWail","floor":6,"key":"SMITH"},{"floor":8,"key":"REST"},{"data":"Envenom","floor":11,"key":"SMITH"},{"data":"Catalyst","floor":15,"key":"SMITH"},{"data":"Catalyst","floor":28,"key":"SMITH"},{"data":"Sadistic Nature","floor":32,"key":"SMITH"}],"circlet_count":0,"master_deck":["Strike_G","Strike_G","Strike_G","Strike_G","Defend_G","Defend_G","Defend_G","Defend_G","Defend_G","Survivor","Neutralize","Backflip","Catalyst+1","Caltrops","PiercingWail+1","All Out Attack","Envenom+1","Flying Knee","Escape Plan","Well Laid Plans","Deadly Poison","Burst+1","Blur","Catalyst+1","Sadistic Nature+1","Escape Plan+1","Choke","Venomology","Escape Plan+1","Bullet Time","Acrobatics"],"relics":["Ring of the Snake","Centennial Puzzle","CaptainsWheel","Calipers","Bronze Scales","Tiny House","Nloth\u0027s Gift","PreservedInsect","The Specimen","Oddly Smooth Stone","Darkstone Periapt","Red Mask","Strawberry"],"acts_visited":["Exordium","TheCity"],"potions_floor_usage":[7,23,23,25,27,27,27,30,30,31,33,33],"damage_taken":[{"damage":0,"enemies":"Cultist","floor":1,"turns":4},{"damage":0,"enemies":"Small Slimes","floor":2,"turns":3},{"damage":1,"enemies":"2 Louse","floor":4,"turns":3},{"damage":37,"enemies":"Gremlin Nob","floor":7,"turns":6},{"damage":15,"enemies":"3 Sentries","floor":10,"turns":6},{"damage":0,"enemies":"Red Slaver","floor":12,"turns":5},{"damage":3,"enemies":"Blue Slaver","floor":14,"turns":3},{"damage":14,"enemies":"Slime Boss","floor":16,"turns":11},{"damage":6,"enemies":"Spheric Guardian","floor":18,"turns":3},{"damage":0,"enemies":"3 Byrds","floor":22,"turns":4},{"damage":3,"enemies":"Book of Stabbing","floor":23,"turns":5},{"damage":8,"enemies":"Snecko","floor":24,"turns":6},{"damage":18,"enemies":"Gremlin Leader","floor":25,"turns":4},{"damage":0,"enemies":"Chosen and Byrds","floor":27,"turns":4},{"damage":6,"enemies":"Book of Stabbing","floor":29,"turns":2},{"damage":0,"enemies":"Masked Bandits","floor":30,"turns":3},{"damage":7,"enemies":"Slavers","floor":31,"turns":3},{"damage":55,"enemies":"Automaton","floor":33,"turns":8}],"seed_played":"-4992914989792132472","potions_obtained":[{"floor":1,"key":"GamblersBrew"},{"floor":12,"key":"SmokeBomb"},{"floor":14,"key":"EssenceOfSteel"},{"floor":16,"key":"LiquidMemories"},{"floor":17,"key":"Fire Potion"},{"floor":23,"key":"Fire Potion"},{"floor":25,"key":"GamblersBrew"},{"floor":30,"key":"Block Potion"},{"floor":31,"key":"Poison Potion"}],"is_trial":false,"path_per_floor":["M","M","?","M","?","R","E","R","T","E","R","M","$","M","R","B",null,"M","?","$","?","M","E","M","E","T","M","R","E","?","E","R","B"],"character_chosen":"THE_SILENT","items_purchased":["Escape Plan","Well Laid Plans","Bronze Scales","Sadistic Nature"],"campfire_rested":1,"item_purchase_floors":[13,13,13,20],"current_hp_per_floor":[70,70,70,69,58,58,21,42,42,27,27,27,27,24,24,10,75,69,69,69,69,69,66,58,40,40,40,40,34,34,34,34,0,0],"gold":253,"neow_bonus":"RANDOM_COMMON_RELIC","is_daily":false,"chose_seed":false,"campfire_upgraded":5,"win_rate":0.0,"timestamp":1611769569,"path_taken":["M","?","?","M","?","R","E","R","T","E","R","M","$","M","R","BOSS","M","?","?","?","?","E","M","E","T","M","R","E","?","E","R","BOSS"],"items_purchased_type":["Card","Card","Relic","Card"],"build_version":"2020-12-22","purchased_purges":0,"victory":false,"max_hp_per_floor":[70,70,70,70,70,70,70,70,70,70,70,70,70,70,70,70,75,75,75,75,75,75,75,75,75,75,75,75,75,75,82,82,82,82],"card_choices":[{"not_picked":["Heel Hook","Dagger Throw"],"picked":"Backflip","floor":1},{"not_picked":["Prepared","Caltrops"],"picked":"Catalyst","floor":2},{"not_picked":["Deflect","Dagger Throw"],"picked":"PiercingWail","floor":4},{"not_picked":["Slice","Backflip"],"picked":"All Out Attack","floor":7},{"not_picked":["Outmaneuver","Bane"],"picked":"Envenom","floor":10},{"not_picked":["Tactician","Heel Hook"],"picked":"Flying Knee","floor":12},{"not_picked":["Sucker Punch","Quick Slash"],"picked":"Deadly Poison","floor":14},{"not_picked":["A Thousand Cuts","Night Terror"],"picked":"Burst","floor":16},{"not_picked":["Underhanded Strike","Dagger Throw"],"picked":"Blur","floor":17},{"not_picked":["Deflect","Heel Hook"],"picked":"Catalyst","floor":18},{"not_picked":["Skewer","Dagger Throw"],"picked":"Escape Plan+1","floor":22},{"not_picked":["Expertise","Underhanded Strike"],"picked":"Choke","floor":23},{"not_picked":["Acrobatics+1","Dagger Spray"],"picked":"Venomology","floor":24},{"not_picked":["Dagger Throw","Outmaneuver","Blade Dance"],"picked":"SKIP","floor":25},{"not_picked":["Dagger Throw","Flying Knee"],"picked":"Escape Plan+1","floor":27},{"not_picked":["Unload","Backflip"],"picked":"Bullet Time","floor":29},{"not_picked":["Deflect+1","Blade Dance"],"picked":"Acrobatics","floor":30},{"not_picked":["Backstab","Envenom","Endless Agony"],"picked":"SKIP","floor":31}],"player_experience":25512,"relics_obtained":[{"floor":7,"key":"TungstenRod"},{"floor":9,"key":"CaptainsWheel"},{"floor":10,"key":"Calipers"},{"floor":23,"key":"PreservedInsect"},{"floor":25,"key":"The Specimen"},{"floor":26,"key":"Oddly Smooth Stone"},{"floor":29,"key":"Darkstone Periapt"},{"floor":30,"key":"Red Mask"},{"floor":31,"key":"Strawberry"}],"event_choices":[{"damage_healed":0,"gold_gain":0,"cards_transformed":["Strike_G"],"player_choice":"Change","damage_taken":0,"max_hp_gain":0,"max_hp_loss":0,"event_name":"Living Wall","floor":3,"gold_loss":0,"cards_obtained":["Caltrops"]},{"damage_healed":0,"gold_gain":75,"player_choice":"Gather Gold","damage_taken":11,"max_hp_gain":0,"max_hp_loss":0,"event_name":"World of Goop","floor":5,"gold_loss":0},{"damage_healed":0,"gold_gain":0,"player_choice":"0 cards matched","damage_taken":0,"max_hp_gain":0,"max_hp_loss":0,"event_name":"Match and Keep!","floor":19,"gold_loss":0,"cards_obtained":[]},{"damage_healed":0,"gold_gain":0,"player_choice":"Traded Relic","damage_taken":0,"relics_obtained":["Nloth\u0027s Gift"],"max_hp_gain":0,"max_hp_loss":0,"event_name":"N\u0027loth","floor":21,"relics_lost":["TungstenRod"],"gold_loss":0},{"damage_healed":0,"gold_gain":0,"player_choice":"Fought Bandits","damage_taken":0,"max_hp_gain":0,"max_hp_loss":0,"event_name":"Masked Bandits","floor":30,"gold_loss":0}],"is_beta":false,"boss_relics":[{"not_picked":["Ectoplasm","Snecko Eye"],"picked":"Tiny House"}],"items_purged_floors":[],"is_endless":false,"potions_floor_spawned":[1,12,14,16,22,23,25,30,31],"killed_by":"Automaton","ascension_level":1}}