{"host":"vumwfieg2b2mnrfl","time":1611716314,"event":{"mods":["AchievementEnabler","BaseMod","Minty Spire (QoL Compilation)","Rare Cards Sparkle","Relic Stats"],"gold_per_floor":[110,110,110,110,125,159,174,174,174,249,249,264,264,289,289,368,368,368,368,131,131,131,131,131,56,56,56,56,56,56,56,56,56,56,56,56,56,56,56,56,56,2,2,2,2,2],"floor_reached":45,"language":"ENG","playtime":1201,"items_purged":["Strike_R"],"score":1163,"play_id":"b2757d24-551b-4aa9-b5c9-f0b227871da4","local_time":"20210126205834","is_ascension_mode":true,"campfire_choices":[{"floor":8.0,"key":"REST"},{"floor":13.0,"key":"REST"},{"data":"Evolve","floor":15.0,"key":"SMITH"},{"floor":24.0,"key":"REST"},{"floor":32,"key":"REST"},{"floor":40,"key":"REST"}],"circlet_count":0,"master_deck":["AscendersBane","Defend_R","Defend_R","Defend_R","Bash","Cleave","Immolate","Evolve+1","Carnage","Limit Break+1","Dual Wield+1","Demon Form","Armaments+1","Blood for Blood","Carnage+1","Impervious+1","Clothesline+1","Entrench+1","Fire Breathing+1","True Grit+1","Parasite","Heavy Blade+1","Dual Wield+1","Shrug It Off+1"],"relics":["Snecko Eye","Toxic Egg 2","Ornamental Fan","Mercury Hourglass","Ectoplasm","Nloth\u0027s Gift","HandDrill","PreservedInsect","Matryoshka","MawBank","Boot","Bag of Preparation","Astrolabe","Bag of Marbles","Nunchaku","The Courier","Oddly Smooth Stone"],"acts_visited":["Exordium","TheCity","TheBeyond"],"potions_floor_usage":[30,31,33,44],"damage_taken":[{"damage":0.0,"enemies":"Jaw Worm","floor":1.0,"turns":2.0},{"damage":3.0,"enemies":"Small Slimes","floor":5.0,"turns":2.0},{"damage":27.0,"enemies":"Lagavulin","floor":6.0,"turns":5.0},{"damage":0.0,"enemies":"Cultist","floor":7.0,"turns":2.0},{"damage":11.0,"enemies":"Looter","floor":12.0,"turns":2.0},{"damage":12.0,"enemies":"3 Sentries","floor":14.0,"turns":4.0},{"damage":36.0,"enemies":"Hexaghost","floor":16.0,"turns":6.0},{"damage":28.0,"enemies":"3 Byrds","floor":18.0,"turns":3.0},{"damage":25.0,"enemies":"Book of Stabbing","floor":23.0,"turns":3.0},{"damage":16.0,"enemies":"Shell Parasite","floor":27.0,"turns":2.0},{"damage":10.0,"enemies":"Shelled Parasite and Fungi","floor":28.0,"turns":2.0},{"damage":0.0,"enemies":"Gremlin Leader","floor":29.0,"turns":3.0},{"damage":0,"enemies":"3 Cultists","floor":30,"turns":3},{"damage":0,"enemies":"Book of Stabbing","floor":31,"turns":1},{"damage":16,"enemies":"Collector","floor":33,"turns":4},{"damage":6,"enemies":"Orb Walker","floor":35,"turns":3},{"damage":0,"enemies":"3 Darklings","floor":36,"turns":2},{"damage":21,"enemies":"Writhing Mass","floor":38,"turns":5},{"damage":4,"enemies":"Giant Head","floor":41,"turns":5},{"damage":46,"enemies":"Reptomancer","floor":44,"turns":4},{"damage":27,"enemies":"Maw","floor":45,"turns":4}],"seed_played":"7656291341237051559","potions_obtained":[{"floor":6.0,"key":"DuplicationPotion"},{"floor":7.0,"key":"Explosive Potion"},{"floor":23.0,"key":"FearPotion"},{"floor":28.0,"key":"SkillPotion"},{"floor":30,"key":"DistilledChaos"},{"floor":31,"key":"AttackPotion"},{"floor":35,"key":"Weak Potion"},{"floor":38,"key":"EssenceOfSteel"}],"is_trial":false,"path_per_floor":["M","?","?","?","M","E","M","R","T","?","T","M","R","E","R","B",null,"M","?","$","T","?","E","R","?","T","M","M","E","M","E","R","B",null,"M","M","?","M","?","R","E","$","T","E","M"],"character_chosen":"IRONCLAD","items_purchased":["HandDrill","Shrug It Off+1"],"campfire_rested":5,"item_purchase_floors":[20,42],"current_hp_per_floor":[68,68,68,68,65,38,38,60,60,49,49,38,60,48,48,12,59,31,31,31,31,31,6,28,28,28,12,2,2,2,2,24,8,58,52,52,52,31,31,52,48,48,48,2,0,0],"gold":2,"neow_bonus":"BOSS_RELIC","is_daily":false,"chose_seed":false,"campfire_upgraded":1,"win_rate":0.0,"timestamp":1611716314,"path_taken":["M","?","?","?","?","E","M","R","T","?","?","M","R","E","R","BOSS","M","?","$","?","?","E","R","?","T","M","M","E","?","E","R","BOSS","M","M","?","M","?","R","E","?","T","E","M"],"items_purchased_type":["Relic","Card"],"build_version":"2020-12-22","purchased_purges":1,"victory":false,"max_hp_per_floor":[75,75,75,75,75,75,75,75,75,75,75,75,75,75,75,75,75,75,75,75,75,75,75,75,75,75,75,75,75,75,75,75,75,75,75,75,71,71,71,71,71,71,71,71,71,71],"relic_stats":{"counters":[21,66],"Astrolabe":["Clothesline","Entrench","Fire Breathing"],"PreservedInsect":323,"Bag of Preparation":[14],"MawBank":0,"Boot":[4],"Mercury Hourglass":[207],"Nunchaku":[1],"Ornamental Fan":[88],"Snecko Eye":[99,130,108,115],"Ectoplasm":588,"Nloth\u0027s Gift":4,"HandDrill":[30],"obtain_stats":[{"Astrolabe":34,"Oddly Smooth Stone":44,"PreservedInsect":21,"The Courier":43,"Bag of Preparation":31,"MawBank":26,"Boot":26,"Burning Blood":0,"Mercury Hourglass":14,"Nunchaku":43,"Matryoshka":23,"Ornamental Fan":11,"Snecko Eye":0,"Ectoplasm":17,"Nloth\u0027s Gift":19,"HandDrill":20,"Bag of Marbles":41,"Toxic Egg 2":9,"InkBottle":6},{"Astrolabe":15,"Oddly Smooth Stone":20,"PreservedInsect":8,"The Courier":19,"Bag of Preparation":14,"MawBank":9,"Boot":9,"Burning Blood":0,"Mercury Hourglass":6,"Nunchaku":19,"Matryoshka":9,"Ornamental Fan":4,"Snecko Eye":0,"Ectoplasm":7,"Nloth\u0027s Gift":8,"HandDrill":8,"Bag of Marbles":19,"Toxic Egg 2":4,"InkBottle":3},{"Astrolabe":44,"Oddly Smooth Stone":62,"PreservedInsect":26,"The Courier":58,"Bag of Preparation":40,"MawBank":29,"Boot":29,"Burning Blood":0,"Mercury Hourglass":17,"Nunchaku":58,"Matryoshka":29,"Ornamental Fan":11,"Snecko Eye":0,"Ectoplasm":23,"Nloth\u0027s Gift":26,"HandDrill":26,"Bag of Marbles":58,"Toxic Egg 2":11,"InkBottle":9}]},"card_choices":[{"not_picked":["Flex","Combust"],"picked":"Cleave","floor":1.0},{"not_picked":["Rupture","Burning Pact","Flex"],"picked":"SKIP","floor":5.0},{"not_picked":["Pommel Strike","Wild Strike"],"picked":"Evolve","floor":6.0},{"not_picked":["Infernal Blade","Blood for Blood"],"picked":"Carnage","floor":7.0},{"not_picked":["Warcry+1","Iron Wave","Headbutt"],"picked":"SKIP","floor":12.0},{"not_picked":["Iron Wave","Pommel Strike","Infernal Blade+1"],"picked":"SKIP","floor":14.0},{"not_picked":["Fiend Fire","Berserk"],"picked":"Limit Break+1","floor":16.0},{"not_picked":["Iron Wave","Warcry+1"],"picked":"Dual Wield+1","floor":18.0},{"not_picked":["Barricade","Anger"],"picked":"Demon Form","floor":23.0},{"not_picked":["Iron Wave","Rage+1"],"picked":"Armaments+1","floor":27.0},{"not_picked":["Reckless Charge","Clash"],"picked":"Blood for Blood","floor":28.0},{"not_picked":["Thunderclap","Reckless Charge","Exhume+1"],"picked":"SKIP","floor":29.0},{"not_picked":["Flex+1","True Grit+1"],"picked":"Carnage+1","floor":30},{"not_picked":["Clash","Seeing Red+1","Warcry+1"],"picked":"SKIP","floor":31},{"not_picked":["Corruption","Immolate"],"picked":"Impervious+1","floor":33},{"not_picked":["Pummel+1","Clothesline"],"picked":"True Grit+1","floor":35},{"not_picked":["Iron Wave","Blood for Blood+1","Sword Boomerang"],"picked":"SKIP","floor":36},{"not_picked":["Searing Blow","Entrench+1"],"picked":"Heavy Blade+1","floor":38},{"not_picked":["Battle Trance+1","Thunderclap"],"picked":"Dual Wield+1","floor":41},{"not_picked":["Twin Strike","Juggernaut","Berserk"],"picked":"SKIP","floor":44}],"player_experience":473281,"relics_obtained":[{"floor":6.0,"key":"InkBottle"},{"floor":9.0,"key":"Toxic Egg 2"},{"floor":11.0,"key":"Ornamental Fan"},{"floor":14.0,"key":"Mercury Hourglass"},{"floor":21.0,"key":"PreservedInsect"},{"floor":23.0,"key":"Matryoshka"},{"floor":26.0,"key":"MawBank"},{"floor":26.0,"key":"Boot"},{"floor":31,"key":"Bag of Preparation"},{"floor":41,"key":"Bag of Marbles"},{"floor":43,"key":"Nunchaku"},{"floor":43,"key":"The Courier"},{"floor":44,"key":"Oddly Smooth Stone"}],"event_choices":[{"damage_healed":0.0,"max_hp_gain":0.0,"max_hp_loss":0.0,"gold_gain":0.0,"event_name":"Shining Light","player_choice":"Ignored","floor":2.0,"gold_loss":0.0,"damage_taken":0.0},{"damage_healed":0.0,"max_hp_gain":0.0,"max_hp_loss":0.0,"gold_gain":0.0,"event_name":"Liars Game","player_choice":"Ignored","floor":3.0,"gold_loss":0.0,"damage_taken":0.0},{"damage_healed":0.0,"max_hp_gain":0.0,"max_hp_loss":0.0,"gold_gain":0.0,"event_name":"Match and Keep!","player_choice":"1 cards matched","floor":4.0,"gold_loss":0.0,"damage_taken":0.0,"cards_obtained":["Immolate"]},{"damage_healed":0.0,"max_hp_gain":0.0,"max_hp_loss":0.0,"gold_gain":75.0,"event_name":"World of Goop","player_choice":"Gather Gold","floor":10.0,"gold_loss":0.0,"damage_taken":11.0},{"damage_healed":0.0,"max_hp_gain":0.0,"max_hp_loss":0.0,"gold_gain":0.0,"event_name":"N\u0027loth","player_choice":"Traded Relic","floor":19.0,"relics_lost":["InkBottle"],"gold_loss":0.0,"damage_taken":0.0,"relics_obtained":["Nloth\u0027s Gift"]},{"damage_healed":0.0,"max_hp_gain":0.0,"max_hp_loss":0.0,"gold_gain":0.0,"event_name":"Ghosts","player_choice":"Ignored","floor":22.0,"gold_loss":0.0,"damage_taken":0.0},{"cards_removed":["Strike_R"],"damage_healed":0.0,"max_hp_gain":0.0,"max_hp_loss":0.0,"gold_gain":0.0,"event_name":"Beggar","player_choice":"Gave Gold","floor":25.0,"gold_loss":75.0,"damage_taken":0.0},{"damage_healed":0,"gold_gain":0,"player_choice":"Max HP","damage_taken":0,"max_hp_gain":0,"max_hp_loss":4,"event_name":"Winding Halls","floor":37,"gold_loss":0},{"cards_removed":["Defend_R"],"damage_healed":0,"gold_gain":0,"player_choice":"Removed Skill","damage_taken":0,"max_hp_gain":0,"max_hp_loss":0,"event_name":"Falling","floor":39,"gold_loss":0}],"is_beta":false,"boss_relics":[{"not_picked":["Pandora\u0027s Box","Fusion Hammer"],"picked":"Ectoplasm"},{"not_picked":["Calling Bell","Runic Pyramid"],"picked":"Astrolabe"}],"items_purged_floors":[20],"is_endless":false,"potions_floor_spawned":[6,7,12,16,23,27,28,30,31,35,38,41],"killed_by":"Maw","ascension_level":18}}