{"host":"nomlpa5ttaaqphus","time":1611790987,"event":{"mods":["100% Spire Juice","AchievementEnabler","BaseMod","Colored Powertips","Minty Spire (QoL Compilation)","StSLib"],"gold_per_floor":[110,184,199,199,199,199,199,199,226,226,236,254,265,38,38,140,140,151,167,182,382,13,38,53,53,53,53,70,70,70,102,102,198,198,217,231,251,269,194,194,194,225,225,225,243,260,260,61,61,61,61,61,24,49,49,49],"floor_reached":55,"language":"ENG","playtime":3081,"items_purged":["Strike_R","Strike_R"],"score":711,"play_id":"5e07d715-b890-436e-ac45-623d262305bd","local_time":"20210127194307","is_ascension_mode":true,"campfire_choices":[{"data":"Bash","floor":6,"key":"SMITH"},{"data":"Whirlwind","floor":8,"key":"SMITH"},{"data":"Armaments","floor":10,"key":"SMITH"},{"data":"Dropkick","floor":15,"key":"SMITH"},{"data":"Dual Wield","floor":25,"key":"SMITH"},{"data":"Pommel Strike","floor":27,"key":"SMITH"},{"floor":30,"key":"REST"},{"data":"Reaper","floor":32,"key":"SMITH"},{"floor":40,"key":"REST"},{"floor":44,"key":"RECALL"},{"floor":47,"key":"REST"},{"data":"Disarm","floor":49,"key":"SMITH"},{"data":"Rage","floor":52,"key":"SMITH"}],"circlet_count":0,"master_deck":["Strike_R","Strike_R","Strike_R","Defend_R","Defend_R","Defend_R","Defend_R","Bash+1","Whirlwind+1","Armaments+1","Pommel Strike+1","Dropkick+1","Fire Breathing+1","Reaper+1","Spot Weakness+1","Inflame+1","Mayhem+1","Dual Wield+1","Berserk+1","Shrug It Off+1","Rage+1","Disarm+1"],"relics":["Black Blood","Blood Vial","Frozen Egg 2","Regal Pillow","ClockworkSouvenir","SlaversCollar","Lee\u0027s Waffle","Strawberry","Pantograph","Happy Flower","Question Card","Membership Card","HornCleat"],"acts_visited":["Exordium","TheCity","TheBeyond","TheEnding"],"potions_floor_usage":[50,54,55,55],"damage_taken":[{"damage":15,"enemies":"Cultist","floor":1,"turns":4},{"damage":11,"enemies":"Jaw Worm","floor":3,"turns":4},{"damage":2,"enemies":"2 Louse","floor":11,"turns":2},{"damage":9,"enemies":"Blue Slaver","floor":12,"turns":4},{"damage":15,"enemies":"Looter","floor":13,"turns":3},{"damage":41,"enemies":"Hexaghost","floor":16,"turns":9},{"damage":16,"enemies":"Chosen","floor":18,"turns":5},{"damage":30,"enemies":"2 Thieves","floor":19,"turns":4},{"damage":36,"enemies":"Centurion and Healer","floor":20,"turns":6},{"damage":69,"enemies":"Slavers","floor":23,"turns":4},{"damage":22,"enemies":"3 Cultists","floor":24,"turns":4},{"damage":32,"enemies":"Snake Plant","floor":28,"turns":4},{"damage":31,"enemies":"Gremlin Leader","floor":31,"turns":6},{"damage":55,"enemies":"Champ","floor":33,"turns":8},{"damage":17,"enemies":"3 Shapes","floor":35,"turns":3},{"damage":28,"enemies":"Orb Walker","floor":36,"turns":4},{"damage":37,"enemies":"3 Darklings","floor":37,"turns":6},{"damage":80,"enemies":"Jaw Worm Horde","floor":38,"turns":4},{"damage":17,"enemies":"Nemesis","floor":42,"turns":5},{"damage":58,"enemies":"Writhing Mass","floor":45,"turns":6},{"damage":57,"enemies":"Transient","floor":46,"turns":5},{"damage":105,"enemies":"Awakened One","floor":50,"turns":10},{"damage":118,"enemies":"Shield and Spear","floor":54,"turns":6},{"damage":89,"enemies":"The Heart","floor":55,"turns":5}],"seed_played":"7874857060689177678","potions_obtained":[{"floor":1,"key":"FairyPotion"},{"floor":3,"key":"Explosive Potion"},{"floor":12,"key":"Energy Potion"},{"floor":42,"key":"BloodPotion"},{"floor":54,"key":"PowerPotion"}],"is_trial":false,"path_per_floor":["M","T","M","?","?","R","$","R","T","R","M","M","M","$","R","B",null,"M","M","M","?","$","E","M","R","T","R","M","$","R","E","R","B",null,"M","M","M","M","$","R","?","E","T","R","M","M","R","$","R","B",null,"R","$","E","B"],"character_chosen":"IRONCLAD","items_purchased":["ClockworkSouvenir","Fire Breathing+1","Mayhem+1","Lee\u0027s Waffle","Dual Wield","Membership Card","Ancient Potion"],"campfire_rested":3,"item_purchase_floors":[14,14,22,22,22,48,53],"current_hp_per_floor":[71,71,68,68,68,68,68,68,68,68,74,73,66,66,66,33,80,70,64,59,59,87,67,65,65,65,65,41,41,84,73,73,77,94,89,75,94,56,56,94,94,94,94,94,54,18,61,61,61,31,94,94,94,30,0,0],"gold":49,"neow_bonus":"RANDOM_COMMON_RELIC","is_daily":false,"chose_seed":false,"campfire_upgraded":9,"win_rate":0.0,"timestamp":1611790987,"path_taken":["M","?","M","?","?","R","?","R","T","R","M","M","M","$","R","BOSS","M","M","M","?","$","E","M","R","T","R","?","?","R","E","R","BOSS","M","M","M","M","$","R","?","E","T","R","M","M","R","$","R","BOSS","R","$","E","BOSS"],"items_purchased_type":["Relic","Card","Card","Relic","Card","Relic","Potion"],"build_version":"2020-12-22","purchased_purges":2,"victory":false,"max_hp_per_floor":[80,80,80,80,80,80,80,80,80,80,80,80,80,80,80,80,80,80,80,80,80,87,94,94,94,94,94,94,94,94,94,94,94,94,94,94,94,94,94,94,94,94,94,94,94,94,94,94,94,94,94,94,94,94,94,94],"card_choices":[{"not_picked":["Rage","Cleave"],"picked":"Whirlwind","floor":1},{"not_picked":["Blood for Blood","Clash"],"picked":"Armaments","floor":3},{"not_picked":["Ghostly Armor","Armaments"],"picked":"Pommel Strike","floor":11},{"not_picked":["Heavy Blade","Twin Strike","Pommel Strike"],"picked":"SKIP","floor":12},{"not_picked":["Infernal Blade","Perfected Strike"],"picked":"Dropkick","floor":13},{"not_picked":["Offering","Fiend Fire"],"picked":"Reaper","floor":16},{"not_picked":["Flex","True Grit"],"picked":"Spot Weakness+1","floor":18},{"not_picked":["Heavy Blade","Perfected Strike","True Grit+1"],"picked":"SKIP","floor":19},{"not_picked":["Perfected Strike","Dark Embrace+1"],"picked":"Inflame+1","floor":20},{"not_picked":["Reckless Charge","Sever Soul","Blood for Blood"],"picked":"SKIP","floor":23},{"not_picked":["True Grit","Perfected Strike+1","Rampage"],"picked":"SKIP","floor":24},{"not_picked":["Thunderclap","Infernal Blade","Perfected Strike"],"picked":"SKIP","floor":28},{"not_picked":["Entrench","Dark Embrace+1"],"picked":"Berserk+1","floor":31},{"not_picked":["Pommel Strike","Dark Embrace+1"],"picked":"Shrug It Off+1","floor":35},{"not_picked":["Flex+1","Clothesline+1","Ghostly Armor+1"],"picked":"SKIP","floor":36},{"not_picked":["Shockwave+1","Flex+1","Twin Strike+1"],"picked":"SKIP","floor":37},{"not_picked":["Hemokinesis","Inflame+1"],"picked":"Rage","floor":38},{"not_picked":["Body Slam","Pommel Strike"],"picked":"Disarm","floor":42},{"not_picked":["Clothesline","Body Slam+1","Pommel Strike+1","Iron Wave"],"picked":"SKIP","floor":45},{"not_picked":["Juggernaut+1","Twin Strike+1","Cleave","Thunderclap"],"picked":"SKIP","floor":46},{"not_picked":["Sword Boomerang","Juggernaut+1","Clash","Heavy Blade"],"picked":"SKIP","floor":54}],"player_experience":77638,"relics_obtained":[{"floor":2,"key":"Frozen Egg 2"},{"floor":9,"key":"Regal Pillow"},{"floor":23,"key":"Strawberry"},{"floor":26,"key":"Pantograph"},{"floor":31,"key":"Happy Flower"},{"floor":42,"key":"Question Card"},{"floor":54,"key":"HornCleat"}],"event_choices":[{"damage_healed":0,"gold_gain":0,"player_choice":"Ignored","damage_taken":0,"max_hp_gain":0,"max_hp_loss":0,"event_name":"Golden Wing","floor":4,"gold_loss":0},{"damage_healed":0,"gold_gain":0,"player_choice":"Leave","damage_taken":0,"max_hp_gain":0,"max_hp_loss":0,"event_name":"The Cleric","floor":5,"gold_loss":0},{"damage_healed":0,"gold_gain":250,"player_choice":"Bet on Owner","damage_taken":0,"max_hp_gain":0,"max_hp_loss":0,"event_name":"The Joust","floor":21,"gold_loss":50},{"damage_healed":0,"gold_gain":0,"player_choice":"Memory 1","damage_taken":0,"max_hp_gain":0,"max_hp_loss":0,"event_name":"SensoryStone","floor":41,"gold_loss":0}],"is_beta":false,"boss_relics":[{"not_picked":["Calling Bell","Velvet Choker"],"picked":"SlaversCollar"},{"not_picked":["Astrolabe","Black Star"],"picked":"Black Blood"}],"items_purged_floors":[39,48],"is_endless":false,"potions_floor_spawned":[1,3,12,13,18,23,31,33,37,38,42,54],"killed_by":"The Heart","ascension_level":1}}