{"host":"qsusua7l529r8z9k","time":1611728389,"event":{"mods":["BaseMod","Minty Spire (QoL Compilation)","StSLib"],"gold_per_floor":[115,135,210,190,115,148,158,158,207,238,138,138,172,189,189,267,267,285,295,311,1,18,18,46,46,46,59,73,73,89,109,109,188,188,200,200,50,99,114,114,142,142,169,183,183,183,194,194,194,194],"floor_reached":51,"language":"ZHS","playtime":1795,"items_purged":["Strike_G","Strike_G","Riddle With Holes","Caltrops"],"score":1460,"play_id":"92360b34-22cf-4a32-a1cd-bc4c23422ce8","local_time":"20210127141949","is_ascension_mode":true,"campfire_choices":[{"data":"Blade Dance","floor":8.0,"key":"SMITH"},{"data":"Night Terror","floor":12.0,"key":"SMITH"},{"data":"Crippling Poison","floor":15.0,"key":"SMITH"},{"data":"Catalyst","floor":23.0,"key":"SMITH"},{"floor":25.0,"key":"REST"},{"data":"Bouncing Flask","floor":29.0,"key":"SMITH"},{"data":"Catalyst","floor":32.0,"key":"SMITH"},{"floor":40.0,"key":"REST"},{"data":"Venomology","floor":42.0,"key":"SMITH"},{"floor":49.0,"key":"REST"}],"circlet_count":0,"master_deck":["AscendersBane","Survivor","Neutralize","Blade Dance+1","Backflip","Corpse Explosion","PiercingWail","Night Terror+1","Crippling Poison+1","Adrenaline","Caltrops","Catalyst+1","All Out Attack","Reflex","Poisoned Stab","Bouncing Flask+1","Venomology+1","Prepared","Master of Strategy","Catalyst+1","Tools of the Trade","Well Laid Plans","Tactician","Adrenaline","Madness","Madness","Enlightenment","Impatience"],"relics":["Ring of the Snake","NeowsBlessing","Bronze Scales","Boot","Ice Cream","Centennial Puzzle","Pandora\u0027s Box","Shuriken","Blood Vial","Runic Dome","FossilizedHelix","Juzu Bracelet","Omamori"],"acts_visited":["Exordium","TheCity","TheBeyond"],"potions_floor_usage":[50,50,50],"damage_taken":[{"damage":0.0,"enemies":"Cultist","floor":1.0,"turns":1.0},{"damage":0.0,"enemies":"Small Slimes","floor":2.0,"turns":1.0},{"damage":0.0,"enemies":"Gremlin Nob","floor":6.0,"turns":1.0},{"damage":1.0,"enemies":"2 Louse","floor":7.0,"turns":2.0},{"damage":31.0,"enemies":"Lagavulin","floor":10.0,"turns":6.0},{"damage":5.0,"enemies":"3 Sentries","floor":13.0,"turns":2.0},{"damage":2.0,"enemies":"Gremlin Gang","floor":14.0,"turns":2.0},{"damage":11.0,"enemies":"Hexaghost","floor":16.0,"turns":10.0},{"damage":0.0,"enemies":"2 Thieves","floor":18.0,"turns":2.0},{"damage":13.0,"enemies":"Chosen","floor":19.0,"turns":4.0},{"damage":1.0,"enemies":"Snecko","floor":20.0,"turns":4.0},{"damage":16.0,"enemies":"Centurion and Healer","floor":22.0,"turns":4.0},{"damage":4.0,"enemies":"Gremlin Leader","floor":24.0,"turns":6.0},{"damage":0.0,"enemies":"3 Cultists","floor":27.0,"turns":2.0},{"damage":4.0,"enemies":"Cultist and Chosen","floor":28.0,"turns":3.0},{"damage":11.0,"enemies":"Snake Plant","floor":30.0,"turns":3.0},{"damage":8.0,"enemies":"Snecko","floor":31.0,"turns":3.0},{"damage":17.0,"enemies":"Champ","floor":33.0,"turns":3.0},{"damage":16.0,"enemies":"3 Shapes","floor":35.0,"turns":1.0},{"damage":22.0,"enemies":"2 Orb Walkers","floor":38.0,"turns":3.0},{"damage":9.0,"enemies":"3 Darklings","floor":39.0,"turns":2.0},{"damage":10.0,"enemies":"Nemesis","floor":41.0,"turns":3.0},{"damage":0.0,"enemies":"Maw","floor":44.0,"turns":3.0},{"damage":3.0,"enemies":"Transient","floor":47.0,"turns":6.0},{"damage":10,"enemies":"Donu and Deca","floor":50,"turns":3}],"seed_played":"-6115643550835660381","potions_obtained":[{"floor":4.0,"key":"Regen Potion"},{"floor":6.0,"key":"GhostInAJar"},{"floor":14.0,"key":"AttackPotion"},{"floor":16.0,"key":"Block Potion"},{"floor":22.0,"key":"Explosive Potion"},{"floor":28.0,"key":"CunningPotion"},{"floor":31.0,"key":"PowerPotion"},{"floor":33.0,"key":"Strength Potion"},{"floor":35.0,"key":"Weak Potion"},{"floor":44.0,"key":"PowerPotion"},{"floor":47.0,"key":"Strength Potion"}],"is_trial":false,"path_per_floor":["M","M","?","?","$","E","M","R","T","E","$","R","E","M","R","B",null,"M","M","M","$","M","R","E","R","T","M","M","R","M","M","R","B",null,"M","?","$","?","M","R","E","R","T","M","?","?","M","?","R","B",null],"character_chosen":"THE_SILENT","items_purchased":["Master of Strategy"],"campfire_rested":3,"item_purchase_floors":[21],"current_hp_per_floor":[59,59,48,48,48,48,47,47,47,28,28,28,23,21,21,10,52,52,39,38,38,22,22,18,37,37,39,37,37,28,22,22,7,51,37,37,37,17,10,29,21,21,21,23,23,11,10,5,24,16],"gold":194,"neow_bonus":"THREE_ENEMY_KILL","is_daily":false,"chose_seed":false,"campfire_upgraded":7,"win_rate":0.0,"timestamp":1611728389,"path_taken":["M","?","?","?","$","E","M","R","T","E","$","R","E","M","R","BOSS","M","M","M","$","?","R","E","R","T","?","M","R","?","M","R","BOSS","M","?","$","?","M","R","E","R","T","M","?","?","M","?","R","BOSS"],"items_purchased_type":["Card"],"build_version":"2020-12-22","purchased_purges":4,"victory":true,"max_hp_per_floor":[66,66,66,66,66,66,66,66,66,66,66,66,66,66,66,66,66,66,66,66,66,66,66,66,66,66,66,66,66,66,66,66,66,66,66,66,66,66,66,66,66,66,66,66,66,66,66,66,66,66],"card_choices":[{"not_picked":["Poisoned Stab","Dash"],"picked":"Blade Dance","floor":1.0},{"not_picked":["Infinite Blades","Dagger Spray"],"picked":"Backflip","floor":2.0},{"not_picked":["Cloak And Dagger","Quick Slash"],"picked":"Corpse Explosion","floor":6.0},{"not_picked":["Deflect","Backflip"],"picked":"PiercingWail","floor":7.0},{"not_picked":["Sucker Punch","Predator"],"picked":"Night Terror","floor":10.0},{"not_picked":["Slice","Flechettes","Dash"],"picked":"SKIP","floor":13.0},{"not_picked":["Slice","Underhanded Strike"],"picked":"Crippling Poison","floor":14.0},{"not_picked":["Die Die Die","Envenom"],"picked":"Adrenaline","floor":16.0},{"not_picked":["PiercingWail","Acrobatics"],"picked":"Bouncing Flask","floor":18.0},{"not_picked":["PiercingWail","Terror"],"picked":"Venomology","floor":19.0},{"not_picked":["Dodge and Roll","PiercingWail"],"picked":"Prepared","floor":20.0},{"not_picked":["PiercingWail","Slice","Dagger Throw+1"],"picked":"SKIP","floor":22.0},{"not_picked":["Bane","Dodge and Roll","Dagger Throw"],"picked":"SKIP","floor":24.0},{"not_picked":["Glass Knife","All Out Attack","Dodge and Roll+1"],"picked":"SKIP","floor":27.0},{"not_picked":["Bane","Slice","Skewer+1"],"picked":"SKIP","floor":28.0},{"not_picked":["Outmaneuver","Dagger Throw"],"picked":"Catalyst","floor":30.0},{"not_picked":["PiercingWail","Bouncing Flask","Leg Sweep"],"picked":"SKIP","floor":31.0},{"not_picked":["After Image","Phantasmal Killer"],"picked":"Tools of the Trade","floor":33.0},{"not_picked":["PiercingWail","Underhanded Strike"],"picked":"Well Laid Plans","floor":35.0},{"not_picked":["Escape Plan","Sucker Punch+1"],"picked":"Tactician","floor":38.0},{"not_picked":["Outmaneuver","Heel Hook","Prepared"],"picked":"SKIP","floor":39.0},{"not_picked":["Blade Dance","Dodge and Roll"],"picked":"Adrenaline","floor":41.0},{"not_picked":["Dagger Spray+1","PiercingWail","Bouncing Flask+1"],"picked":"SKIP","floor":44.0},{"not_picked":["Dagger Spray","Bane+1","Quick Slash"],"picked":"SKIP","floor":47.0},{"not_picked":["Forethought","Purity"],"picked":"Enlightenment","floor":48.0},{"not_picked":["Good Instincts","Mind Blast"],"picked":"Impatience","floor":48.0}],"player_experience":497135,"relics_obtained":[{"floor":6.0,"key":"Bronze Scales"},{"floor":9.0,"key":"Boot"},{"floor":10.0,"key":"Ice Cream"},{"floor":13.0,"key":"Centennial Puzzle"},{"floor":24.0,"key":"Shuriken"},{"floor":26.0,"key":"Blood Vial"},{"floor":38.0,"key":"FossilizedHelix"},{"floor":41.0,"key":"Juzu Bracelet"},{"floor":43.0,"key":"Omamori"}],"event_choices":[{"damage_healed":0.0,"max_hp_gain":0.0,"max_hp_loss":0.0,"gold_gain":75.0,"event_name":"World of Goop","player_choice":"Gather Gold","floor":3.0,"gold_loss":0.0,"damage_taken":11.0},{"damage_healed":0.0,"max_hp_gain":0.0,"max_hp_loss":0.0,"gold_gain":0.0,"event_name":"The Woman in Blue","player_choice":"Bought 1 Potion","floor":4.0,"gold_loss":0.0,"damage_taken":0.0},{"damage_healed":0.0,"max_hp_gain":0.0,"max_hp_loss":0.0,"gold_gain":0.0,"event_name":"Tomb of Lord Red Mask","player_choice":"Ignored","floor":36.0,"gold_loss":0.0,"damage_taken":0.0},{"damage_healed":0.0,"max_hp_gain":0.0,"max_hp_loss":0.0,"gold_gain":0.0,"event_name":"Mysterious Sphere","player_choice":"Fight","floor":38.0,"gold_loss":0.0,"damage_taken":0.0},{"cards_removed":["Slice"],"damage_healed":0.0,"max_hp_gain":0.0,"max_hp_loss":0.0,"gold_gain":0.0,"event_name":"Falling","player_choice":"Removed Attack","floor":45.0,"gold_loss":0.0,"damage_taken":0.0},{"damage_healed":0.0,"max_hp_gain":0.0,"max_hp_loss":0.0,"gold_gain":0.0,"event_name":"Winding Halls","player_choice":"Embrace Madness","floor":46.0,"gold_loss":0.0,"damage_taken":12.0,"cards_obtained":["Madness","Madness"]},{"damage_healed":0.0,"max_hp_gain":0.0,"max_hp_loss":0.0,"gold_gain":0.0,"event_name":"SensoryStone","player_choice":"Memory 2","floor":48.0,"gold_loss":0.0,"damage_taken":5.0}],"is_beta":false,"boss_relics":[{"not_picked":["Black Star","Busted Crown"],"picked":"Pandora\u0027s Box"},{"not_picked":["Ring of the Serpent","Philosopher\u0027s Stone"],"picked":"Runic Dome"}],"items_purged_floors":[5,11,21,37],"is_endless":false,"potions_floor_spawned":[6,14,16,22,28,30,31,33,35,44,47],"ascension_level":18}}