{"host":"6xsbn6ynqlzwllfm","time":1611786154,"event":{"mods":["2.2 Compatiblity","BaseMod","Bestiary","Colored Map","Colored Powertips","Curses Come First","Highlight Path","Keyboard Shortcuts","Minty Spire (QoL Compilation)","Relic Stats","Slay the Relics Exporter","StSLib","SuperFastMode"],"gold_per_floor":[114,134,151,151,151,151,192,211,211,211,251,276,315,315,315,315,315],"floor_reached":16,"language":"ENG","playtime":387,"items_purged":[],"score":240,"play_id":"dbfdb50c-0fc8-4c92-8ec8-bc1f02ab5d1a","local_time":"20210127172234","is_ascension_mode":true,"campfire_choices":[{"data":"Juggernaut","floor":6,"key":"SMITH"},{"floor":10,"key":"REST"},{"data":"Immolate","floor":15,"key":"SMITH"}],"circlet_count":0,"master_deck":["AscendersBane","Strike_R","Strike_R","Strike_R","Strike_R","Strike_R","Defend_R+1","Defend_R","Defend_R","Defend_R","Bash","Juggernaut+1","Pommel Strike","Iron Wave","Cleave","Shockwave+1","Offering","Immolate+1"],"relics":["Burning Blood","Happy Flower","Golden Idol","Blue Candle","Regal Pillow","Bottled Flame","Ice Cream","War Paint"],"acts_visited":["Exordium"],"potions_floor_usage":[7,7,13,13,16],"damage_taken":[{"damage":0,"enemies":"2 Louse","floor":1,"turns":3},{"damage":6,"enemies":"Cultist","floor":2,"turns":4},{"damage":5,"enemies":"Small Slimes","floor":3,"turns":3},{"damage":50,"enemies":"Gremlin Nob","floor":7,"turns":5},{"damage":1,"enemies":"Looter","floor":8,"turns":4},{"damage":26,"enemies":"Lagavulin","floor":11,"turns":6},{"damage":11,"enemies":"Red Slaver","floor":12,"turns":2},{"damage":14,"enemies":"Gremlin Nob","floor":13,"turns":3},{"damage":25,"enemies":"Hexaghost","floor":16,"turns":7}],"seed_played":"-3395042393223624027","potions_obtained":[{"floor":1,"key":"Regen Potion"},{"floor":3,"key":"LiquidBronze"},{"floor":7,"key":"Swift Potion"},{"floor":8,"key":"SneckoOil"},{"floor":12,"key":"ColorlessPotion"},{"floor":13,"key":"EssenceOfSteel"}],"is_trial":false,"path_per_floor":["M","M","M","?","?","R","E","M","T","R","E","M","E","?","R","B"],"character_chosen":"IRONCLAD","items_purchased":[],"campfire_rested":1,"item_purchase_floors":[],"current_hp_per_floor":[56,56,57,46,46,46,16,21,21,56,36,31,23,23,23,0,0],"gold":315,"neow_bonus":"THREE_RARE_CARDS","is_daily":false,"chose_seed":false,"campfire_upgraded":2,"win_rate":0.0,"timestamp":1611786154,"path_taken":["M","M","M","?","?","R","E","M","T","R","E","M","E","?","R","BOSS"],"items_purchased_type":[],"build_version":"2020-12-22","purchased_purges":0,"victory":false,"max_hp_per_floor":[75,75,75,75,68,68,68,68,68,68,68,68,68,68,68,68,68],"relic_stats":{"Regal Pillow":15,"Happy Flower":[9],"counters":[9,37],"Golden Idol":33,"Blue Candle":[0],"War Paint":["Shockwave","Defend_R"],"obtain_stats":[{"Ice Cream":13,"Regal Pillow":9,"Bottled Flame":11,"Happy Flower":4,"Golden Idol":5,"Blue Candle":7,"War Paint":14,"Burning Blood":0},{"Ice Cream":8,"Regal Pillow":5,"Bottled Flame":6,"Happy Flower":3,"Golden Idol":3,"Blue Candle":4,"War Paint":8,"Burning Blood":0},{"Ice Cream":30,"Regal Pillow":19,"Bottled Flame":25,"Happy Flower":10,"Golden Idol":10,"Blue Candle":15,"War Paint":30,"Burning Blood":0}],"Burning Blood":48},"card_choices":[{"not_picked":["Brutality","Impervious"],"picked":"Juggernaut","floor":0},{"not_picked":["Fire Breathing","Flex"],"picked":"Pommel Strike","floor":1},{"not_picked":["Dark Embrace","Disarm"],"picked":"Iron Wave","floor":2},{"not_picked":["Warcry","Spot Weakness"],"picked":"Cleave","floor":3},{"not_picked":["Inflame","Sword Boomerang"],"picked":"Shockwave","floor":7},{"not_picked":["Sword Boomerang","Clash"],"picked":"Offering","floor":8},{"not_picked":["Shrug It Off","Feed"],"picked":"Immolate","floor":11}],"player_experience":1178907,"relics_obtained":[{"floor":7,"key":"Blue Candle"},{"floor":9,"key":"Regal Pillow"},{"floor":11,"key":"Bottled Flame"},{"floor":13,"key":"Ice Cream"},{"floor":14,"key":"War Paint"}],"event_choices":[{"damage_healed":0,"gold_gain":0,"player_choice":"Success","damage_taken":11,"relics_obtained":["Happy Flower"],"max_hp_gain":0,"max_hp_loss":0,"event_name":"Scrap Ooze","floor":4,"gold_loss":0},{"damage_healed":0,"gold_gain":0,"player_choice":"Lose Max HP","damage_taken":0,"relics_obtained":["Golden Idol"],"max_hp_gain":0,"max_hp_loss":7,"event_name":"Golden Idol","floor":5,"gold_loss":0},{"damage_healed":0,"gold_gain":0,"player_choice":"Relic","damage_taken":0,"max_hp_gain":0,"max_hp_loss":0,"event_name":"Wheel of Change","floor":14,"gold_loss":0}],"is_beta":false,"boss_relics":[],"items_purged_floors":[],"is_endless":false,"potions_floor_spawned":[1,3,7,8,12,13],"killed_by":"Hexaghost","ascension_level":20}}