{"host":"np9ouipdmi0bkas5","time":1611785133,"event":{"mods":["AchievementEnabler","Aspiration","BaseMod","Colored Map","Downfall","Highlight Path","Hubris","Infinite Spire","Minty Spire (QoL Compilation)","Replay The Spire","StSLib"],"gold_per_floor":[109,109,109,109,109,140,140,175,175,204,222,222,238,248,248,352,352,368,368,385,149,149,175,175,205,205,217,217,217,217,227,227,322,422,436,436,283,303,303,329,301,315,315,326,326,426,461,461,461],"floor_reached":51,"language":"ENG","playtime":1744,"items_purged":["Combust","hubris:Compulsion","Fire Breathing","Juggernaut"],"score":689,"play_id":"c31f4b49-9a16-41be-b53d-7da13f44689a","local_time":"20210127140533","is_ascension_mode":true,"campfire_choices":[{"floor":7,"key":"REST"},{"floor":12,"key":"REST"},{"floor":15,"key":"REST"},{"floor":28,"key":"REST"},{"data":"Flex","floor":30,"key":"SMITH"},{"floor":32,"key":"REST"},{"floor":46,"key":"REST"},{"data":"Flex","floor":49,"key":"SMITH"}],"circlet_count":0,"master_deck":["Strike_R","Strike_R","Strike_R","Strike_R","Strike_R","Defend_R","Defend_R","Defend_R","Bash","Flex+1","Cleave+1","Havoc","Anger+1","Thunderclap+1","Feed+1","Dark Embrace","Whirlwind+1","Spot Weakness+1","Sword Boomerang+1","ReplayTheSpireMod:Strike From Hell+1","Flex","Seeing Red+1","hubris:Gluttony","Flex+1","Armaments+1","CommonCold"],"relics":["Burning Blood","Bag of Preparation","Molten Egg 2","infinitespire:BottledMercury","hubris:AstralHammer","Replay:Rubber Ducky","Du-Vu Doll","aspiration:HiddenCompartment","infinitespire:Cupcake","hubris:Icosahedron","Garlic","Toy Ornithopter","aspiration:HatOfInfinitePower","Mirror","Replay:Wanted Poster","Eternal Feather","Chameleon Ring","ReplayTheSpireMod:CursedCoin","hubris:Teleporter","downfall:ExtraCursedKey","Shuriken"],"acts_visited":["Exordium","TheCity","TheBeyond"],"potions_floor_usage":[6,14,20,40,45],"damage_taken":[{"damage":20,"enemies":"Jaw Worm","floor":1,"turns":5},{"damage":52,"enemies":"3 Sentries","floor":6,"turns":10},{"damage":14,"enemies":"Gremlin Nob","floor":8,"turns":3},{"damage":26,"enemies":"Lagavulin","floor":10,"turns":4},{"damage":1,"enemies":"2 Louse","floor":11,"turns":2},{"damage":13,"enemies":"infinitespire:Voidling","floor":13,"turns":2},{"damage":17,"enemies":"Large Slime","floor":14,"turns":4},{"damage":3,"enemies":"Slime Boss","floor":16,"turns":6},{"damage":0,"enemies":"3 Byrds","floor":18,"turns":3},{"damage":0,"enemies":"Spheric Guardian","floor":20,"turns":2},{"damage":27,"enemies":"Gremlin Leader","floor":23,"turns":6},{"damage":21,"enemies":"Book of Stabbing","floor":25,"turns":4},{"damage":3,"enemies":"Snake Plant","floor":27,"turns":3},{"damage":12,"enemies":"Shelled Parasite and Fungi","floor":31,"turns":3},{"damage":28,"enemies":"Champ","floor":33,"turns":5},{"damage":15,"enemies":"3 Shapes","floor":35,"turns":1},{"damage":0,"enemies":"3 Darklings","floor":38,"turns":1},{"damage":29,"enemies":"Reptomancer","floor":40,"turns":4},{"damage":2,"enemies":"Sphere and 2 Shapes","floor":42,"turns":3},{"damage":19,"enemies":"Spire Growth","floor":45,"turns":3},{"damage":23,"enemies":"R_Hoarder","floor":48,"turns":3},{"damage":42,"enemies":"Replay:Hell Engine","floor":50,"turns":5}],"seed_played":"-2614636547856903205","potions_obtained":[{"floor":1,"key":"FearPotion"},{"floor":13,"key":"BlessingOfTheForge"},{"floor":16,"key":"Fire Potion"},{"floor":20,"key":"ElixirPotion"},{"floor":33,"key":"Adrenaline Potion"},{"floor":42,"key":"Energy Potion"},{"floor":45,"key":"Energy Potion"}],"is_trial":false,"path_per_floor":["M","?","?","?","T","E","R","E","T","E","M","R","M","M","R","B",null,"M","?","M","$","?","E","?","E","T","M","R","?","R","M","R","B",null,"M","AVR","$","M","?","E","$","M","T","M","R","?","E","R","B",null],"character_chosen":"IRONCLAD","items_purchased":["Juggernaut","Flex","ReplayTheSpireMod:CursedCoin","Flex"],"campfire_rested":6,"item_purchase_floors":[21,37,41,41],"current_hp_per_floor":[66,66,66,66,66,20,44,36,36,16,21,45,38,27,51,54,80,80,80,84,84,84,63,63,48,48,55,81,81,81,75,88,66,88,79,79,79,85,85,66,66,70,70,66,92,92,75,90,54],"gold":461,"neow_bonus":"RANDOM_COMMON_RELIC","is_daily":false,"chose_seed":false,"campfire_upgraded":2,"win_rate":0.0,"timestamp":1611785133,"path_taken":["M","?","?","?","?","E","R","E","T","E","M","R","M","?","R","BOSS","M","?","M","$","?","E","?","E","T","?","R","?","R","M","R","BOSS","M","AVR","?","M","?","E","$","?","T","M","R","?","E","R","BOSS"],"items_purchased_type":["Card","Card","Relic","Card"],"build_version":"2020-12-22","purchased_purges":4,"victory":true,"max_hp_per_floor":[80,80,80,80,80,80,80,80,80,80,80,80,80,80,80,80,80,80,80,84,84,84,84,84,84,84,88,88,88,88,88,88,88,88,88,88,88,88,88,88,88,88,88,92,92,92,92,92,92],"card_choices":[{"not_picked":["Spot Weakness","Clash"],"picked":"Flex","floor":1},{"not_picked":["Warcry","hubris:ReadiedAction"],"picked":"Cleave+1","floor":6},{"not_picked":["Shockwave","True Grit"],"picked":"Combust","floor":8},{"not_picked":["Brutality","hubris:CleavingFinish+1"],"picked":"Havoc","floor":10},{"not_picked":["Twin Strike+1","Clothesline+1"],"picked":"Anger+1","floor":11},{"not_picked":["Seeing Red","ReplayReversal"],"picked":"Thunderclap+1","floor":13},{"not_picked":["Armaments","Dark Embrace"],"picked":"Fire Breathing","floor":14},{"not_picked":["hubris:StunningStrike+1","Hemogenesis+1"],"picked":"Feed+1","floor":16},{"not_picked":["Armaments","Shrug It Off"],"picked":"Dark Embrace","floor":18},{"not_picked":["Wild Strike+1","Headbutt+1"],"picked":"Whirlwind+1","floor":20},{"not_picked":["Iron Wave+1","Headbutt+1"],"picked":"Spot Weakness+1","floor":23},{"not_picked":["Replay:Undeath\u0027s Touch+1","Sever Soul+1","Clothesline+1"],"picked":"SKIP","floor":25},{"not_picked":["Headbutt+1","Fiend Fire+1"],"picked":"Sword Boomerang+1","floor":27},{"not_picked":["Reaper+1","True Grit+1"],"picked":"ReplayTheSpireMod:Strike From Hell+1","floor":31},{"not_picked":["Pommel Strike+1","Wild Strike+1","Shrug It Off+1"],"picked":"SKIP","floor":35},{"not_picked":["Body Slam+1","ReplayTheSpireMod:Limb From Limb+1","hubris:ReadiedAction+1"],"picked":"SKIP","floor":38},{"not_picked":["Intimidate","Flame Barrier+1"],"picked":"Seeing Red+1","floor":40},{"not_picked":["Pummel+1","Pommel Strike+1","Dark Embrace"],"picked":"SKIP","floor":42},{"not_picked":["Disarm+1","Entrench"],"picked":"Armaments+1","floor":45},{"not_picked":["Sword Boomerang+1","Entrench+1","Feed+1"],"picked":"SKIP","floor":48}],"player_experience":116905,"relics_obtained":[{"floor":5,"key":"infinitespire:BottledMercury"},{"floor":6,"key":"hubris:AstralHammer"},{"floor":8,"key":"Replay:Rubber Ducky"},{"floor":9,"key":"Du-Vu Doll"},{"floor":10,"key":"aspiration:HiddenCompartment"},{"floor":23,"key":"Garlic"},{"floor":25,"key":"aspiration:HatOfInfinitePower"},{"floor":26,"key":"Mirror"},{"floor":40,"key":"Chameleon Ring"},{"floor":43,"key":"hubris:Teleporter"},{"floor":48,"key":"Shuriken"}],"event_choices":[{"cards_removed":["Injury"],"damage_healed":0,"gold_gain":0,"player_choice":"Forget","damage_taken":0,"max_hp_gain":0,"max_hp_loss":0,"event_name":"Living Wall","floor":4,"gold_loss":0},{"damage_healed":0,"gold_gain":0,"player_choice":"Ignored","damage_taken":0,"max_hp_gain":0,"max_hp_loss":0,"event_name":"Ghosts","floor":19,"gold_loss":0},{"damage_healed":0,"gold_gain":0,"player_choice":"Ignored","damage_taken":0,"max_hp_gain":0,"max_hp_loss":0,"event_name":"Fountain of Cleansing","floor":29,"gold_loss":0},{"damage_healed":0,"gold_gain":0,"player_choice":"Ignored","damage_taken":0,"max_hp_gain":0,"max_hp_loss":0,"event_name":"Tomb of Lord Red Mask","floor":39,"gold_loss":0}],"is_beta":false,"boss_relics":[{"not_picked":["Black Star","Sozu"],"picked":"infinitespire:Cupcake"},{"not_picked":["Replay:Drink Me","Replay:Grab Bag"],"picked":"Replay:Wanted Poster"}],"items_purged_floors":[21,36,37,41],"is_endless":false,"potions_floor_spawned":[1,13,16,20,33,42,45],"ascension_level":1}}