{"host":"1rf9pknejqhzkc4o","time":1611752533,"event":{"mods":["A Penny For Your Troubles","Aspiration","BaseMod","Better Altar","Better Match","Better Note","Better Sensory Stone","Better Skull","Better Third Choice","Colored Map","Colored Powertips","Communication Mod","Conspire","Displayed Cursed Tome","Energized Spire","Hubris","Infinite Spire","Ironclad Rager","Minty Spire (QoL Compilation)","Quick Restart","RNG Fix","Rare Cards Sparkle","Relic Stats","Reliquary","Replay The Spire","Retaliation","Spicy Shops","StS++","StSLib","The Blue Laboratory","Trackpad"],"gold_per_floor":[109,109,109,121,132,161,161,181,181,37,53,67,67,84,84,185,185,166,166,182,195,195,195],"floor_reached":22,"language":"ENG","playtime":1231,"items_purged":[],"score":190,"play_id":"84cc151b-ad94-41f7-81ee-20b57be090bf","local_time":"20210127160213","is_ascension_mode":false,"campfire_choices":[{"floor":7.0,"key":"REST"},{"floor":13,"key":"REST"},{"floor":15,"key":"RECALL"}],"circlet_count":0,"master_deck":["Bash","ICR:RageStrike","ICR:RageStrike","ICR:RageStrike","ICR:RageStrike","ICR:RageStrike","ICR:ShieldBash","ICR:ShieldBash","ICR:ShieldBash","ICR:ShieldBash","Heavy Blade","ReplayReversal","ReplayTheSpireMod:Stacked","Flex","ReplayTheSpireMod:Corrosion Curse","Flame Barrier","DDmod:UnstoppableAttack","Hemogenesis","Cleave","hubris:InfiniteBlow","Flex","Havoc"],"relics":["Burning Blood","ReplayTheSpireMod:Shallot","trackpad:Mousetrap","hubris:Stopwatch","Darkstone Periapt"],"acts_visited":["Exordium","TheCity"],"potions_floor_usage":[16,16,22],"damage_taken":[{"damage":11.0,"enemies":"Small Slimes","floor":1.0,"turns":4.0},{"damage":7.0,"enemies":"Cultist","floor":4.0,"turns":4.0},{"damage":7.0,"enemies":"Jaw Worm","floor":5.0,"turns":3.0},{"damage":73.0,"enemies":"3 Sentries","floor":6.0,"turns":11.0},{"damage":0.0,"enemies":"Looter","floor":8.0,"turns":3.0},{"damage":14,"enemies":"Gremlin Gang","floor":11,"turns":6},{"damage":0,"enemies":"Blue Slaver","floor":12,"turns":2},{"damage":3,"enemies":"3 Louse","floor":14,"turns":4},{"damage":75,"enemies":"The Guardian","floor":16,"turns":15},{"damage":21,"enemies":"2 Thieves","floor":18,"turns":4},{"damage":48,"enemies":"3 Byrds","floor":20,"turns":8},{"damage":10,"enemies":"Snecko","floor":21,"turns":6},{"damage":63,"enemies":"3 Cultists","floor":22,"turns":6}],"seed_played":"-7114155627142008501","potions_obtained":[{"floor":5.0,"key":"blueLaboratory:TrueEctoplasm"},{"floor":6.0,"key":"blueLaboratory:LimitlessPotion"},{"floor":11,"key":"blueLaboratory:StoneskinPotion"},{"floor":12,"key":"DDmod:CleansePotion"},{"floor":16,"key":"blueLaboratory:BottleOfRum"},{"floor":18,"key":"Toxic Potion"},{"floor":20,"key":"blueLaboratory:FrostheartPotion"}],"is_trial":false,"path_per_floor":["M","?","?","M","M","E","R","M","T","$","M","M","R","M","R","B",null,"M","AVR","M","M","M"],"character_chosen":"IRONCLAD","items_purchased":["trackpad:Mousetrap"],"campfire_rested":2,"item_purchase_floors":[10],"current_hp_per_floor":[75,80,80,79,78,11,36,42,42,42,34,40,65,68,68,8,85,79,79,39,40,0,0],"gold":195,"neow_bonus":"IRONCLAD_RAGER","is_daily":false,"chose_seed":false,"campfire_upgraded":0,"win_rate":0.0,"timestamp":1611752533,"path_taken":["M","?","?","M","M","E","R","M","T","$","M","M","R","M","R","BOSS","M","AVR","M","M","M"],"items_purchased_type":["Relic"],"build_version":"2020-12-22","purchased_purges":0,"victory":false,"max_hp_per_floor":[80,85,85,85,85,85,85,85,85,85,85,85,85,85,85,85,85,85,85,85,85,85,85],"relic_stats":{"Darkstone Periapt":0,"counters":[13,76],"obtain_stats":[{"Darkstone Periapt":19,"trackpad:Mousetrap":10,"ReplayTheSpireMod:Shallot":6,"hubris:Stopwatch":17,"Burning Blood":0},{"Darkstone Periapt":10,"trackpad:Mousetrap":5,"ReplayTheSpireMod:Shallot":4,"hubris:Stopwatch":9,"Burning Blood":0},{"Darkstone Periapt":56,"trackpad:Mousetrap":25,"ReplayTheSpireMod:Shallot":22,"hubris:Stopwatch":52,"Burning Blood":0}],"Burning Blood":72},"card_choices":[{"not_picked":["Ghostly Armor","Iron Wave"],"picked":"Heavy Blade","floor":1.0},{"not_picked":["DDmod:CallousedSkill","DDmod:PokeAttack","ReplayTheSpireMod:Strike From Hell"],"picked":"SKIP","floor":4.0},{"not_picked":["Abandon","Exhume"],"picked":"ReplayReversal","floor":5.0},{"not_picked":["Run Through","Massacre"],"picked":"ReplayTheSpireMod:Stacked","floor":6.0},{"not_picked":["Clash","DDmod:RapidStrikeAttack"],"picked":"Flex","floor":8.0},{"not_picked":["Disarm","Armaments"],"picked":"ReplayTheSpireMod:Corrosion Curse","floor":11},{"not_picked":["DDmod:CallousedSkill","ReplayTheSpireMod:Strike From Hell"],"picked":"Flame Barrier","floor":12},{"not_picked":["Thunderclap","ReplayTheSpireMod:Stacked"],"picked":"DDmod:UnstoppableAttack","floor":14},{"not_picked":["StSpp:Betrayal","Fiend Fire"],"picked":"Hemogenesis","floor":16},{"not_picked":["Rupture","Pommel Strike"],"picked":"Cleave","floor":18},{"not_picked":["Pommel Strike","Headbutt"],"picked":"Flex","floor":20},{"not_picked":["Thunderclap","Body Slam"],"picked":"Havoc","floor":21}],"player_experience":147306,"relics_obtained":[{"floor":6.0,"key":"ReplayTheSpireMod:Shallot"}],"event_choices":[{"damage_healed":0.0,"max_hp_gain":5.0,"max_hp_loss":0.0,"gold_gain":0.0,"event_name":"Big Fish","player_choice":"Donut","floor":2.0,"gold_loss":0.0,"damage_taken":0.0},{"damage_healed":0.0,"max_hp_gain":0.0,"max_hp_loss":0.0,"gold_gain":0.0,"event_name":"conspire:Investor","player_choice":"Leave","floor":3.0,"gold_loss":0.0,"damage_taken":0.0}],"is_beta":false,"boss_relics":[{"not_picked":["conspire:SeveredTorchhead","StSpp:FireArrow"],"picked":"hubris:Stopwatch"}],"items_purged_floors":[],"is_endless":false,"potions_floor_spawned":[5,6,11,12,16,18,20],"killed_by":"3 Cultists","ascension_level":0}}