{"host":"yx5rao87132cy5xq","time":1611789809,"event":{"mods":["2.2 Compatiblity","AchievementEnabler","BaseMod","Bestiary","Colored Map","Colored Powertips","Minty Spire (QoL Compilation)","Quick Restart","Relic Stats","Slay-I","SuperFastMode"],"gold_per_floor":[113,188,203,203,214,214,244,244,244,244,279,296,310,188,188,188,188],"floor_reached":16,"language":"POL","playtime":700,"items_purged":["Strike_R"],"score":171,"play_id":"3c183a57-1992-4741-88dd-f2266c29eecf","local_time":"20210128002329","is_ascension_mode":true,"campfire_choices":[{"data":"Uppercut","floor":6,"key":"SMITH"},{"floor":8,"key":"RECALL"},{"floor":10,"key":"REST"},{"floor":15,"key":"REST"}],"circlet_count":0,"master_deck":["AscendersBane","Strike_R","Strike_R","Strike_R","Strike_R","Defend_R","Defend_R","Defend_R","Defend_R","Bash+1","Uppercut+1","Cleave","Cleave","Wild Strike","Second Wind","Dark Embrace","True Grit"],"relics":["Burning Blood","Pantograph","Strawberry","InkBottle","Pen Nib"],"acts_visited":["Exordium"],"potions_floor_usage":[],"damage_taken":[{"damage":1.0,"enemies":"2 Louse","floor":1.0,"turns":4.0},{"damage":11.0,"enemies":"Cultist","floor":3.0,"turns":4.0},{"damage":12,"enemies":"Small Slimes","floor":5,"turns":3},{"damage":50,"enemies":"3 Sentries","floor":7,"turns":12},{"damage":18,"enemies":"Gremlin Nob","floor":11,"turns":4},{"damage":13,"enemies":"Blue Slaver","floor":12,"turns":2},{"damage":14,"enemies":"Exordium Thugs","floor":13,"turns":3},{"damage":65,"enemies":"Hexaghost","floor":16,"turns":14}],"seed_played":"3053224897659469088","potions_obtained":[{"floor":5,"key":"Strength Potion"},{"floor":11,"key":"Dexterity Potion"}],"is_trial":false,"path_per_floor":["M","?","M","?","M","R","E","R","T","R","E","M","M","$","R","B"],"character_chosen":"IRONCLAD","items_purchased":["True Grit"],"campfire_rested":2,"item_purchase_floors":[14],"current_hp_per_floor":[77,66,61,61,55,55,18,18,18,44,32,25,17,17,43,3,3],"gold":188,"neow_bonus":"UPGRADE_CARD","is_daily":false,"chose_seed":false,"campfire_upgraded":1,"win_rate":0.0,"timestamp":1611789809,"path_taken":["M","?","M","?","M","R","E","R","T","R","E","?","M","$","R","BOSS"],"items_purchased_type":["Card"],"build_version":"2020-12-22","purchased_purges":1,"victory":false,"max_hp_per_floor":[80,80,80,80,80,80,87,87,87,87,87,87,87,87,87,87,87],"relic_stats":{"counters":[8,46],"Pantograph":25,"Pen Nib":[2],"obtain_stats":[{"Pantograph":4,"Strawberry":7,"Pen Nib":11,"Burning Blood":0,"InkBottle":9},{"Pantograph":2,"Strawberry":4,"Pen Nib":5,"Burning Blood":0,"InkBottle":4},{"Pantograph":8,"Strawberry":23,"Pen Nib":27,"Burning Blood":0,"InkBottle":23}],"Burning Blood":42,"InkBottle":[5]},"card_choices":[{"not_picked":["Headbutt","Warcry"],"picked":"Cleave","floor":1.0},{"not_picked":["Thunderclap","Heavy Blade"],"picked":"Uppercut","floor":3.0},{"not_picked":["Seeing Red","Second Wind"],"picked":"Cleave","floor":5},{"not_picked":["Searing Blow","Twin Strike"],"picked":"Cleave","floor":7},{"not_picked":["Body Slam","Entrench"],"picked":"Wild Strike","floor":11},{"not_picked":["Sword Boomerang","Warcry"],"picked":"Second Wind","floor":12},{"not_picked":["Sever Soul","Spot Weakness"],"picked":"Dark Embrace","floor":13}],"player_experience":853551,"relics_obtained":[{"floor":7,"key":"Strawberry"},{"floor":9,"key":"InkBottle"},{"floor":11,"key":"Pen Nib"}],"event_choices":[{"damage_healed":0.0,"max_hp_gain":0.0,"max_hp_loss":0.0,"gold_gain":75.0,"event_name":"World of Goop","player_choice":"Gather Gold","floor":2.0,"gold_loss":0.0,"damage_taken":11.0},{"cards_removed":["Cleave"],"damage_healed":0.0,"max_hp_gain":0.0,"max_hp_loss":0.0,"gold_gain":0.0,"event_name":"WeMeetAgain","player_choice":"Gave Card","floor":4.0,"gold_loss":0.0,"damage_taken":0.0,"relics_obtained":["Pantograph"]}],"is_beta":false,"boss_relics":[],"items_purged_floors":[14],"is_endless":false,"potions_floor_spawned":[5,11],"killed_by":"Hexaghost","ascension_level":11}}