{"host":"w8jq41i5zn1fudf9","time":1611774218,"event":{"mods":["AchievementEnabler","BaseMod","Colored Map","Colored Powertips","Curses Come First","GifTheSpireLib","Googly Eyes","Minty Spire (QoL Compilation)","Quick Restart","Rare Cards Sparkle","Relic Stats","StSLib","The Awakened One except there are too many feathers","egg","everything is the same but u backflip on backflip","slay the spire mod where everything is the same but ironclad has a cowboy hat"],"gold_per_floor":[116,116,132,45,57,57,86,86,86,86,33,33,33,46,46,146,146,166,91,101,101,114,114,147,147,147,177,192,207,221,221,221,326,326,340,392,392,408,408,443,443,463,489,489,489],"floor_reached":44,"language":"ENG","playtime":1477,"items_purged":[],"score":527,"play_id":"959acf71-d39f-41b7-94c7-70ed511e7652","local_time":"20210127120338","is_ascension_mode":true,"campfire_choices":[{"data":"Dualcast","floor":6,"key":"SMITH"},{"data":"White Noise","floor":10,"key":"SMITH"},{"data":"Zap","floor":12,"key":"SMITH"},{"floor":15,"key":"REST"},{"floor":23,"key":"REST"},{"floor":25,"key":"REST"},{"floor":32,"key":"REST"}],"circlet_count":0,"master_deck":["Strike_B","Strike_B","Defend_B","Defend_B","Defend_B","Defend_B","Zap+1","Dualcast+1","Melter","Ball Lightning","Gash","White Noise+1","Core Surge","Gash","Gash","Electrodynamics","Static Discharge+1","Defragment","Scrape+1","All For One","CurseOfTheBell","Glacier+1","Discovery"],"relics":["FrozenCore","NeowsBlessing","CultistMask","Ice Cream","Kunai","Singing Bowl","Symbiotic Virus","MealTicket","Pen Nib","Calling Bell","Orichalcum","Shuriken","CaptainsWheel","Girya","TungstenRod","Bronze Scales"],"acts_visited":["Exordium","TheCity","TheBeyond"],"potions_floor_usage":[16,20,24,29,33,33,39],"damage_taken":[{"damage":0,"enemies":"2 Louse","floor":1,"turns":1},{"damage":0,"enemies":"Cultist","floor":3,"turns":1},{"damage":0,"enemies":"Jaw Worm","floor":5,"turns":1},{"damage":31,"enemies":"Lagavulin","floor":7,"turns":4},{"damage":0,"enemies":"Exordium Thugs","floor":14,"turns":4},{"damage":32,"enemies":"The Guardian","floor":16,"turns":8},{"damage":40,"enemies":"2 Thieves","floor":18,"turns":4},{"damage":6,"enemies":"Chosen","floor":20,"turns":4},{"damage":0,"enemies":"Sentry and Sphere","floor":22,"turns":3},{"damage":21,"enemies":"Slavers","floor":24,"turns":2},{"damage":37,"enemies":"Book of Stabbing","floor":27,"turns":4},{"damage":3,"enemies":"Cultist and Chosen","floor":28,"turns":5},{"damage":5,"enemies":"3 Cultists","floor":29,"turns":4},{"damage":5,"enemies":"Centurion and Healer","floor":30,"turns":3},{"damage":27,"enemies":"Automaton","floor":33,"turns":8},{"damage":8,"enemies":"Orb Walker","floor":35,"turns":3},{"damage":15,"enemies":"2 Orb Walkers","floor":36,"turns":4},{"damage":16,"enemies":"3 Darklings","floor":38,"turns":3},{"damage":0,"enemies":"Sphere and 2 Shapes","floor":39,"turns":1},{"damage":37,"enemies":"Nemesis","floor":40,"turns":6},{"damage":7,"enemies":"Maw","floor":42,"turns":9},{"damage":14,"enemies":"Transient","floor":44,"turns":2}],"seed_played":"4319812988764565054","potions_obtained":[{"floor":1,"key":"EssenceOfSteel"},{"floor":7,"key":"PotionOfCapacity"},{"floor":16,"key":"Weak Potion"},{"floor":18,"key":"SneckoOil"},{"floor":20,"key":"Dexterity Potion"},{"floor":27,"key":"BlessingOfTheForge"},{"floor":33,"key":"EssenceOfDarkness"},{"floor":37,"key":"Dexterity Potion"},{"floor":37,"key":"SmokeBomb"}],"is_trial":false,"path_per_floor":["M","?","M","$","M","R","E","?","T","R","$","R","$","M","R","B",null,"M","?","M","?","M","R","E","R","T","E","M","M","M","T","R","B",null,"M","?","?","M","M","E","?","M","T","M"],"character_chosen":"DEFECT","items_purchased":["Gash","White Noise","Gash"],"campfire_rested":4,"item_purchase_floors":[4,4,11],"current_hp_per_floor":[75,75,75,75,75,75,44,44,44,44,44,44,44,44,66,34,75,35,35,29,29,29,51,32,55,55,20,19,16,13,13,38,11,85,79,66,66,52,52,15,15,10,10,0,0],"gold":489,"neow_bonus":"THREE_ENEMY_KILL","is_daily":false,"chose_seed":false,"campfire_upgraded":3,"win_rate":0.0,"timestamp":1611774218,"path_taken":["M","?","?","$","M","R","E","?","T","R","?","R","$","?","R","BOSS","M","?","M","?","?","R","E","R","T","E","M","M","M","?","R","BOSS","M","?","?","?","?","E","?","M","T","M"],"items_purchased_type":["Card","Card","Card"],"build_version":"2020-12-22","purchased_purges":0,"victory":false,"max_hp_per_floor":[75,75,75,75,75,75,75,75,75,75,75,75,75,75,75,75,75,75,75,75,75,75,75,77,77,77,79,81,83,85,85,85,85,85,87,89,89,91,91,91,91,93,93,93,93],"relic_stats":{"Singing Bowl":18,"counters":[22,84],"Shuriken":[11],"Bronze Scales":[3],"MealTicket":0,"Pen Nib":[8],"Kunai":[34],"Orichalcum":[48],"obtain_stats":[{"Ice Cream":7,"Girya":36,"NeowsBlessing":0,"Singing Bowl":24,"Pen Nib":31,"Orichalcum":34,"FrozenCore":17,"Calling Bell":34,"CaptainsWheel":34,"Shuriken":34,"Bronze Scales":43,"MealTicket":27,"CultistMask":2,"Kunai":9,"Cracked Core":0,"Symbiotic Virus":26,"TungstenRod":40},{"Ice Cream":4,"Girya":17,"NeowsBlessing":0,"Singing Bowl":10,"Pen Nib":14,"Orichalcum":15,"FrozenCore":6,"Calling Bell":15,"CaptainsWheel":15,"Shuriken":15,"Bronze Scales":21,"MealTicket":11,"CultistMask":1,"Kunai":4,"Cracked Core":0,"Symbiotic Virus":10,"TungstenRod":20},{"Ice Cream":7,"Girya":63,"NeowsBlessing":0,"Singing Bowl":32,"Pen Nib":48,"Orichalcum":56,"FrozenCore":19,"Calling Bell":56,"CaptainsWheel":56,"Shuriken":56,"Bronze Scales":82,"MealTicket":36,"CultistMask":1,"Kunai":7,"Cracked Core":0,"Symbiotic Virus":32,"TungstenRod":73}],"TungstenRod":2,"FrozenCore":[28]},"card_choices":[{"not_picked":["Turbo","Coolheaded"],"picked":"Melter","floor":1},{"not_picked":["Self Repair","Steam"],"picked":"Ball Lightning","floor":3},{"not_picked":["Conserve Battery","Sweeping Beam","Stack"],"picked":"SKIP","floor":5},{"not_picked":["Buffer","Undo"],"picked":"Core Surge","floor":7},{"not_picked":["Doom and Gloom","Stack"],"picked":"Gash","floor":14},{"not_picked":["Echo Form","All For One"],"picked":"Electrodynamics","floor":16},{"not_picked":["Conserve Battery","Gash"],"picked":"Static Discharge+1","floor":18},{"not_picked":["Stack","Gash"],"picked":"Defragment","floor":20},{"not_picked":["Conserve Battery","Sweeping Beam"],"picked":"Scrape+1","floor":22},{"not_picked":["Steam","Conserve Battery","Streamline+1"],"picked":"Singing Bowl","floor":24},{"not_picked":["Ball Lightning","Melter","Coolheaded"],"picked":"Singing Bowl","floor":27},{"not_picked":["Reprogram+1","Cold Snap","Undo"],"picked":"Singing Bowl","floor":28},{"not_picked":["Cold Snap","Sweeping Beam","Redo"],"picked":"Singing Bowl","floor":29},{"not_picked":["Leap","Ball Lightning+1","Rip and Tear"],"picked":"Singing Bowl","floor":30},{"not_picked":["Reboot","Electrodynamics"],"picked":"All For One","floor":33},{"not_picked":["Barrage","Recycle","Turbo"],"picked":"Singing Bowl","floor":35},{"not_picked":["Steam+1","Ball Lightning","Hologram"],"picked":"Singing Bowl","floor":36},{"not_picked":["Electrodynamics","Doom and Gloom","Compile Driver"],"picked":"Singing Bowl","floor":38},{"not_picked":["Streamline","Reinforced Body"],"picked":"Glacier+1","floor":40},{"not_picked":["Forethought","Mind Blast"],"picked":"Discovery","floor":41},{"not_picked":["Rip and Tear","Turbo+1","White Noise"],"picked":"Singing Bowl","floor":42}],"player_experience":63970,"relics_obtained":[{"floor":7,"key":"Ice Cream"},{"floor":9,"key":"Kunai"},{"floor":24,"key":"Singing Bowl"},{"floor":26,"key":"Symbiotic Virus"},{"floor":27,"key":"MealTicket"},{"floor":31,"key":"Pen Nib"},{"floor":34,"key":"Orichalcum"},{"floor":34,"key":"Shuriken"},{"floor":34,"key":"CaptainsWheel"},{"floor":36,"key":"Girya"},{"floor":40,"key":"TungstenRod"},{"floor":43,"key":"Bronze Scales"}],"event_choices":[{"damage_healed":0,"gold_gain":0,"player_choice":"Trade","damage_taken":0,"relics_obtained":["CultistMask"],"max_hp_gain":0,"max_hp_loss":0,"event_name":"FaceTrader","floor":2,"gold_loss":0},{"cards_removed":["Strike_B"],"damage_healed":0,"gold_gain":0,"player_choice":"Card Removal","damage_taken":0,"max_hp_gain":0,"max_hp_loss":0,"event_name":"Wheel of Change","floor":8,"gold_loss":0},{"cards_removed":["Strike_B"],"damage_healed":0,"gold_gain":0,"player_choice":"Gave Gold","damage_taken":0,"max_hp_gain":0,"max_hp_loss":0,"event_name":"Beggar","floor":19,"gold_loss":75},{"damage_healed":0,"gold_gain":0,"player_choice":"Bought 0 Potions","damage_taken":0,"max_hp_gain":0,"max_hp_loss":0,"event_name":"The Woman in Blue","floor":21,"gold_loss":0},{"damage_healed":0,"gold_gain":0,"player_choice":"Fight","damage_taken":0,"max_hp_gain":0,"max_hp_loss":0,"event_name":"Mysterious Sphere","floor":36,"gold_loss":0},{"damage_healed":0,"gold_gain":0,"player_choice":"Got Potions","damage_taken":0,"max_hp_gain":0,"max_hp_loss":0,"event_name":"Lab","floor":37,"gold_loss":0},{"damage_healed":0,"gold_gain":0,"player_choice":"Memory 1","damage_taken":0,"max_hp_gain":0,"max_hp_loss":0,"event_name":"SensoryStone","floor":41,"gold_loss":0}],"is_beta":false,"boss_relics":[{"not_picked":["Pandora\u0027s Box","Busted Crown"],"picked":"FrozenCore"},{"not_picked":["Tiny House","Runic Dome"],"picked":"Calling Bell"}],"items_purged_floors":[],"is_endless":false,"potions_floor_spawned":[1,7,16,18,20,27,33,38],"killed_by":"Transient","ascension_level":1}}