{"host":"rl3s470f8onwqc1s","time":1611744740,"event":{"mods":["BaseMod","Gold Saver","Minty Spire (QoL Compilation)","MostiFishMod","Shop Mod","Spicy Shops","StSLib","TestMod"],"gold_per_floor":[2091,2091,817,828,828,861,861,886,886,912,912,406,421,421,421,495,495,510,526,539,256,306,335,335,363,433,458,301,334,334,334,334,408,408,422,422,435,435,448,448,477,477,526,526,553,553,553,567,567,567,567,567,567,567,594,594],"floor_reached":57,"language":"ZHS","playtime":1412,"items_purged":["Strike_R","Normality","Brutality+1","Defend_R+1"],"score":3900,"play_id":"cd48cff1-e35a-4fb5-8af1-f3b2e56761d5","local_time":"20210127185220","is_ascension_mode":true,"campfire_choices":[{"data":"MostiFishMod:CullingBlade","floor":7.0,"key":"SMITH"},{"data":"Shockwave","floor":15.0,"key":"SMITH"},{"floor":32.0,"key":"RECALL"},{"data":"MostiFishMod:Chiaki","floor":40.0,"key":"SMITH"},{"data":"Pommel Strike","floor":42.0,"key":"SMITH"},{"data":"Demon Form","floor":49.0,"key":"SMITH"},{"data":"Inflame","floor":53,"key":"SMITH"}],"circlet_count":0,"master_deck":["AscendersBane","Strike_R","Strike_R","Strike_R","Body Slam+1","Madness","Clumsy","MostiFishMod:CullingBlade+1","Inflame+1","Shrug It Off","Impervious","Second Wind","Shockwave+1","MostiFishMod:PerfectStrikeMKII+1","Power Through","Pommel Strike+1","Decay","MostiFishMod:Chiaki+1","Shame","Writhe","Double Tap+1","Dark Embrace+1","Demon Form+1","Shrug It Off","MostiFishMod:PerfectStrikeMKII"],"relics":["DaveBox","testmod-TestBox","testmod-Prudence","BirthdayGift-Icosahedron","Runic Dome","SynthV:TestCard","Champion Belt","testmod-IndustrialRevolution","Darkstone Periapt","Ornamental Fan","Bottled Flame","Pantograph","testmod-Antiphasic","Lantern","Lee\u0027s Waffle","Boot","Mark of Pain","Singing Bowl","SynthV:C4","MutagenicStrength","Shuriken","testmod-ThousandKnives","DiscerningMonocle","Pear","testmod-TurbochargingSystem","Letter Opener","StrikeDummy","testmod-Register","testmod-LifeArmor","testmod-CasingShield","ArrowTower","Astrolabe","Strawberry","Pen Nib","MostiFishMod:Haymaker","Dream Catcher","Dodecahedron","Prayer Wheel","testmod-HeartOfStrike","Juzu Bracelet","TheAbacus","Ancient Tea Set","testmod-AssaultLearning","Bag of Marbles","Blood Vial","HandDrill","Mummified Hand","MostiFishMod:AdaptiveDefenses","Sling","Red Skull","Self Forming Clay","Kunai","Happy Flower"],"acts_visited":["Exordium","TheCity","TheBeyond","TheEnding"],"potions_floor_usage":[51,56],"damage_taken":[{"damage":0.0,"enemies":"Jaw Worm","floor":1.0,"turns":2.0},{"damage":0.0,"enemies":"2 Louse","floor":4.0,"turns":3.0},{"damage":0.0,"enemies":"3 Sentries","floor":6.0,"turns":3.0},{"damage":0.0,"enemies":"Lagavulin","floor":8.0,"turns":1.0},{"damage":0.0,"enemies":"3 Sentries","floor":10.0,"turns":3.0},{"damage":0.0,"enemies":"Small Slimes","floor":13.0,"turns":2.0},{"damage":0.0,"enemies":"The Guardian","floor":16.0,"turns":2.0},{"damage":0.0,"enemies":"2 Thieves","floor":18.0,"turns":1.0},{"damage":0.0,"enemies":"3 Byrds","floor":19.0,"turns":2.0},{"damage":0.0,"enemies":"Snake Plant","floor":20.0,"turns":2.0},{"damage":0.0,"enemies":"Slavers","floor":23.0,"turns":3.0},{"damage":0.0,"enemies":"Book of Stabbing","floor":25.0,"turns":1.0},{"damage":0.0,"enemies":"Slavers","floor":27.0,"turns":3.0},{"damage":0.0,"enemies":"Book of Stabbing","floor":29.0,"turns":1.0},{"damage":0.0,"enemies":"Champ","floor":33.0,"turns":1.0},{"damage":0.0,"enemies":"3 Darklings","floor":35.0,"turns":2.0},{"damage":0.0,"enemies":"3 Shapes","floor":37.0,"turns":1.0},{"damage":0.0,"enemies":"Writhing Mass","floor":39.0,"turns":1.0},{"damage":0.0,"enemies":"Reptomancer","floor":41.0,"turns":1.0},{"damage":0.0,"enemies":"Giant Head","floor":45.0,"turns":1.0},{"damage":0.0,"enemies":"Maw","floor":48.0,"turns":1.0},{"damage":0.0,"enemies":"Donu and Deca","floor":50.0,"turns":2.0},{"damage":0,"enemies":"Awakened One","floor":51,"turns":3},{"damage":0,"enemies":"Shield and Spear","floor":55,"turns":1},{"damage":0,"enemies":"The Heart","floor":56,"turns":4}],"seed_played":"-1614537961768983115","potions_obtained":[{"floor":6.0,"key":"Weak Potion"},{"floor":10.0,"key":"Swift Potion"},{"floor":16.0,"key":"DuplicationPotion"},{"floor":23.0,"key":"ElixirPotion"},{"floor":37.0,"key":"BloodPotion"},{"floor":48.0,"key":"Strength Potion"}],"is_trial":false,"path_per_floor":["M","?","$","M","?","E","R","E","T","E","?","$","M","?","R","B",null,"M","M","M","$","?","E","?","E","T","E","$","E","?","?","R","B",null,"M","?","M","?","M","R","E","R","T","$","E","?","$","M","R","B","B",null,"R","$","E","B",null],"character_chosen":"IRONCLAD","items_purchased":["Madness","Champion Belt","testmod-IndustrialRevolution","Fire Potion","Darkstone Periapt","Ornamental Fan","MostiFishMod:CullingBlade","Lantern","Lee\u0027s Waffle","Boot","Singing Bowl","DiscerningMonocle","Pear","testmod-TurbochargingSystem","Letter Opener","StrikeDummy","testmod-Register","MostiFishMod:Chiaki","MostiFishMod:Haymaker","Dream Catcher","Dodecahedron","Prayer Wheel","testmod-HeartOfStrike","TheAbacus","Ancient Tea Set","testmod-AssaultLearning","Bag of Marbles","Blood Vial","HandDrill","Demon Form","Shrug It Off","Mummified Hand","MostiFishMod:AdaptiveDefenses","Sling","Red Skull","Self Forming Clay","Kunai","MostiFishMod:PerfectStrikeMKII","Strength Potion"],"campfire_rested":0,"item_purchase_floors":[3,3,3,3,3,3,3,12,12,12,21,28,28,28,28,28,28,28,44,44,44,44,44,47,47,47,47,47,47,47,47,54,54,54,54,54,54,54,54],"current_hp_per_floor":[69,46,52,53,58,59,59,60,60,61,54,99,99,99,99,99,99,99,99,99,99,99,99,99,101,101,103,119,121,127,133,133,135,135,137,137,139,139,141,141,150,150,150,150,152,130,130,156,156,156,156,156,156,156,158,158],"gold":594,"neow_bonus":"BOSS_RELIC","is_daily":false,"chose_seed":false,"campfire_upgraded":6,"win_rate":0.0,"timestamp":1611744740,"path_taken":["M","?","$","M","?","E","R","E","T","E","?","?","M","?","R","BOSS","M","M","M","?","?","E","?","E","T","E","$","E","?","?","R","BOSS","M","?","?","?","M","R","E","R","T","$","E","?","$","M","R","BOSS","BOSS","R","$","E","BOSS"],"items_purchased_type":["Card","Relic","Relic","Potion","Relic","Relic","Card","Relic","Relic","Relic","Relic","Relic","Relic","Relic","Relic","Relic","Relic","Card","Relic","Relic","Relic","Relic","Relic","Relic","Relic","Relic","Relic","Relic","Relic","Card","Card","Relic","Relic","Relic","Relic","Relic","Relic","Card","Potion"],"build_version":"2020-12-22","purchased_purges":4,"victory":true,"max_hp_per_floor":[75,75,81,81,86,86,86,86,86,86,86,99,99,99,99,99,99,99,99,99,99,99,99,99,101,101,103,119,121,127,133,133,135,135,137,137,139,139,141,141,150,150,150,150,152,152,152,156,156,156,156,156,156,156,158,158],"card_choices":[{"not_picked":["Perfected Strike","Pommel Strike"],"picked":"Body Slam","floor":1.0},{"not_picked":["Thunderclap","Cleave","Entrench","Dark Embrace"],"picked":"Inflame","floor":4.0},{"not_picked":["Clothesline","Anger","Sword Boomerang","Intimidate"],"picked":"Shrug It Off","floor":6.0},{"not_picked":["Anger","Disarm","Cleave","Shrug It Off"],"picked":"Impervious","floor":8.0},{"not_picked":["Dark Embrace","Juggernaut","Body Slam","Havoc"],"picked":"Second Wind","floor":10.0},{"not_picked":["Fire Breathing","Inflame","Wild Strike","Clash"],"picked":"Bloodletting","floor":13.0},{"not_picked":["MostiFishMod:WingOfPhoenix","Impervious","MostiFishMod:FlyOverUtopia","MostiFishMod:FireWorks"],"picked":"MostiFishMod:PerfectStrikeMKII","floor":16.0},{"not_picked":["Flex","Clothesline","Anger","Havoc","Wild Strike"],"picked":"SKIP","floor":18.0},{"not_picked":["Headbutt+1","Flex","Iron Wave","Armaments","Body Slam"],"picked":"SKIP","floor":19.0},{"not_picked":["Entrench","Headbutt","Warcry+1","Feed"],"picked":"Power Through","floor":20.0},{"not_picked":["Thunderclap+1","Sword Boomerang","Ghostly Armor+1","Bloodletting"],"picked":"Pommel Strike","floor":23.0},{"not_picked":["Disarm","Perfected Strike","Heavy Blade+1","Clothesline","Burning Pact"],"picked":"Singing Bowl","floor":25.0},{"not_picked":["Searing Blow","MostiFishMod:OrdinaryWorld","Twin Strike+1","Cleave","Thunderclap+1"],"picked":"Singing Bowl","floor":27.0},{"not_picked":["Clash","Thunderclap","Dual Wield","Evolve","Reckless Charge"],"picked":"Singing Bowl","floor":29.0},{"not_picked":["Corruption","Immolate","Demon Form","MostiFishMod:KnuckleDown","MostiFishMod:404NotFound"],"picked":"Singing Bowl","floor":33.0},{"not_picked":["Wild Strike","Twin Strike","Spot Weakness","Clothesline","Flex"],"picked":"Singing Bowl","floor":35.0},{"not_picked":["Whirlwind","Clash","Armaments+1","Wild Strike","Flame Barrier+1"],"picked":"Singing Bowl","floor":37.0},{"not_picked":["Disarm","Warcry","Anger","Fire Breathing","Impervious"],"picked":"Singing Bowl","floor":39.0},{"not_picked":["Flex","Evolve","Body Slam","Perfected Strike","Ghostly Armor+1"],"picked":"Singing Bowl","floor":41.0},{"not_picked":["True Grit","Twin Strike","Clash","Blood for Blood","Fire Breathing"],"picked":"Singing Bowl","floor":45.0},{"not_picked":["Thunderclap+1","Warcry","Flame Barrier+1","Cleave","Heavy Blade"],"picked":"Singing Bowl","floor":48.0},{"not_picked":["Armaments+1","Body Slam","Blood for Blood","Shrug It Off","Iron Wave"],"picked":"Singing Bowl","floor":48.0},{"not_picked":["Burning Pact","Limit Break","Combust","Blood for Blood","Havoc+1"],"picked":"Singing Bowl","floor":55}],"player_experience":1339675,"relics_obtained":[{"floor":1.0,"key":"SynthV:TestCard"},{"floor":6.0,"key":"Bottled Flame"},{"floor":9.0,"key":"Pantograph"},{"floor":10.0,"key":"testmod-Antiphasic"},{"floor":23.0,"key":"SynthV:C4"},{"floor":25.0,"key":"Shuriken"},{"floor":27.0,"key":"testmod-ThousandKnives"},{"floor":29.0,"key":"testmod-LifeArmor"},{"floor":41.0,"key":"Strawberry"},{"floor":43.0,"key":"Pen Nib"},{"floor":45.0,"key":"Juzu Bracelet"},{"floor":55,"key":"Happy Flower"}],"event_choices":[{"damage_healed":0.0,"max_hp_gain":0.0,"max_hp_loss":0.0,"gold_gain":0.0,"event_name":"Shining Light","player_choice":"Entered Light","floor":2.0,"gold_loss":0.0,"damage_taken":23.0,"cards_upgraded":["Body Slam","Defend_R"]},{"damage_healed":0.0,"max_hp_gain":5.0,"max_hp_loss":0.0,"gold_gain":0.0,"event_name":"Big Fish","player_choice":"Donut","floor":5.0,"gold_loss":0.0,"damage_taken":0.0},{"cards_removed":["Strike_R"],"damage_healed":0.0,"max_hp_gain":0.0,"max_hp_loss":0.0,"gold_gain":0.0,"event_name":"Golden Wing","player_choice":"Card Removal","floor":11.0,"gold_loss":0.0,"damage_taken":7.0},{"damage_healed":0.0,"max_hp_gain":0.0,"max_hp_loss":0.0,"gold_gain":0.0,"cards_transformed":["Bloodletting"],"event_name":"Transmorgrifier","player_choice":"Transformed","floor":14.0,"gold_loss":0.0,"damage_taken":0.0,"cards_obtained":["Shockwave"]},{"damage_healed":0.0,"max_hp_gain":0.0,"max_hp_loss":0.0,"gold_gain":50.0,"event_name":"Nest","player_choice":"Stole From Cult","floor":22.0,"gold_loss":0.0,"damage_taken":0.0},{"damage_healed":0.0,"max_hp_gain":0.0,"max_hp_loss":0.0,"gold_gain":0.0,"event_name":"Drug Dealer","player_choice":"Inject Mutagens","floor":24.0,"gold_loss":0.0,"damage_taken":0.0,"relics_obtained":["MutagenicStrength"]},{"damage_healed":0.0,"max_hp_gain":0.0,"max_hp_loss":0.0,"gold_gain":0.0,"event_name":"Addict","player_choice":"Stole Relic","floor":30.0,"gold_loss":0.0,"damage_taken":0.0,"relics_obtained":["testmod-CasingShield"],"cards_obtained":["Shame"]},{"damage_healed":0.0,"max_hp_gain":0.0,"max_hp_loss":0.0,"gold_gain":0.0,"event_name":"The Mausoleum","player_choice":"Opened","floor":31.0,"gold_loss":0.0,"damage_taken":0.0,"relics_obtained":["ArrowTower"],"cards_obtained":["Writhe"]},{"damage_healed":0.0,"max_hp_gain":0.0,"max_hp_loss":0.0,"gold_gain":0.0,"event_name":"Upgrade Shrine","player_choice":"Upgraded","floor":36.0,"gold_loss":0.0,"damage_taken":0.0,"cards_upgraded":["MostiFishMod:PerfectStrikeMKII"]},{"cards_removed":["Bash"],"damage_healed":0.0,"max_hp_gain":0.0,"max_hp_loss":0.0,"gold_gain":0.0,"event_name":"Purifier","player_choice":"Purged","floor":38.0,"gold_loss":0.0,"damage_taken":0.0},{"damage_healed":0.0,"max_hp_gain":0.0,"max_hp_loss":0.0,"gold_gain":0.0,"event_name":"Wheel of Change","player_choice":"Damaged","floor":46.0,"gold_loss":0.0,"damage_taken":22.0}],"is_beta":false,"boss_relics":[{"not_picked":["testmod-Recursion","testmod-HarvestTotem"],"picked":"Mark of Pain"},{"not_picked":["testmod-BatchProcessingSystem","Velvet Choker"],"picked":"Astrolabe"}],"items_purged_floors":[3,12,44,54],"is_endless":false,"potions_floor_spawned":[6,10,16,19,20,23,29,37,39,48],"ascension_level":20}}