{"host":"qfskrnw3pl1q86j0","time":1611765045,"event":{"mods":["BaseMod","Block Reminder","Hermit","Marisa????????","Minty Spire (QoL Compilation)","Quick Restart","Random Character Button","Relic Stats","StSLib","The Poker Player","slay the spire mod where everything is the same but ironclad has a cowboy hat"],"gold_per_floor":[116,35,35,46,65,65,99,99,99,128,145,163,163,163,163,259,259,244,271,290,134,144,144,159,159,159,173,33,33,33,46,46,150,150,170,186,186,204,204,204,1,18,18,18,32,32,45,45,45,45],"floor_reached":51,"language":"ENG","playtime":1655,"items_purged":["Strike_B","Defend_B","Strike_B"],"score":759,"play_id":"814a8ceb-0f4c-4555-9d74-839803ee29a3","local_time":"20210127173045","is_ascension_mode":false,"campfire_choices":[{"data":"Defragment","floor":6,"key":"SMITH"},{"data":"Zap","floor":8,"key":"SMITH"},{"data":"Dualcast","floor":13,"key":"SMITH"},{"data":"Ball Lightning","floor":15,"key":"SMITH"},{"data":"Coolheaded","floor":23,"key":"SMITH"},{"data":"Conserve Battery","floor":25,"key":"SMITH"},{"data":"Leap","floor":29,"key":"SMITH"},{"data":"Auto Shields","floor":32,"key":"SMITH"},{"data":"Defend_B","floor":40,"key":"SMITH"},{"data":"Blizzard","floor":46,"key":"SMITH"},{"data":"Defend_B","floor":49,"key":"SMITH"}],"circlet_count":0,"master_deck":["Strike_B+1","Defend_B","Defend_B+1","Defend_B+1","Zap+1","Dualcast+1","Auto Shields+1","Defragment+1","Ball Lightning+1","Coolheaded+1","Leap+1","Conserve Battery+1","Redo+1","Chill+1","Capacitor+1","FTL+1","Coolheaded+1","Defragment+1","Buffer+1","Glacier+1","Blizzard+1","Capacitor+1"],"relics":["Cracked Core","NeowsBlessing","Gambling Chip","Cables","Frozen Egg 2","Coffee Dripper","DataDisk","Orichalcum","Busted Crown","Toxic Egg 2"],"acts_visited":["Exordium","TheCity","TheBeyond"],"potions_floor_usage":[7,16,50,50,50],"damage_taken":[{"damage":0,"enemies":"Jaw Worm","floor":1,"turns":1},{"damage":0,"enemies":"Cultist","floor":4,"turns":1},{"damage":0,"enemies":"2 Louse","floor":5,"turns":1},{"damage":4,"enemies":"3 Sentries","floor":7,"turns":7},{"damage":9,"enemies":"Gremlin Nob","floor":10,"turns":4},{"damage":0,"enemies":"Red Slaver","floor":11,"turns":2},{"damage":7,"enemies":"2 Fungi Beasts","floor":12,"turns":3},{"damage":9,"enemies":"The Guardian","floor":16,"turns":7},{"damage":4,"enemies":"2 Thieves","floor":18,"turns":4},{"damage":0,"enemies":"Chosen","floor":20,"turns":3},{"damage":0,"enemies":"Centurion and Healer","floor":22,"turns":8},{"damage":1,"enemies":"Snake Plant","floor":24,"turns":4},{"damage":0,"enemies":"3 Cultists","floor":27,"turns":6},{"damage":0,"enemies":"Shelled Parasite and Fungi","floor":31,"turns":5},{"damage":0,"enemies":"Collector","floor":33,"turns":9},{"damage":0,"enemies":"Orb Walker","floor":35,"turns":3},{"damage":0,"enemies":"3 Darklings","floor":36,"turns":5},{"damage":0,"enemies":"Maw","floor":38,"turns":6},{"damage":0,"enemies":"Transient","floor":42,"turns":5},{"damage":0,"enemies":"Spire Growth","floor":45,"turns":5},{"damage":0,"enemies":"Jaw Worm Horde","floor":47,"turns":6},{"damage":0,"enemies":"Time Eater","floor":50,"turns":15}],"seed_played":"2913803042798711647","potions_obtained":[{"floor":4,"key":"Energy Potion"},{"floor":10,"key":"Block Potion"},{"floor":11,"key":"PowerPotion"},{"floor":16,"key":"EssenceOfSteel"},{"floor":24,"key":"FocusPotion"},{"floor":44,"key":"PotionOfCapacity"}],"is_trial":false,"path_per_floor":["M","$","?","M","M","R","E","R","T","E","M","M","R","?","R","B",null,"M","T","M","$","M","R","M","R","T","M","$","R","?","M","R","B",null,"M","M","?","M","?","R","$","M","T","?","M","R","M","$","R","B",null],"character_chosen":"DEFECT","items_purchased":["Defragment","Capacitor+1","Defragment+1","Blizzard"],"campfire_rested":0,"item_purchase_floors":[2,21,28,41],"current_hp_per_floor":[75,75,75,75,75,75,71,71,71,62,62,55,55,55,55,46,75,71,71,71,71,71,71,70,70,70,70,70,70,70,70,70,70,75,75,75,75,75,75,75,75,75,75,75,75,75,75,75,75,75],"gold":45,"neow_bonus":"THREE_ENEMY_KILL","is_daily":false,"chose_seed":false,"campfire_upgraded":11,"win_rate":0.0,"timestamp":1611765045,"path_taken":["M","$","?","?","M","R","E","R","T","E","M","M","R","?","R","BOSS","M","?","M","$","M","R","M","R","T","M","$","R","?","M","R","BOSS","M","?","?","?","?","R","$","M","T","?","M","R","M","$","R","BOSS"],"items_purchased_type":["Card","Card","Card","Card"],"build_version":"2020-12-22","purchased_purges":3,"victory":true,"max_hp_per_floor":[75,75,75,75,75,75,75,75,75,75,75,75,75,75,75,75,75,75,75,75,75,75,75,75,75,75,75,75,75,75,75,75,75,75,75,75,75,75,75,75,75,75,75,75,75,75,75,75,75,75],"relic_stats":{"Busted Crown":14,"counters":[22,110],"Gambling Chip":[43],"Orichalcum":[66],"obtain_stats":[{"DataDisk":19,"Busted Crown":34,"NeowsBlessing":0,"Gambling Chip":7,"Coffee Dripper":17,"Frozen Egg 2":10,"Orichalcum":26,"Toxic Egg 2":43,"Cracked Core":0,"Cables":9},{"DataDisk":9,"Busted Crown":15,"NeowsBlessing":0,"Gambling Chip":4,"Coffee Dripper":8,"Frozen Egg 2":5,"Orichalcum":12,"Toxic Egg 2":19,"Cracked Core":0,"Cables":4},{"DataDisk":30,"Busted Crown":65,"NeowsBlessing":0,"Gambling Chip":10,"Coffee Dripper":26,"Frozen Egg 2":14,"Orichalcum":45,"Toxic Egg 2":84,"Cracked Core":0,"Cables":10}],"Cables":[93,45,48,0,0]},"card_choices":[{"not_picked":["Steam","Leap"],"picked":"Auto Shields","floor":1},{"not_picked":["Scrape","Beam Cell"],"picked":"Ball Lightning","floor":4},{"not_picked":["Creative AI","Consume"],"picked":"Coolheaded","floor":5},{"not_picked":["Stack","Multi-Cast"],"picked":"Leap","floor":7},{"not_picked":["Lockon","Consume","Doom and Gloom"],"picked":"SKIP","floor":10},{"not_picked":["Stack","Streamline"],"picked":"Conserve Battery","floor":11},{"not_picked":["Steam Power","Double Energy","Force Field"],"picked":"SKIP","floor":12},{"not_picked":["Tempest","Reprogram"],"picked":"Redo+1","floor":18},{"not_picked":["Hologram","Gash+1"],"picked":"Chill+1","floor":20},{"not_picked":["Conserve Battery","Leap"],"picked":"FTL","floor":22},{"not_picked":["Storm+1","Fission","Steam"],"picked":"SKIP","floor":24},{"not_picked":["Barrage","Beam Cell"],"picked":"Coolheaded+1","floor":27},{"not_picked":["Gash","Force Field","Streamline+1"],"picked":"SKIP","floor":31},{"not_picked":["Rainbow","Core Surge"],"picked":"Buffer+1","floor":33},{"not_picked":["Streamline"],"picked":"SKIP","floor":35},{"not_picked":["Leap"],"picked":"SKIP","floor":36},{"not_picked":[],"picked":"Glacier+1","floor":38},{"not_picked":[],"picked":"Capacitor+1","floor":42},{"not_picked":["Hello World+1"],"picked":"SKIP","floor":45},{"not_picked":["Streamline"],"picked":"SKIP","floor":47}],"player_experience":1009021,"relics_obtained":[{"floor":7,"key":"Gambling Chip"},{"floor":9,"key":"Cables"},{"floor":10,"key":"Frozen Egg 2"},{"floor":19,"key":"DataDisk"},{"floor":26,"key":"Orichalcum"},{"floor":43,"key":"Toxic Egg 2"}],"event_choices":[{"damage_healed":0,"gold_gain":0,"cards_transformed":["Strike_B"],"player_choice":"Transformed","damage_taken":0,"max_hp_gain":0,"max_hp_loss":0,"event_name":"Transmorgrifier","floor":3,"gold_loss":0,"cards_obtained":["Force Field"]},{"cards_removed":["Force Field"],"damage_healed":0,"gold_gain":0,"player_choice":"Purged","damage_taken":0,"max_hp_gain":0,"max_hp_loss":0,"event_name":"Purifier","floor":14,"gold_loss":0},{"damage_healed":0,"gold_gain":0,"player_choice":"Forge","damage_taken":0,"max_hp_gain":0,"max_hp_loss":0,"event_name":"Accursed Blacksmith","floor":30,"gold_loss":0,"cards_upgraded":["FTL"]},{"damage_healed":0,"gold_gain":0,"player_choice":"Upgraded","damage_taken":0,"max_hp_gain":0,"max_hp_loss":0,"event_name":"Upgrade Shrine","floor":37,"gold_loss":0,"cards_upgraded":["Strike_B"]},{"damage_healed":0,"gold_gain":0,"player_choice":"Memory 1","damage_taken":0,"max_hp_gain":0,"max_hp_loss":0,"event_name":"SensoryStone","floor":39,"gold_loss":0},{"damage_healed":0,"gold_gain":0,"player_choice":"Got Potions","damage_taken":0,"max_hp_gain":0,"max_hp_loss":0,"event_name":"Lab","floor":44,"gold_loss":0}],"is_beta":false,"boss_relics":[{"not_picked":["Snecko Eye","Tiny House"],"picked":"Coffee Dripper"},{"not_picked":["FrozenCore","Velvet Choker"],"picked":"Busted Crown"}],"items_purged_floors":[21,28,41],"is_endless":false,"potions_floor_spawned":[4,10,11,16,24,33,45,47],"ascension_level":0}}