{"host":"px2oznrenyeljk7o","time":1611771106,"event":{"mods":["100% Spire Juice","A Magickal Journey","A Penny For Your Troubles","AchievementEnabler","Act Like it!","Arknights The Spire","BaseMod","Better Altar","Better Match","Better Note","Better Sensory Stone","Better Skull","Better Third Choice","ChefMod","Colored Map","Conspire","Curses Come First","Elementarium","Evolution","Fireblade Mod","Fox Events","Gensokyo","GifTheSpireLib","GungeonMod","Hermit","KinomotoSakuraMod(????)","Koishi","Lobotomy","LobotomyExtend","Marisa????????","Menagerie","Minty Spire (QoL Compilation)","Nova Terra(??·??)","Poor People Problems","Potionbrewer","Random Character Button","Rare Cards Sparkle","Reimu??????","Reliquary","Replay The Spire","Robot Space Explorer","Small Relic Pack","Somnambulant","Spicy Shops","StSLib","Stuff the Spire","The Administrix","The Alterego","The Animator","The Blackbeard","The Blue Laboratory","The Bug Knight","The Construct","The Cursed","The Death Knight","The Disciple","The Gatherer","The Hayseed","The Hierophant","The Jungle","The Marked","The Runesmith","The Servant 0.9.4","TheWitcher","WarShipGirlsR/????R mod","Wide Potions","Yakumo Yukari mod","Yuri Mod","everything is the same but u backflip on backflip","slay the spire mod where everything is the same but ironclad has a cowboy hat","??????REMEMod"],"gold_per_floor":[140,100,100,112,131,147,174,206,230,117,117,17,45,63,63,63,63],"floor_reached":16,"language":"ENG","playtime":1415,"items_purged":[],"score":110,"play_id":"39d1e728-23b7-4d05-8241-515c25dfc072","local_time":"20210127191146","is_ascension_mode":false,"campfire_choices":[{"floor":11,"key":"REST"}],"circlet_count":43,"master_deck":["AT_purpleEX","AT_purpleEX","AT_purpleEX","AT_purpleEX","Defend_purpleEX","Defend_purpleEX","Defend_purpleEX","Defend_purpleEX","Observe_purple_1","Observe_purple_2","Moonworks:ShieldCounter","Fancifulhole_purple+1","DimensionStaggered_purple","Boundary_of_Extermination_purpleEX","Mirror_FormAndEmptin_purple","Worldmountain_purple","ExistenceContinue_purple","EighthInstrument_OneDividesIntoTwo_purple","MonsterNeedle_purple","Anti_communist_purple","DimensionStaggered_purple","Line_surface_state_purple+1","Bait_HighSpeedFlying_purple"],"relics":["Boundary_crack","Memoryfragments_purpleEX","EVO:Axolotl","REME_ComplimentaryCards","Circlet","Centennial Puzzle","potionbrewer:RamsHorn","LetterFromLob"],"acts_visited":["Exordium"],"potions_floor_usage":[],"damage_taken":[{"damage":2.0,"enemies":"Jaw Worm","floor":1.0,"turns":5.0},{"damage":2.0,"enemies":"Small Slimes","floor":4.0,"turns":4.0},{"damage":5.0,"enemies":"Cultist","floor":5.0,"turns":4.0},{"damage":0.0,"enemies":"Looter","floor":6.0,"turns":2.0},{"damage":25.0,"enemies":"Lagavulin","floor":8.0,"turns":5.0},{"damage":35,"enemies":"HollowMod:MossKnight","floor":13,"turns":13},{"damage":27,"enemies":"Exordium Thugs","floor":14,"turns":6},{"damage":32,"enemies":"The Guardian","floor":16,"turns":5}],"seed_played":"-951715759536837183","potions_obtained":[{"floor":1.0,"key":"Adrenaline Potion"},{"floor":6.0,"key":"Fire Potion"}],"is_trial":false,"path_per_floor":["M","?","?","M","M","M","T","E","T","$","R","$","E","M","R_BF","B"],"character_chosen":"Youkari","items_purchased":["EighthInstrument_OneDividesIntoTwo_purple","MonsterNeedle_purple","Anti_communist_purple","DimensionStaggered_purple"],"campfire_rested":1,"item_purchase_floors":[10,10,12,12],"current_hp_per_floor":[70,70,70,70,65,68,68,48,48,48,69,69,35,10,31,0,0],"gold":63,"neow_bonus":"ONE_RANDOM_RARE_CARD","is_daily":false,"chose_seed":false,"campfire_upgraded":0,"win_rate":0.0,"timestamp":1611771106,"path_taken":["M","?","?","M","M","M","?","E","T","$","R","?","E","M","R_BF","BOSS"],"items_purchased_type":["Card","Card","Card","Card"],"build_version":"2020-12-22","purchased_purges":0,"victory":false,"max_hp_per_floor":[70,70,70,70,70,70,70,70,70,70,70,70,70,70,70,70,70],"card_choices":[{"not_picked":["Anti_communist_purple","RuleDissolution_purple"],"picked":"DimensionStaggered_purple","floor":1.0},{"not_picked":["SfantasyHide_purple","ButterflyHabitatTemple_purple"],"picked":"Boundary_of_Extermination_purpleEX","floor":4.0},{"not_picked":["DimensionStaggered_purple","Umbrella_purple"],"picked":"Mirror_FormAndEmptin_purple","floor":5.0},{"not_picked":["Realm_recovery_purpleEX","SfantasyHide_purple"],"picked":"Worldmountain_purple","floor":6.0},{"not_picked":["BarrageBoundary_PipeDream_purple","Umbrella_purple"],"picked":"ExistenceContinue_purple","floor":8.0},{"not_picked":["StateDuplicate_purple","Umbrella_purple"],"picked":"Line_surface_state_purple","floor":13},{"not_picked":["AdvanceAttack_purple","MonsterNeedle_purple"],"picked":"Bait_HighSpeedFlying_purple","floor":14}],"player_experience":526073,"relics_obtained":[{"floor":1.0,"key":"AddBug"},{"floor":1.0,"key":"Baka"},{"floor":1.0,"key":"LetterFromLob"},{"floor":4.0,"key":"LetterFromLob"},{"floor":5.0,"key":"SecretRecord"},{"floor":5.0,"key":"Memoryfragments_purpleEX"},{"floor":5.0,"key":"LetterFromLob"},{"floor":6.0,"key":"LetterFromLob"},{"floor":8.0,"key":"REME_ArchaeologicalTools"},{"floor":8.0,"key":"LetterFromLob"},{"floor":9,"key":"Centennial Puzzle"},{"floor":13,"key":"potionbrewer:RamsHorn"},{"floor":13,"key":"LetterFromLob"}],"event_choices":[{"damage_healed":0.0,"max_hp_gain":0.0,"max_hp_loss":0.0,"gold_gain":0.0,"event_name":"yidonshenshe","player_choice":"Donate","floor":2.0,"gold_loss":40.0,"damage_taken":0.0,"relics_obtained":["PaintedHorse:ReiMu"]},{"damage_healed":0.0,"max_hp_gain":0.0,"max_hp_loss":0.0,"gold_gain":0.0,"event_name":"Living Wall","player_choice":"Grow","floor":3.0,"gold_loss":0.0,"damage_taken":0.0,"cards_upgraded":["Fancifulhole_purple"]}],"is_beta":false,"boss_relics":[],"items_purged_floors":[],"is_endless":false,"potions_floor_spawned":[1,6],"killed_by":"The Guardian","ascension_level":0}}