{"host":"qm4rv4rkpk76sbxu","time":1611768202,"event":{"mods":["BaseMod","Bestiary","Block Reminder","DeckTracker","Filter the Spire","Keyboard Shortcuts","Minty Spire (QoL Compilation)","MonsterHotkey","Quick Restart","Random Character Button","Relic Stats","Slay-I","StSLib","Unceasing Turn Reminder","ojb\u0027s Better Paths Mod","ojb\u0027s Info Mod"],"gold_per_floor":[112,112,112,125,142,11,36,48,72,72,99,99,114,139,139,210,210,228,243,168,68,80,80,80],"floor_reached":23,"language":"ENG","playtime":1225,"items_purged":["Defend_G","Strike_G"],"score":472,"play_id":"5c1f42c2-eba2-4b28-8992-f6189bfb5185","local_time":"20210127182322","is_ascension_mode":true,"campfire_choices":[{"data":"Crippling Poison","floor":10.0,"key":"SMITH"},{"floor":12.0,"key":"REST"},{"data":"Noxious Fumes","floor":15,"key":"SMITH"}],"circlet_count":0,"master_deck":["AscendersBane","Strike_G","Strike_G","Strike_G","Defend_G","Defend_G","Defend_G","Survivor","Crippling Poison+1","Venomology","Underhanded Strike","Blur","Poisoned Stab","Footwork","Blur","Noxious Fumes+1","Adrenaline","Backflip"],"relics":["Ring of the Snake","Ancient Tea Set","Pen Nib","Akabeko","Oddly Smooth Stone","Blood Vial","Snecko Eye"],"acts_visited":["Exordium","TheCity"],"potions_floor_usage":[14,16,18,18,19,22,23,23],"damage_taken":[{"damage":0.0,"enemies":"2 Louse","floor":1.0,"turns":2.0},{"damage":2.0,"enemies":"Jaw Worm","floor":4.0,"turns":6.0},{"damage":3.0,"enemies":"Cultist","floor":5.0,"turns":4.0},{"damage":31.0,"enemies":"3 Sentries","floor":7.0,"turns":11.0},{"damage":0.0,"enemies":"Exordium Thugs","floor":8.0,"turns":4.0},{"damage":3.0,"enemies":"Gremlin Nob","floor":11.0,"turns":3.0},{"damage":0.0,"enemies":"Blue Slaver","floor":13.0,"turns":3.0},{"damage":0,"enemies":"Lagavulin","floor":14,"turns":8},{"damage":4,"enemies":"The Guardian","floor":16,"turns":9},{"damage":0,"enemies":"Chosen","floor":18,"turns":4},{"damage":14,"enemies":"Shell Parasite","floor":19,"turns":5},{"damage":3,"enemies":"Cultist and Chosen","floor":22,"turns":5},{"damage":51,"enemies":"Slavers","floor":23,"turns":5}],"seed_played":"-6105605690793068292","potions_obtained":[{"floor":4.0,"key":"Strength Potion"},{"floor":11.0,"key":"Weak Potion"},{"floor":18,"key":"Ancient Potion"},{"floor":19,"key":"LiquidMemories"}],"is_trial":false,"path_per_floor":["M","?","?","M","M","$","E","M","T","R","E","R","M","E","R","B",null,"M","M","?","$","M","E"],"character_chosen":"THE_SILENT","items_purchased":["Poisoned Stab"],"campfire_rested":1,"item_purchase_floors":[6],"current_hp_per_floor":[59,52,52,50,47,47,16,16,16,16,13,32,32,32,32,30,57,59,47,47,47,46,0,0],"gold":80,"neow_bonus":"RANDOM_COMMON_RELIC","is_daily":false,"chose_seed":false,"campfire_upgraded":2,"win_rate":0.0,"timestamp":1611768202,"path_taken":["M","?","?","M","M","?","E","?","T","R","E","R","M","E","R","BOSS","M","M","?","$","M","E"],"items_purchased_type":["Card"],"build_version":"2020-12-22","purchased_purges":2,"victory":false,"max_hp_per_floor":[66,66,66,66,66,66,66,66,66,66,66,66,66,66,66,66,66,66,66,66,66,66,66,66],"relic_stats":{"Blood Vial":10,"counters":[13,69],"Snecko Eye":[28,34,35,33],"Pen Nib":[5],"obtain_stats":[{"Blood Vial":14,"Oddly Smooth Stone":11,"Snecko Eye":17,"Pen Nib":7,"Ancient Tea Set":0,"Akabeko":9,"Ring of the Snake":0},{"Blood Vial":8,"Oddly Smooth Stone":6,"Snecko Eye":9,"Pen Nib":4,"Ancient Tea Set":0,"Akabeko":5,"Ring of the Snake":0},{"Blood Vial":41,"Oddly Smooth Stone":30,"Snecko Eye":50,"Pen Nib":23,"Ancient Tea Set":0,"Akabeko":27,"Ring of the Snake":0}],"Ring of the Snake":[26]},"card_choices":[{"not_picked":["Slice","Escape Plan"],"picked":"Crippling Poison","floor":1.0},{"not_picked":["Choke","Eviscerate"],"picked":"Underhanded Strike","floor":4.0},{"not_picked":["Concentrate","Prepared"],"picked":"Blur","floor":5.0},{"not_picked":["Riddle With Holes","Heel Hook","Blade Dance"],"picked":"SKIP","floor":7.0},{"not_picked":["Acrobatics","Deflect"],"picked":"Footwork","floor":8.0},{"not_picked":["Backflip","Cloak And Dagger"],"picked":"Blur","floor":11.0},{"not_picked":["Flechettes","Distraction"],"picked":"Noxious Fumes","floor":13.0},{"not_picked":["Dodge and Roll","Choke","Cloak And Dagger"],"picked":"SKIP","floor":14},{"not_picked":["Envenom","Tools of the Trade"],"picked":"Adrenaline","floor":16},{"not_picked":["Dodge and Roll","Endless Agony+1","Acrobatics"],"picked":"SKIP","floor":18},{"not_picked":["Deadly Poison","Blade Dance","Finisher"],"picked":"SKIP","floor":19},{"not_picked":["Prepared","Backstab+1"],"picked":"Backflip","floor":22}],"player_experience":1433915,"relics_obtained":[{"floor":7.0,"key":"Pen Nib"},{"floor":9.0,"key":"Akabeko"},{"floor":11.0,"key":"Oddly Smooth Stone"},{"floor":14,"key":"Blood Vial"}],"event_choices":[{"cards_removed":["Defend_G"],"damage_healed":0.0,"max_hp_gain":0.0,"max_hp_loss":0.0,"gold_gain":0.0,"event_name":"Golden Wing","player_choice":"Card Removal","floor":2.0,"gold_loss":0.0,"damage_taken":7.0},{"damage_healed":0.0,"max_hp_gain":0.0,"max_hp_loss":0.0,"gold_gain":0.0,"cards_transformed":["Strike_G"],"event_name":"Living Wall","player_choice":"Change","floor":3.0,"gold_loss":0.0,"damage_taken":0.0,"cards_obtained":["Venomology"]},{"cards_removed":["Neutralize"],"damage_healed":0,"gold_gain":0,"player_choice":"Gave Gold","damage_taken":0,"max_hp_gain":0,"max_hp_loss":0,"event_name":"Beggar","floor":20,"gold_loss":75}],"is_beta":false,"boss_relics":[{"not_picked":["Velvet Choker","Empty Cage"],"picked":"Snecko Eye"}],"items_purged_floors":[6,21],"is_endless":false,"potions_floor_spawned":[4,11,16,18,19],"killed_by":"Slavers","ascension_level":20}}