{"host":"8a72fthmlk1o8pdb","time":1611709565,"event":{"mods":["AchievementEnabler","Aspiration","Astrologer","Bard","BaseMod","Beaked The Cultist","Better Third Choice","Colored Map","Colored Powertips","Downfall","Friendly Minions","GifTheSpireLib","Googly Eyes","Gremlin Mod","Hermit","Jorbs\u0027s Wanderer Trilogy","Marisa????????","Minty Spire (QoL Compilation)","Permanent Neow","Rare Cards Sparkle","Robot Space Explorer","Shop Mod","StSLib","The Animator","The Construct","The Cursed","The Disciple","The Hierophant","The Necromancer","The Poker Player","The Runesmith"],"gold_per_floor":[214,7,7,27,38,67,67,80,80,92,120,120,120,149,149,253,253,264,280,280,280,290,290,317,317,317,331,311,322,335,346,346,346,346],"floor_reached":33,"language":"ENG","playtime":3159,"items_purged":[],"score":289,"play_id":"c6c851d2-7cd4-4835-94ee-66de6d91a79b","local_time":"20210126170605","is_ascension_mode":false,"campfire_choices":[{"floor":7,"key":"REST"},{"floor":12,"key":"REST"},{"floor":15,"key":"REST"},{"data":"hermit:GoldenBullet","floor":23,"key":"SMITH"},{"data":"hermit:Combo","floor":25,"key":"SMITH"},{"floor":32,"key":"REST"}],"circlet_count":0,"master_deck":["hermit:Strike_Hermit","hermit:Strike_Hermit","hermit:Strike_Hermit","hermit:Strike_Hermit","hermit:Defend_Hermit","hermit:Defend_Hermit","hermit:Defend_Hermit","hermit:Snapshot","hermit:Covet","hermit:CursedWeapon","hermit:Snipe","hermit:Snipe","hermit:HighCaliber","hermit:EyeOfTheStorm","hermit:TrackingShot","hermit:Vantage","hermit:Combo+1","hermit:FatalDesire","hermit:Ricochet","downfall:Bewildered","hermit:GoldenBullet+1","hermit:Quickdraw","hermit:Quickdraw+1","downfall:Aged","hermit:Reprieve"],"relics":["hermit:Momento","MerchantsRug","Bag of Marbles","aspiration:HummingbirdHeart","Pocketwatch","Dream Catcher","Cursed Key","sneckomod:BabySnecko","Meat on the Bone"],"acts_visited":["Exordium","TheCity"],"potions_floor_usage":[6,6,19,33,33,33],"damage_taken":[{"damage":5,"enemies":"Small Slimes","floor":1,"turns":4},{"damage":3,"enemies":"Cultist","floor":4,"turns":3},{"damage":14,"enemies":"2 Louse","floor":5,"turns":2},{"damage":33,"enemies":"Lagavulin","floor":6,"turns":5},{"damage":2,"enemies":"2 Fungi Beasts","floor":8,"turns":2},{"damage":6,"enemies":"Exordium Wildlife","floor":10,"turns":3},{"damage":7,"enemies":"Gremlin Nob","floor":11,"turns":3},{"damage":10,"enemies":"3 Sentries","floor":14,"turns":6},{"damage":13,"enemies":"Hexaghost","floor":16,"turns":7},{"damage":7,"enemies":"2 Thieves","floor":18,"turns":2},{"damage":2,"enemies":"Spheric Guardian","floor":19,"turns":2},{"damage":8,"enemies":"Centurion and Healer","floor":22,"turns":3},{"damage":12,"enemies":"Slavers","floor":24,"turns":4},{"damage":2,"enemies":"Sentry and Sphere","floor":27,"turns":3},{"damage":3,"enemies":"3 Cultists","floor":29,"turns":4},{"damage":8,"enemies":"Snake Plant","floor":30,"turns":3},{"damage":5,"enemies":"Snecko","floor":31,"turns":3},{"damage":90,"enemies":"Collector","floor":33,"turns":7}],"seed_played":"-1168777907807563694","potions_obtained":[{"floor":1,"key":"BlessingOfTheForge"},{"floor":4,"key":"Regen Potion"},{"floor":11,"key":"sneckomod:MuddlingPotion"},{"floor":18,"key":"LiquidBronze"},{"floor":24,"key":"hermit:Eclipse"},{"floor":27,"key":"Energy Potion"},{"floor":28,"key":"Ancient Potion"}],"is_trial":false,"path_per_floor":["M","$","?","M","M","E","R","M","T","M","E","R","?","E","R","B",null,"M","M","?","?","M","R","E","R","T","M","?","M","M","M","R","B"],"character_chosen":"HERMIT","items_purchased":["MerchantsRug","hermit:Snipe"],"campfire_rested":4,"item_purchase_floors":[2,2],"current_hp_per_floor":[70,70,70,67,53,32,54,52,52,46,39,61,61,51,73,60,75,68,66,66,66,58,58,46,46,46,44,44,41,45,48,70,0,0],"gold":346,"neow_bonus":"HUNDRED_GOLD","is_daily":false,"chose_seed":false,"campfire_upgraded":2,"win_rate":0.0,"timestamp":1611709565,"path_taken":["M","$","?","?","M","E","R","M","T","M","E","R","?","E","R","BOSS","M","M","?","?","M","R","E","R","T","?","?","M","?","M","R","BOSS"],"items_purchased_type":["Relic","Card"],"build_version":"2020-12-22","purchased_purges":0,"victory":false,"max_hp_per_floor":[75,75,75,75,75,75,75,75,75,75,75,75,75,75,75,75,75,75,75,75,75,75,75,75,75,75,75,75,75,75,75,75,75,75],"card_choices":[{"not_picked":["hermit:Desperado","hermit:Feint"],"picked":"hermit:CursedWeapon","floor":1},{"not_picked":["hermit:NoHoldsBarred","hermit:Coalescence"],"picked":"hermit:HighCaliber","floor":4},{"not_picked":["hermit:ItchyTrigger","hermit:Roulette","hermit:LowProfile"],"picked":"SKIP","floor":5},{"not_picked":["hermit:Quickdraw","hermit:Magnum"],"picked":"hermit:EyeOfTheStorm","floor":6},{"not_picked":["hermit:Snipe","hermit:HighCaliber","hermit:Feint"],"picked":"SKIP","floor":8},{"not_picked":["hermit:DeadMansHand","hermit:Cheat"],"picked":"hermit:TrackingShot","floor":10},{"not_picked":["hermit:Adapt","hermit:Coalescence","hermit:TakeCover"],"picked":"SKIP","floor":11},{"not_picked":["hermit:ItchyTrigger","hermit:Malice"],"picked":"hermit:Vantage","floor":14},{"not_picked":["hermit:LowProfile","hermit:SprayPray"],"picked":"hermit:Combo","floor":15},{"not_picked":["hermit:Adapt","hermit:HeroicBravado"],"picked":"hermit:FatalDesire","floor":16},{"not_picked":["hermit:TrackingShot+1","hermit:CalledShot"],"picked":"hermit:Ricochet","floor":18},{"not_picked":["hermit:TrackingShot","hermit:Glare","hermit:CalledShot+1"],"picked":"SKIP","floor":19},{"not_picked":["hermit:Headshot+1","hermit:Dive"],"picked":"hermit:Quickdraw","floor":22},{"not_picked":["hermit:NoHoldsBarred","hermit:Manifest"],"picked":"hermit:Quickdraw+1","floor":24},{"not_picked":["hermit:HoleUp","hermit:GhostlyPresence+1","hermit:Brawl"],"picked":"SKIP","floor":27},{"not_picked":["hermit:Feint","hermit:Coalescence","hermit:HighCaliber"],"picked":"SKIP","floor":29},{"not_picked":["hermit:BodyArmor+1","hermit:Vantage"],"picked":"hermit:Reprieve","floor":30},{"not_picked":["hermit:BodyArmor+1","hermit:Determination","hermit:LowProfile"],"picked":"SKIP","floor":31}],"player_experience":14608,"relics_obtained":[{"floor":6,"key":"Bag of Marbles"},{"floor":9,"key":"aspiration:HummingbirdHeart"},{"floor":11,"key":"Pocketwatch"},{"floor":14,"key":"Dream Catcher"},{"floor":24,"key":"Meat on the Bone"}],"event_choices":[{"damage_healed":0,"gold_gain":0,"cards_transformed":["hermit:Defend_Hermit"],"player_choice":"Transformed","damage_taken":0,"max_hp_gain":0,"max_hp_loss":0,"event_name":"Transmorgrifier","floor":3,"gold_loss":0,"cards_obtained":["hermit:Snipe"]},{"damage_healed":0,"gold_gain":0,"player_choice":"Ignored","damage_taken":0,"max_hp_gain":0,"max_hp_loss":0,"event_name":"Golden Idol","floor":13,"gold_loss":0},{"damage_healed":0,"gold_gain":0,"player_choice":"Read","damage_taken":0,"max_hp_gain":0,"max_hp_loss":0,"event_name":"The Library","floor":21,"gold_loss":0,"cards_obtained":["hermit:GoldenBullet"]},{"damage_healed":0,"gold_gain":0,"player_choice":"Bought 1 Potion","damage_taken":0,"max_hp_gain":0,"max_hp_loss":0,"event_name":"The Woman in Blue","floor":28,"gold_loss":0}],"is_beta":false,"boss_relics":[{"not_picked":["Ectoplasm","aspiration:WatcherSkillbook"],"picked":"Cursed Key"}],"items_purged_floors":[],"is_endless":false,"potions_floor_spawned":[1,4,11,18,24,27,31],"killed_by":"Collector","ascension_level":0}}