{"host":"r458oihlpg8cxtvp","time":1611739566,"event":{"mods":["Act Like it!","Aspiration","BaseMod","Challenge The Spire","Colored Powertips","Conspire","Dota2Spire","Hallownest","Lobotomy","Minty Spire (QoL Compilation)","Relic Stats","Replay The Spire","Spicy Shops","StSLib","TestMod","[GremlinLeader]The Maniac","¡¾ÒÅÎï¿¨ÅÆ¡¿REMEMod"],"gold_per_floor":[119,194,194,205,218,248,277,291,291,301,317,330,342,372,372,471,471,481,37,48,60,81,81,115,115,115],"floor_reached":25,"language":"ZHS","playtime":1650,"items_purged":["Defend_R"],"score":249,"play_id":"9a30b180-306a-47a7-bdda-902ac33cf80a","local_time":"20210127172606","daily_mods":["Vintage","Heirloom","Flight","DeadlyEvents"],"is_ascension_mode":false,"campfire_choices":[{"floor":15,"key":"REST"},{"data":"Hallownest:attackAdjustingAction","floor":23,"key":"SMITH"},{"data":"Strike_R","floor":23,"key":"SMITH"}],"circlet_count":0,"master_deck":["Strike_R","Strike_R","Strike_R+1","Strike_R","Strike_R","Defend_R","Defend_R","Defend_R","Bash","Defend_R","Defend_R","Hallownest:attackAdjustingAction+1"],"relics":["Burning Blood","replay:Trail_Library","testmod-TestBox","REME_ComplimentaryCards","testmod-Alchemist","Dota2Spire:EyeOfSkadi","testmod-Antiphasic","Blue Doll","Onion Ring","aspiration:ChemicalBlood","testmod-DragonStarHat","ReplayTheSpireMod:TigerMarble","Replay:Bottled Snecko","Darkstone Periapt","Pondfish Scales","Dota2Spire:OrchidMalevolence","Mirror","testmod-InjuryResistance","Matryoshka","BargainBundle","CeramicFish","Replay:Arrowhead","Quantum Egg","Centennial Puzzle"],"acts_visited":["Exordium","Exordium"],"potions_floor_usage":[6,11,12,14,16,16,16,16,18,20,20,21,21,22,24,24,25,25],"damage_taken":[{"damage":4,"enemies":"Cultist","floor":1,"turns":3},{"damage":0,"enemies":"2 Louse","floor":4,"turns":3},{"damage":4,"enemies":"conspire:RoseBush","floor":5,"turns":3},{"damage":21,"enemies":"3 Sentries","floor":6,"turns":9},{"damage":25,"enemies":"Gremlin Nob","floor":7,"turns":4},{"damage":9,"enemies":"Blue Slaver","floor":8,"turns":3},{"damage":0,"enemies":"Red Slaver","floor":10,"turns":2},{"damage":0,"enemies":"Exordium Wildlife","floor":11,"turns":2},{"damage":0,"enemies":"Lots of Slimes","floor":12,"turns":2},{"damage":8,"enemies":"3 Louse","floor":13,"turns":3},{"damage":3,"enemies":"Replay:BlueRogue","floor":14,"turns":3},{"damage":66,"enemies":"Fading Forest","floor":16,"turns":11},{"damage":8,"enemies":"Hallownest:2_Mistakes","floor":18,"turns":8},{"damage":2,"enemies":"Hallownest:3_Youths","floor":20,"turns":9},{"damage":39,"enemies":"Hallownest:3_Mistakes","floor":21,"turns":14},{"damage":8,"enemies":"Hallownest:monsterMisterMushroom","floor":22,"turns":9},{"damage":20,"enemies":"Hallownest:Nosk","floor":24,"turns":11},{"damage":28,"enemies":"Hallownest:eliteWatcherKnight","floor":25,"turns":7}],"seed_played":"-3353032623502771126","potions_obtained":[{"floor":4,"key":"Fire Potion"},{"floor":5,"key":"Reflective Coating"},{"floor":8,"key":"LifebloodPotion"},{"floor":10,"key":"SkillPotion"},{"floor":11,"key":"DistilledChaos"},{"floor":16,"key":"Swift Potion"},{"floor":22,"key":"REME_GoldPotion"},{"floor":24,"key":"Dota2Spire:HealingSalve"}],"is_trial":true,"path_per_floor":["M","?","?","M","M","E","E","M","T","M","M","M","M","E","R","B",null,"M","$","M","M","M","R","E","E"],"character_chosen":"IRONCLAD","items_purchased":["Matryoshka","BargainBundle","DuplicationPotion","EssenceOfSteel"],"campfire_rested":1,"item_purchase_floors":[19,19,19,19],"current_hp_per_floor":[85,74,74,80,82,67,48,45,45,51,57,63,61,64,85,42,86,84,84,86,53,51,51,37,27,27],"gold":115,"neow_bonus":"","is_daily":false,"chose_seed":false,"campfire_upgraded":2,"win_rate":0.0,"timestamp":1611739566,"path_taken":["M","?","?","M","M","E","E","M","T","M","M","M","M","E","R","BOSS","M","$","M","M","?","R","E","E"],"items_purchased_type":["Relic","Relic","Potion","Potion"],"build_version":"2020-12-22","purchased_purges":1,"victory":false,"max_hp_per_floor":[85,85,85,85,85,85,85,85,85,85,85,85,85,85,85,86,86,86,86,86,86,86,86,86,86,86],"relic_stats":{"Darkstone Periapt":0,"Centennial Puzzle":[3],"counters":[18,106],"CeramicFish":9,"obtain_stats":[{"Darkstone Periapt":11,"BargainBundle":19,"testmod-TestBox":0,"Dota2Spire:OrchidMalevolence":13,"CeramicFish":20,"Quantum Egg":22,"Blue Doll":4,"Burning Blood":0,"Replay:Arrowhead":21,"testmod-Antiphasic":1,"Pondfish Scales":12,"Centennial Puzzle":24,"testmod-Alchemist":0,"testmod-InjuryResistance":18,"Matryoshka":19,"Dota2Spire:EyeOfSkadi":0,"Onion Ring":5,"testmod-DragonStarHat":7,"ReplayTheSpireMod:TigerMarble":8,"Replay:Bottled Snecko":10,"Mirror":14,"replay:Trail_Library":0,"REME_ComplimentaryCards":0,"aspiration:ChemicalBlood":6},{"Darkstone Periapt":8,"BargainBundle":13,"testmod-TestBox":0,"Dota2Spire:OrchidMalevolence":10,"CeramicFish":14,"Quantum Egg":16,"Blue Doll":2,"Burning Blood":0,"Replay:Arrowhead":15,"testmod-Antiphasic":1,"Pondfish Scales":9,"Centennial Puzzle":17,"testmod-Alchemist":0,"testmod-InjuryResistance":13,"Matryoshka":13,"Dota2Spire:EyeOfSkadi":0,"Onion Ring":3,"testmod-DragonStarHat":5,"ReplayTheSpireMod:TigerMarble":6,"Replay:Bottled Snecko":7,"Mirror":11,"replay:Trail_Library":0,"REME_ComplimentaryCards":0,"aspiration:ChemicalBlood":4},{"Darkstone Periapt":29,"BargainBundle":56,"testmod-TestBox":0,"Dota2Spire:OrchidMalevolence":34,"CeramicFish":65,"Quantum Egg":88,"Blue Doll":6,"Burning Blood":0,"Replay:Arrowhead":79,"testmod-Antiphasic":3,"Pondfish Scales":31,"Centennial Puzzle":99,"testmod-Alchemist":0,"testmod-InjuryResistance":56,"Matryoshka":56,"Dota2Spire:EyeOfSkadi":0,"Onion Ring":9,"testmod-DragonStarHat":22,"ReplayTheSpireMod:TigerMarble":25,"Replay:Bottled Snecko":27,"Mirror":37,"replay:Trail_Library":0,"REME_ComplimentaryCards":0,"aspiration:ChemicalBlood":18}],"Burning Blood":98},"card_choices":[{"not_picked":["Iron Wave","Perfected Strike","Headbutt"],"picked":"SKIP","floor":6},{"not_picked":["Heavy Blade","Pommel Strike","Defy Death"],"picked":"SKIP","floor":7},{"not_picked":["True Grit","Combust","Perfected Strike"],"picked":"SKIP","floor":14},{"not_picked":["Combust+1","Carnage+1","Perfected Strike"],"picked":"SKIP","floor":24}],"player_experience":74842,"relics_obtained":[{"floor":1,"key":"testmod-Antiphasic"},{"floor":4,"key":"Blue Doll"},{"floor":5,"key":"Onion Ring"},{"floor":6,"key":"aspiration:ChemicalBlood"},{"floor":7,"key":"testmod-DragonStarHat"},{"floor":8,"key":"ReplayTheSpireMod:TigerMarble"},{"floor":10,"key":"Replay:Bottled Snecko"},{"floor":11,"key":"Darkstone Periapt"},{"floor":12,"key":"Pondfish Scales"},{"floor":13,"key":"Dota2Spire:OrchidMalevolence"},{"floor":14,"key":"Mirror"},{"floor":18,"key":"testmod-InjuryResistance"},{"floor":20,"key":"CeramicFish"},{"floor":21,"key":"Replay:Arrowhead"},{"floor":22,"key":"Quantum Egg"},{"floor":24,"key":"Centennial Puzzle"}],"event_choices":[{"damage_healed":0,"gold_gain":75,"player_choice":"Gather Gold","damage_taken":11,"max_hp_gain":0,"max_hp_loss":0,"event_name":"World of Goop","floor":2,"gold_loss":0}],"is_beta":false,"boss_relics":[{"not_picked":["Sozu","Snecko Heart","ChewingGum"]}],"items_purged_floors":[19],"is_endless":true,"potions_floor_spawned":[4,5,8,10,11,16,22,24],"killed_by":"Hallownest:eliteWatcherKnight","ascension_level":0}}