{"host":"w32y1rowg7sz2csy","time":1611756468,"event":{"mods":["BaseMod","Bestiary","Colored Map","Downfall","Minty Spire (QoL Compilation)","StSLib"],"gold_per_floor":[99,113,113,132,145,145,169,69,169,169,7,41,26,26,38,38,38,38],"floor_reached":16,"language":"ENG","playtime":758,"items_purged":[],"score":123,"play_id":"8c72d635-e644-4865-8a12-a7c9ff21c71c","local_time":"20210127150748","is_ascension_mode":false,"campfire_choices":[{"floor":1,"key":"RECALL"},{"data":"bronze:Flail","floor":8,"key":"SMITH"},{"data":"bronze:Goto","floor":10,"key":"SMITH"}],"circlet_count":0,"master_deck":["bronze:Strike","bronze:Strike","bronze:Strike","bronze:Defend","bronze:Defend","bronze:Defend","bronze:Defend","bronze:Replicate","bronze:Goto+1","bronze:Flail+1","bronze:Frontload","bronze:FollowUp","bronze:AlphaBuild"],"relics":["bronze:BronzeCore","downfall:BrokenWingStatue","Anchor","downfall:HeartBlessingRed","Lantern","Ornamental Fan","Kunai"],"acts_visited":["Exordium"],"potions_floor_usage":[],"damage_taken":[{"damage":0,"enemies":"Small Slimes","floor":2,"turns":4},{"damage":0,"enemies":"2 Louse","floor":4,"turns":3},{"damage":11,"enemies":"Jaw Worm","floor":5,"turns":2},{"damage":5,"enemies":"downfall:FleeingMerchant","floor":11,"turns":4},{"damage":0,"enemies":"3 Sentries","floor":12,"turns":2},{"damage":3,"enemies":"downfall:FleeingMerchant","floor":13,"turns":4},{"damage":0,"enemies":"Exordium Wildlife","floor":15,"turns":2},{"damage":39,"enemies":"SI_SHIV_ARCHETYPE","floor":16,"turns":10}],"seed_played":"-8989127756727749537","potions_obtained":[{"floor":12,"key":"LiquidMemories"},{"floor":15,"key":"Block Potion"}],"is_trial":false,"path_per_floor":["R","M","?","M","M","?","T","R","?","R","$","E","$","?","M","B"],"character_chosen":"THE_AUTOMATON","items_purchased":["Lantern"],"campfire_rested":0,"item_purchase_floors":[11],"current_hp_per_floor":[77,77,77,77,66,66,66,66,66,66,61,61,58,33,33,0,0,0],"gold":38,"neow_bonus":"TEN_PERCENT_HP_BONUS","is_daily":false,"chose_seed":false,"campfire_upgraded":2,"win_rate":0.0,"timestamp":1611756468,"path_taken":["R","M","?","M","M","?","T","R","?","R","$","E","?","?","M","BOSS"],"items_purchased_type":["Relic"],"build_version":"2020-12-22","purchased_purges":0,"victory":false,"max_hp_per_floor":[77,77,77,77,77,77,77,77,77,77,77,77,77,77,77,77,77,77],"card_choices":[{"not_picked":["bronze:WildBeam","bronze:DelayedSlice","bronze:ItsAFeature"],"picked":"SKIP","floor":2},{"not_picked":["bronze:FineTuning","bronze:Overload"],"picked":"bronze:Flail","floor":4},{"not_picked":["bronze:CutThrough","bronze:DarkDash"],"picked":"bronze:Frontload","floor":5},{"not_picked":["bronze:Allocate","bronze:Invalidate","bronze:GetLatest"],"picked":"SKIP","floor":11},{"not_picked":["bronze:WildBeam","bronze:Shell"],"picked":"bronze:FollowUp","floor":12},{"not_picked":["bronze:WildBeam","bronze:CloningBeam","bronze:BitShift"],"picked":"SKIP","floor":13},{"not_picked":["bronze:Overheat","bronze:Deprecate"],"picked":"bronze:AlphaBuild","floor":15}],"player_experience":3019,"relics_obtained":[{"floor":7,"key":"Anchor"},{"floor":12,"key":"Ornamental Fan"}],"event_choices":[{"damage_healed":0,"gold_gain":0,"player_choice":"Success","damage_taken":25,"relics_obtained":["Kunai"],"max_hp_gain":0,"max_hp_loss":0,"event_name":"Scrap Ooze","floor":14,"gold_loss":0}],"is_beta":false,"boss_relics":[],"items_purged_floors":[],"is_endless":false,"potions_floor_spawned":[12,15],"killed_by":"SI_SHIV_ARCHETYPE","ascension_level":0}}