{"host":"edc6wmn2qug8wnvl","time":1611762203,"event":{"mods":["AchievementEnabler","BaseMod","Colored Map","Colored Powertips","Minty Spire (QoL Compilation)","StSLib"],"gold_per_floor":[116,116,116,128,147,179,198,198,225,225,137,166,166,182,182,278,328,343,343,362,12,12,22,39,39,39,57,57,57],"floor_reached":28,"language":"ENG","playtime":1199,"items_purged":[],"score":230,"play_id":"0fba472b-f2ca-4dc9-9abe-f2f34c4529ba","local_time":"20210127074323","is_ascension_mode":false,"campfire_choices":[{"floor":8,"key":"REST"},{"data":"Spot Weakness","floor":10,"key":"SMITH"},{"data":"Heavy Blade","floor":13,"key":"SMITH"},{"floor":15,"key":"REST"},{"floor":25,"key":"REST"}],"circlet_count":0,"master_deck":["Strike_R+1","Strike_R+1","Strike_R+1","Strike_R+1","Defend_R+1","Defend_R+1","Defend_R+1","Defend_R+1","Perfected Strike+1","Spot Weakness+1","Heavy Blade+1","Flame Barrier","Perfected Strike","Hemokinesis","Burning Pact","Flex","Demon Form","Heavy Blade","Warcry","J.A.X.","Inflame","Cleave","Warcry","Juggernaut","Burning Pact","Sword Boomerang+1"],"relics":["Burning Blood","NeowsBlessing","Pen Nib","Regal Pillow","Potion Belt","Tiny House","Eternal Feather","Bag of Preparation"],"acts_visited":["Exordium","TheCity"],"potions_floor_usage":[7,12,16,16,20,27,27,28],"damage_taken":[{"damage":0,"enemies":"Jaw Worm","floor":1,"turns":1},{"damage":0,"enemies":"2 Louse","floor":4,"turns":1},{"damage":0,"enemies":"Cultist","floor":5,"turns":1},{"damage":36,"enemies":"3 Sentries","floor":6,"turns":6},{"damage":0,"enemies":"3 Louse","floor":7,"turns":3},{"damage":16,"enemies":"Gremlin Nob","floor":12,"turns":3},{"damage":20,"enemies":"Exordium Thugs","floor":14,"turns":3},{"damage":67,"enemies":"Hexaghost","floor":16,"turns":9},{"damage":24,"enemies":"Shell Parasite","floor":18,"turns":6},{"damage":19,"enemies":"Chosen","floor":20,"turns":6},{"damage":10,"enemies":"Snecko","floor":23,"turns":4},{"damage":32,"enemies":"Chosen and Byrds","floor":24,"turns":5},{"damage":60,"enemies":"3 Cultists","floor":27,"turns":6},{"damage":39,"enemies":"Gremlin Leader","floor":28,"turns":2}],"seed_played":"1048660595392449878","potions_obtained":[{"floor":5,"key":"Swift Potion"},{"floor":6,"key":"SteroidPotion"},{"floor":12,"key":"Block Potion"},{"floor":16,"key":"Dexterity Potion"},{"floor":17,"key":"AttackPotion"},{"floor":18,"key":"Strength Potion"},{"floor":24,"key":"Regen Potion"}],"is_trial":false,"path_per_floor":["M","?","?","M","M","E","M","R","T","R","$","E","R","M","R","B",null,"M","?","M","$","?","M","M","R","T","M","E"],"character_chosen":"IRONCLAD","items_purchased":["Hemokinesis","BloodPotion","Cleave","Warcry","Eternal Feather"],"campfire_rested":3,"item_purchase_floors":[11,11,21,21,21],"current_hp_per_floor":[80,73,73,79,80,50,56,80,80,80,80,70,70,56,80,35,85,67,67,54,54,54,50,24,79,79,37,0,0],"gold":57,"neow_bonus":"THREE_ENEMY_KILL","is_daily":false,"chose_seed":false,"campfire_upgraded":2,"win_rate":0.0,"timestamp":1611762203,"path_taken":["M","?","?","M","M","E","M","R","T","R","$","E","R","?","R","BOSS","M","?","M","$","?","M","M","R","T","M","E"],"items_purchased_type":["Card","Potion","Card","Card","Relic"],"build_version":"2020-12-22","purchased_purges":0,"victory":false,"max_hp_per_floor":[80,80,80,80,80,80,80,80,80,80,80,80,80,80,80,80,85,85,85,85,85,85,85,85,85,85,85,85,85],"card_choices":[{"not_picked":["Flex","Cleave"],"picked":"Perfected Strike","floor":1},{"not_picked":["Heavy Blade","Iron Wave"],"picked":"Spot Weakness","floor":4},{"not_picked":["Anger","Rupture"],"picked":"Heavy Blade","floor":5},{"not_picked":["Sever Soul","Flex"],"picked":"Flame Barrier","floor":6},{"not_picked":["Burning Pact","Shrug It Off"],"picked":"Perfected Strike","floor":7},{"not_picked":["Clash","Sword Boomerang"],"picked":"Burning Pact","floor":12},{"not_picked":["Fire Breathing","Twin Strike"],"picked":"Flex","floor":14},{"not_picked":["Barricade","Reaper"],"picked":"Demon Form","floor":16},{"not_picked":["Power Through","Iron Wave"],"picked":"Heavy Blade","floor":17},{"not_picked":["Clothesline+1","Pommel Strike"],"picked":"Warcry","floor":18},{"not_picked":["Body Slam","Twin Strike"],"picked":"Inflame","floor":20},{"not_picked":["Pommel Strike","Searing Blow"],"picked":"Juggernaut","floor":23},{"not_picked":["Clothesline+1","Armaments"],"picked":"Burning Pact","floor":24},{"not_picked":["Dropkick+1","Pommel Strike+1"],"picked":"Sword Boomerang+1","floor":27}],"player_experience":60640,"relics_obtained":[{"floor":6,"key":"Pen Nib"},{"floor":9,"key":"Regal Pillow"},{"floor":12,"key":"Potion Belt"},{"floor":26,"key":"Bag of Preparation"}],"event_choices":[{"cards_removed":["Bash"],"damage_healed":0,"gold_gain":0,"player_choice":"Card Removal","damage_taken":7,"max_hp_gain":0,"max_hp_loss":0,"event_name":"Golden Wing","floor":2,"gold_loss":0},{"cards_removed":["Strike_R"],"damage_healed":0,"gold_gain":0,"player_choice":"Purged","damage_taken":0,"max_hp_gain":0,"max_hp_loss":0,"event_name":"Purifier","floor":3,"gold_loss":0},{"damage_healed":0,"gold_gain":0,"player_choice":"Obtain J.A.X.","damage_taken":0,"max_hp_gain":0,"max_hp_loss":0,"event_name":"Drug Dealer","floor":19,"gold_loss":0,"cards_obtained":["J.A.X."]},{"damage_healed":0,"gold_gain":0,"player_choice":"Simplicity","damage_taken":0,"max_hp_gain":0,"max_hp_loss":0,"event_name":"Back to Basics","floor":22,"gold_loss":0,"cards_upgraded":["Strike_R","Strike_R","Strike_R","Strike_R","Defend_R","Defend_R","Defend_R","Defend_R"]}],"is_beta":false,"boss_relics":[{"not_picked":["Runic Dome","Sozu"],"picked":"Tiny House"}],"items_purged_floors":[],"is_endless":false,"potions_floor_spawned":[5,6,12,16,18,24],"killed_by":"Gremlin Leader","ascension_level":0}}