{"host":"8u7tvcybuv0u72fd","time":1611730701,"event":{"mods":["BaseMod","BetterRewards","Colored Map","Colored Powertips","Minty Spire (QoL Compilation)","Quick Restart","Shop Mod"],"gold_per_floor":[111,186,199,199,199,199,231,231,299,314,314,341,374,387,387,488,488,508,508,523,542,561,561,591,591,591,611,624,624,127,141,141,239,239,239],"floor_reached":34,"language":"ENG","playtime":1432,"items_purged":["Strike_R"],"score":532,"play_id":"b6b8d4c4-ec85-4d52-91d7-66a0a61eb254","local_time":"20210127015821","is_ascension_mode":false,"campfire_choices":[{"floor":6.0,"key":"REST"},{"data":"Bash","floor":8.0,"key":"SMITH"},{"data":"Shrug It Off","floor":11.0,"key":"SMITH"},{"data":"Rampage","floor":15.0,"key":"SMITH"},{"data":"Body Slam","floor":23.0,"key":"SMITH"},{"data":"Double Tap","floor":25.0,"key":"SMITH"},{"data":"Dropkick","floor":29.0,"key":"SMITH"},{"data":"Headbutt","floor":32.0,"key":"SMITH"}],"circlet_count":0,"master_deck":["Strike_R","Strike_R","Strike_R","Strike_R","Defend_R","Defend_R","Defend_R","Defend_R","Bash+1","Shrug It Off+1","Dropkick+1","Rampage+1","Double Tap+1","Iron Wave+1","Body Slam+1","Headbutt+1","Feed"],"relics":["Black Blood","Tiny Chest","Gremlin Horn","Dead Branch","Shuriken","ClockworkSouvenir","Eternal Feather","Blood Vial","Pantograph","Centennial Puzzle","Bottled Lightning","Akabeko","MerchantsRug","TheAbacus"],"acts_visited":["Exordium","TheCity"],"potions_floor_usage":[],"damage_taken":[{"damage":0.0,"enemies":"Small Slimes","floor":1.0,"turns":4.0},{"damage":0.0,"enemies":"2 Louse","floor":3.0,"turns":3.0},{"damage":16.0,"enemies":"Gremlin Nob","floor":7.0,"turns":5.0},{"damage":0.0,"enemies":"Cultist","floor":10.0,"turns":3.0},{"damage":20.0,"enemies":"Lagavulin","floor":13.0,"turns":5.0},{"damage":0.0,"enemies":"2 Fungi Beasts","floor":14.0,"turns":3.0},{"damage":35.0,"enemies":"Slime Boss","floor":16.0,"turns":9.0},{"damage":0.0,"enemies":"Chosen","floor":18.0,"turns":3.0},{"damage":16.0,"enemies":"Spheric Guardian","floor":20.0,"turns":6.0},{"damage":24.0,"enemies":"Snake Plant","floor":21.0,"turns":4.0},{"damage":11.0,"enemies":"Centurion and Healer","floor":22.0,"turns":6.0},{"damage":59.0,"enemies":"Gremlin Leader","floor":24.0,"turns":9.0},{"damage":3.0,"enemies":"Shelled Parasite and Fungi","floor":27.0,"turns":4.0},{"damage":10.0,"enemies":"Chosen and Byrds","floor":28.0,"turns":5.0},{"damage":10.0,"enemies":"Cultist and Chosen","floor":31.0,"turns":3.0},{"damage":20.0,"enemies":"Automaton","floor":33.0,"turns":5.0}],"seed_played":"2874806231844111229","potions_obtained":[{"floor":7.0,"key":"FearPotion"},{"floor":18.0,"key":"Explosive Potion"},{"floor":21.0,"key":"Strength Potion"},{"floor":24.0,"key":"Regen Potion"},{"floor":27.0,"key":"EssenceOfSteel"}],"is_trial":false,"path_per_floor":["M","?","M","?","?","R","E","R","T","M","R","T","E","M","R","B",null,"M","?","M","M","M","R","E","R","T","M","M","R","$","M","R","B",null],"character_chosen":"IRONCLAD","items_purchased":["Tiny Chest","Gremlin Horn","Shuriken","ClockworkSouvenir","Energy Potion","Swift Potion","SteroidPotion","Akabeko","MerchantsRug","Energy Potion","TheAbacus"],"campfire_rested":1,"item_purchase_floors":[0,0,0,0,0,0,0,30,30,30,30],"current_hp_per_floor":[39,28,34,34,34,58,48,54,54,60,66,66,54,62,68,51,80,80,80,76,66,69,78,33,42,42,65,69,78,78,80,80,72,72,72],"gold":239,"neow_bonus":"","is_daily":false,"chose_seed":false,"campfire_upgraded":7,"win_rate":0.0,"timestamp":1611730701,"path_taken":["M","?","M","?","?","R","E","R","T","M","R","?","E","M","R","BOSS","M","?","M","?","M","R","E","R","T","M","M","R","$","M","R","BOSS"],"items_purchased_type":["Relic","Relic","Relic","Relic","Potion","Potion","Potion","Relic","Relic","Potion","Relic"],"build_version":"2020-12-22","purchased_purges":1,"victory":false,"max_hp_per_floor":[80,80,80,80,80,80,80,80,80,80,80,80,80,80,80,80,80,80,80,80,80,80,80,80,80,80,80,80,80,80,80,80,80,80,80],"card_choices":[{"not_picked":["Second Wind","Armaments"],"picked":"Shrug It Off","floor":1.0},{"not_picked":["Sever Soul","Anger","Carnage"],"picked":"SKIP","floor":3.0},{"not_picked":["Shockwave","Spot Weakness"],"picked":"Dropkick","floor":7.0},{"not_picked":["Pummel","Shrug It Off","Infernal Blade"],"picked":"SKIP","floor":10.0},{"not_picked":["Shockwave","Heavy Blade","Searing Blow"],"picked":"SKIP","floor":13.0},{"not_picked":["Perfected Strike","Sentinel"],"picked":"Rampage","floor":14.0},{"not_picked":["Berserk","Fiend Fire"],"picked":"Double Tap","floor":16.0},{"not_picked":["Reckless Charge","Sentinel+1"],"picked":"Iron Wave+1","floor":18.0},{"not_picked":["Shrug It Off","Heavy Blade"],"picked":"Headbutt","floor":20.0},{"not_picked":["Fire Breathing","Carnage","Warcry"],"picked":"SKIP","floor":21.0},{"not_picked":["Cleave+1","True Grit","Entrench"],"picked":"SKIP","floor":22.0},{"not_picked":["Shrug It Off","Dropkick","Fire Breathing"],"picked":"SKIP","floor":24.0},{"not_picked":["Dropkick","Metallicize","Perfected Strike"],"picked":"SKIP","floor":27.0},{"not_picked":["Searing Blow+1","Fire Breathing","Entrench"],"picked":"SKIP","floor":28.0},{"not_picked":["True Grit","Infernal Blade","Wild Strike"],"picked":"SKIP","floor":31.0},{"not_picked":["Reaper","Demon Form"],"picked":"Feed","floor":33.0}],"player_experience":1428689,"relics_obtained":[{"floor":7.0,"key":"Eternal Feather"},{"floor":12.0,"key":"Blood Vial"},{"floor":13.0,"key":"Pantograph"},{"floor":24.0,"key":"Centennial Puzzle"},{"floor":26.0,"key":"Bottled Lightning"}],"event_choices":[{"damage_healed":0.0,"max_hp_gain":0.0,"max_hp_loss":0.0,"gold_gain":75.0,"event_name":"World of Goop","player_choice":"Gather Gold","floor":2.0,"gold_loss":0.0,"damage_taken":11.0},{"damage_healed":0.0,"max_hp_gain":0.0,"max_hp_loss":0.0,"gold_gain":0.0,"event_name":"Liars Game","player_choice":"Ignored","floor":4.0,"gold_loss":0.0,"damage_taken":0.0},{"damage_healed":0.0,"max_hp_gain":0.0,"max_hp_loss":0.0,"gold_gain":0.0,"event_name":"The Woman in Blue","player_choice":"Bought 0 Potions","floor":5.0,"gold_loss":0.0,"damage_taken":0.0},{"damage_healed":0.0,"max_hp_gain":0.0,"max_hp_loss":0.0,"gold_gain":0.0,"event_name":"Match and Keep!","player_choice":"1 cards matched","floor":19.0,"gold_loss":0.0,"damage_taken":0.0,"cards_obtained":["Body Slam"]}],"is_beta":false,"boss_relics":[{"not_picked":["Philosopher\u0027s Stone","Tiny House"],"picked":"Black Blood"}],"items_purged_floors":[0],"is_endless":false,"potions_floor_spawned":[3,7,10,18,21,24,27],"ascension_level":0}}