{"host":"1pwde2j81wdvsae3","time":1611724359,"event":{"mods":["BaseMod","Minty Spire (QoL Compilation)","Replay The Spire","Shop Mod","StSLib"],"gold_per_floor":[111,111,122,136,154,180,180,209,209,209,23,23,37,57,57,131,431,442,428,8,8,8,8,8],"floor_reached":23,"language":"ZHS","playtime":680,"items_purged":[],"score":352,"play_id":"35309525-4a67-4397-9aec-ff988074b06d","local_time":"20210127131239","is_ascension_mode":true,"campfire_choices":[{"data":"Uppercut","floor":7.0,"key":"SMITH"},{"floor":10.0,"key":"REST"},{"floor":12.0,"key":"REST"},{"data":"Corruption","floor":15.0,"key":"SMITH"}],"circlet_count":0,"master_deck":["AscendersBane","Strike_R","Strike_R","Strike_R","Strike_R","Strike_R","Defend_R","Defend_R","Defend_R","Defend_R","Bash","Injury","Corruption+1","Uppercut+1","Pommel Strike","Carnage","Armaments","Thunderclap","Clothesline","True Grit+1","Run Through","Cleave","Fire Breathing","Barricade","CurseOfTheBell","Headbutt+1","Shrug It Off","Wild Strike","Pummel","ReplayTheSpireMod:Strike From Hell","Replay:Undeath\u0027s Touch","ReplayTheSpireMod:Doomed"],"relics":["Burning Blood","Lantern","The Courier","Chameleon Ring","Medical Kit","Calling Bell","Bag of Marbles","Eternal Feather","Old Coin","TheAbacus","Pet Ghost","TungstenRod"],"acts_visited":["TheCity"],"potions_floor_usage":[23,23],"damage_taken":[{"damage":11.0,"enemies":"2 Louse","floor":1.0,"turns":3.0},{"damage":6.0,"enemies":"Cultist","floor":3.0,"turns":4.0},{"damage":0.0,"enemies":"Small Slimes","floor":4.0,"turns":3.0},{"damage":9.0,"enemies":"Looter","floor":5.0,"turns":3.0},{"damage":22.0,"enemies":"3 Sentries","floor":6.0,"turns":7.0},{"damage":30.0,"enemies":"Lagavulin","floor":8.0,"turns":7.0},{"damage":6.0,"enemies":"Red Slaver","floor":13.0,"turns":3.0},{"damage":1.0,"enemies":"Exordium Wildlife","floor":14.0,"turns":2.0},{"damage":45.0,"enemies":"Slime Boss","floor":16.0,"turns":10.0},{"damage":41.0,"enemies":"Shell Parasite","floor":18.0,"turns":6.0},{"damage":39.0,"enemies":"2 Thieves","floor":19.0,"turns":4.0},{"damage":45,"enemies":"Slavers","floor":23,"turns":3}],"seed_played":"23909147027623682","potions_obtained":[{"floor":2.0,"key":"AttackPotion"},{"floor":2.0,"key":"AttackPotion"},{"floor":4.0,"key":"Elixir"},{"floor":8.0,"key":"Regen Potion"},{"floor":14.0,"key":"LifebloodPotion"},{"floor":19.0,"key":"Regen Potion"}],"is_trial":false,"path_per_floor":["M","?","M","M","M","E","R","E","T","R","$","R","M","M","R","B",null,"M","M","$","?","?","E"],"character_chosen":"IRONCLAD","items_purchased":["True Grit+1","Medical Kit","Run Through","TheAbacus","Pet Ghost","Wild Strike","Pummel","ReplayTheSpireMod:Strike From Hell","Replay:Undeath\u0027s Touch"],"campfire_rested":2,"item_purchase_floors":[11,11,11,20,20,20,20,20,20],"current_hp_per_floor":[63,63,63,69,66,50,50,26,26,48,48,70,70,75,75,36,65,30,19,19,19,19,0,0],"gold":8,"neow_bonus":"THREE_RARE_CARDS","is_daily":false,"chose_seed":false,"campfire_upgraded":2,"win_rate":0.0,"timestamp":1611724359,"path_taken":["M","?","?","M","M","E","R","E","T","R","?","R","M","M","R","BOSS","M","M","$","?","?","E"],"items_purchased_type":["Card","Relic","Card","Relic","Relic","Card","Card","Card","Card"],"build_version":"2020-12-22","purchased_purges":0,"victory":false,"max_hp_per_floor":[75,75,75,75,75,75,75,75,75,75,75,75,75,75,75,75,75,75,75,75,75,75,75,75],"card_choices":[{"not_picked":["Demon Form","Barricade"],"picked":"Corruption","floor":0.0},{"not_picked":["Twin Strike","Combust"],"picked":"Uppercut","floor":1.0},{"not_picked":["Shrug It Off","Replay:Undeath\u0027s Touch"],"picked":"Pommel Strike","floor":3.0},{"not_picked":["Clash","Shrug It Off"],"picked":"Carnage","floor":4.0},{"not_picked":["Shrug It Off","Heavy Blade"],"picked":"Armaments","floor":5.0},{"not_picked":["Shrug It Off","Sever Soul"],"picked":"Thunderclap","floor":6.0},{"not_picked":["Replay:Many Hands","Dual Wield"],"picked":"Clothesline","floor":8.0},{"not_picked":["Clothesline","Rampage"],"picked":"Cleave","floor":13.0},{"not_picked":["Perfected Strike","Flex"],"picked":"Fire Breathing","floor":14.0},{"not_picked":["Demonic Infusion","Limit Break"],"picked":"Barricade","floor":16.0},{"not_picked":["Flex","Iron Wave"],"picked":"Headbutt+1","floor":18.0},{"not_picked":["Sword Boomerang","Limit Break"],"picked":"Shrug It Off","floor":19.0}],"player_experience":243713,"relics_obtained":[{"floor":6.0,"key":"Lantern"},{"floor":8.0,"key":"The Courier"},{"floor":9.0,"key":"Chameleon Ring"},{"floor":17.0,"key":"Bag of Marbles"},{"floor":17.0,"key":"Eternal Feather"},{"floor":17.0,"key":"Old Coin"}],"event_choices":[{"damage_healed":0.0,"max_hp_gain":0.0,"max_hp_loss":0.0,"gold_gain":0.0,"event_name":"Lab","player_choice":"Got Potions","floor":2.0,"gold_loss":0.0,"damage_taken":0.0},{"damage_healed":0,"gold_gain":0,"player_choice":"Ignored","damage_taken":0,"max_hp_gain":0,"max_hp_loss":0,"event_name":"Ghosts","floor":22,"gold_loss":0}],"is_beta":false,"boss_relics":[{"not_picked":["SlaversCollar","Astrolabe"],"picked":"Calling Bell"}],"items_purged_floors":[],"is_endless":false,"potions_floor_spawned":[4,8,14,19],"killed_by":"Slavers","ascension_level":15}}