{"host":"syozzdlzcqop4jia","time":1611783573,"event":{"mods":["BaseMod","Colored Map","Colored Powertips","Minty Spire (QoL Compilation)","Quick Restart"],"gold_per_floor":[109,109,127,139,149,149,52,63,63,96,61,61,61,80,80,182,182,199,199,209,209,209,209,9,19,19,39,39,59,70,87,87,87,87],"floor_reached":33,"language":"ENG","playtime":1942,"items_purged":["Strike_R","Defend_R"],"score":314,"play_id":"cb4f3431-f59b-4800-970f-75c7bcf3c3b3","local_time":"20210127223933","is_ascension_mode":true,"campfire_choices":[{"data":"Flex","floor":6,"key":"SMITH"},{"data":"Carnage","floor":12,"key":"SMITH"},{"data":"Limit Break","floor":15,"key":"SMITH"},{"data":"Dual Wield","floor":23,"key":"SMITH"},{"floor":28,"key":"REST"},{"floor":32,"key":"REST"}],"circlet_count":0,"master_deck":["Strike_R","Strike_R","Defend_R","Defend_R","Defend_R","Bash","Headbutt","Flex+1","Anger","Bloodletting","Cleave","Carnage+1","Reckless Charge","Limit Break+1","Feed","Dual Wield+1","Perfected Strike","Shrug It Off","Headbutt","Double Tap","Flex","Anger","Heavy Blade+1"],"relics":["Burning Blood","Champion Belt","Letter Opener","Runic Dome","Pear","Shuriken"],"acts_visited":["Exordium","TheCity"],"potions_floor_usage":[8,27],"damage_taken":[{"damage":8,"enemies":"Jaw Worm","floor":1,"turns":4},{"damage":1,"enemies":"Cultist","floor":3,"turns":3},{"damage":5,"enemies":"Small Slimes","floor":4,"turns":3},{"damage":12,"enemies":"2 Fungi Beasts","floor":5,"turns":4},{"damage":20,"enemies":"Large Slime","floor":8,"turns":5},{"damage":25,"enemies":"3 Sentries","floor":10,"turns":5},{"damage":11,"enemies":"Gremlin Gang","floor":14,"turns":3},{"damage":71,"enemies":"The Guardian","floor":16,"turns":10},{"damage":20,"enemies":"3 Byrds","floor":18,"turns":4},{"damage":1,"enemies":"Spheric Guardian","floor":20,"turns":3},{"damage":32,"enemies":"Snake Plant","floor":25,"turns":3},{"damage":24,"enemies":"3 Cultists","floor":27,"turns":4},{"damage":0,"enemies":"Sentry and Sphere","floor":29,"turns":2},{"damage":12,"enemies":"Chosen and Byrds","floor":30,"turns":3},{"damage":31,"enemies":"Cultist and Chosen","floor":31,"turns":5},{"damage":91,"enemies":"Collector","floor":33,"turns":7}],"seed_played":"-6301539022750476471","potions_obtained":[{"floor":3,"key":"Regen Potion"},{"floor":5,"key":"BloodPotion"},{"floor":8,"key":"Energy Potion"},{"floor":30,"key":"GamblersBrew"}],"is_trial":false,"path_per_floor":["M","?","M","M","M","R","$","M","T","E","?","R","?","M","R","B",null,"M","?","M","?","T","R","$","M","T","M","R","M","M","M","R","B"],"character_chosen":"IRONCLAD","items_purchased":["Cleave","Shrug It Off","Headbutt"],"campfire_rested":2,"item_purchase_floors":[7,24,24],"current_hp_per_floor":[86,86,88,88,82,82,82,77,77,58,80,80,80,75,75,10,88,77,77,82,82,92,92,92,66,66,48,78,84,81,56,87,0,0],"gold":87,"neow_bonus":"TEN_PERCENT_HP_BONUS","is_daily":false,"chose_seed":false,"campfire_upgraded":4,"win_rate":0.0,"timestamp":1611783573,"path_taken":["M","?","M","?","M","R","$","M","T","E","?","R","?","M","R","BOSS","M","?","?","?","?","R","$","M","T","M","R","M","M","M","R","BOSS"],"items_purchased_type":["Card","Card","Card"],"build_version":"2020-12-22","purchased_purges":2,"victory":false,"max_hp_per_floor":[88,88,88,88,88,88,88,88,88,88,88,88,88,88,88,88,88,91,91,91,91,101,101,101,101,101,101,101,101,104,104,104,104,104],"card_choices":[{"not_picked":["Wild Strike","Body Slam"],"picked":"Headbutt","floor":1},{"not_picked":["Fire Breathing","Clash"],"picked":"Flex","floor":3},{"not_picked":["Warcry","Juggernaut"],"picked":"Anger","floor":4},{"not_picked":["Clash","Havoc"],"picked":"Bloodletting","floor":5},{"not_picked":["Sever Soul","Metallicize"],"picked":"Carnage","floor":8},{"not_picked":["True Grit","Clash"],"picked":"Reckless Charge","floor":10},{"not_picked":["Wild Strike","Thunderclap"],"picked":"Limit Break","floor":14},{"not_picked":["Impervious","Immolate"],"picked":"Feed","floor":16},{"not_picked":["Feel No Pain","Power Through+1"],"picked":"Dual Wield","floor":18},{"not_picked":["Body Slam+1","Whirlwind"],"picked":"Perfected Strike","floor":20},{"not_picked":["True Grit+1","Clash"],"picked":"Double Tap","floor":25},{"not_picked":["Intimidate","Clash"],"picked":"Flex","floor":27},{"not_picked":["Burning Pact","Dropkick+1","Sword Boomerang"],"picked":"SKIP","floor":29},{"not_picked":["Bloodletting","Cleave"],"picked":"Anger","floor":30},{"not_picked":["Feel No Pain+1","Body Slam"],"picked":"Heavy Blade+1","floor":31}],"player_experience":416815,"relics_obtained":[{"floor":9,"key":"Champion Belt"},{"floor":10,"key":"Letter Opener"},{"floor":22,"key":"Pear"},{"floor":26,"key":"Shuriken"}],"event_choices":[{"cards_removed":["Strike_R"],"damage_healed":0,"gold_gain":0,"player_choice":"Offered Basic","damage_taken":0,"max_hp_gain":0,"max_hp_loss":0,"event_name":"Bonfire Elementals","floor":2,"gold_loss":0},{"damage_healed":22,"gold_gain":0,"player_choice":"Healed","damage_taken":0,"max_hp_gain":0,"max_hp_loss":0,"event_name":"The Cleric","floor":11,"gold_loss":35},{"damage_healed":0,"gold_gain":0,"player_choice":"Ignored","damage_taken":0,"max_hp_gain":0,"max_hp_loss":0,"event_name":"Liars Game","floor":13,"gold_loss":0},{"cards_removed":["Strike_R"],"damage_healed":0,"gold_gain":0,"player_choice":"Purged","damage_taken":0,"max_hp_gain":0,"max_hp_loss":0,"event_name":"Purifier","floor":19,"gold_loss":0},{"damage_healed":0,"gold_gain":0,"player_choice":"Ignored","damage_taken":0,"max_hp_gain":0,"max_hp_loss":0,"event_name":"Ghosts","floor":21,"gold_loss":0}],"is_beta":false,"boss_relics":[{"not_picked":["Calling Bell","Empty Cage"],"picked":"Runic Dome"}],"items_purged_floors":[7,24],"is_endless":false,"potions_floor_spawned":[3,5,8,30],"killed_by":"Collector","ascension_level":3}}