{"host":"ttx8tv95o5vka1nm","time":1611746633,"event":{"mods":["AchievementEnabler","BaseMod","Colored Map","Downfall","Infinite Spire","Minty Spire (QoL Compilation)","Replay The Spire","Shop Mod","StSLib","The Jungle"],"gold_per_floor":[112,0,0,16,30,30,63,63,117,156,190,207,235,279,279,390,390,417,626,43,13,13],"floor_reached":21,"language":"ENG","playtime":1339,"items_purged":["Defend_P","Defend_P"],"score":289,"play_id":"1119c9cf-4894-48d3-8571-9d80542fc3b8","local_time":"20210127212353","is_ascension_mode":true,"campfire_choices":[{"data":"Replay:Hum","floor":6,"key":"SMITH"},{"data":"Vigilance","floor":8,"key":"SMITH"},{"data":"EmptyFist","floor":15,"key":"SMITH"}],"circlet_count":0,"master_deck":["Strike_P","Strike_P","Strike_P","Strike_P","Eruption+1","Vigilance+1","JustLucky","Protect+1","SandsOfTime","Replay:Hum+1","Replay:ManipulateFuture","EmptyFist+1","SandsOfTime","Indignation","FearNoEvil","Judgement","Tantrum","Replay:Vibes+1","TalkToTheHand","Adaptation","Replay:AtTheReady+1"],"relics":["Juzu Bracelet","CeramicFish","Odd Mushroom","Art of War","SlaversCollar","MerchantsRug","Ice Cream"],"acts_visited":["Exordium","TheCity"],"potions_floor_usage":[10,14],"damage_taken":[{"damage":4,"enemies":"Jaw Worm","floor":1,"turns":4},{"damage":0,"enemies":"Cultist","floor":4,"turns":2},{"damage":0,"enemies":"Small Slimes","floor":5,"turns":2},{"damage":14,"enemies":"Lagavulin","floor":7,"turns":5},{"damage":0,"enemies":"The Mushroom Lair","floor":10,"turns":5},{"damage":14,"enemies":"Gremlin Nob","floor":11,"turns":3},{"damage":0,"enemies":"Blue Slaver","floor":12,"turns":3},{"damage":0,"enemies":"Large Slime","floor":13,"turns":2},{"damage":0,"enemies":"Replay:BlueRogue","floor":14,"turns":3},{"damage":9,"enemies":"Fading Forest","floor":16,"turns":11},{"damage":21,"enemies":"Shell Parasite","floor":18,"turns":5},{"damage":22,"enemies":"2 Thieves","floor":21,"turns":1}],"seed_played":"-5837865368382963834","potions_obtained":[{"floor":1,"key":"BottledMiracle"},{"floor":4,"key":"bronze:BurnAndBuffPotion"},{"floor":5,"key":"Energy Potion"},{"floor":13,"key":"Swift Potion"},{"floor":18,"key":"Explosive Potion"}],"is_trial":false,"path_per_floor":["M","$","?","M","M","R","E","R","T","?","E","M","M","E","R","B",null,"M","?","$","M"],"character_chosen":"WATCHER","items_purchased":["Protect+1","MerchantsRug","Ice Cream","TalkToTheHand","Adaptation","Replay:AtTheReady+1"],"campfire_rested":0,"item_purchase_floors":[2,20,20,20,20,20],"current_hp_per_floor":[61,61,61,61,61,61,47,47,47,47,33,33,33,40,40,39,69,48,17,17,0,0],"gold":13,"neow_bonus":"BOSS_RELIC","is_daily":false,"chose_seed":false,"campfire_upgraded":3,"win_rate":0.0,"timestamp":1611746633,"path_taken":["M","$","?","?","M","R","E","R","T","?","E","M","M","E","R","BOSS","M","?","$","M"],"items_purchased_type":["Card","Relic","Relic","Card","Card","Card"],"build_version":"2020-12-22","purchased_purges":2,"victory":false,"max_hp_per_floor":[72,72,72,72,72,72,72,72,72,72,72,72,72,79,79,79,79,79,79,79,79,79],"card_choices":[{"not_picked":["Replay:BluntJabs","Swivel"],"picked":"JustLucky","floor":1},{"not_picked":["Prostrate","JustLucky"],"picked":"SandsOfTime","floor":4},{"not_picked":["Pray","Prostrate"],"picked":"Replay:Hum","floor":5},{"not_picked":["Alpha","Fasting2"],"picked":"Replay:ManipulateFuture","floor":7},{"not_picked":["Tantrum","EmptyMind"],"picked":"EmptyFist","floor":10},{"not_picked":["FlyingSleeves","SashWhip"],"picked":"SandsOfTime","floor":11},{"not_picked":["Replay:AtTheReady","Replay:BluntJabs","BowlingBash"],"picked":"SKIP","floor":12},{"not_picked":["Wireheading","Evaluate"],"picked":"Indignation","floor":13},{"not_picked":["BowlingBash","Halt"],"picked":"FearNoEvil","floor":14},{"not_picked":["Replay:AllIn","Omniscience"],"picked":"Judgement","floor":16},{"not_picked":["Halt+1","CrushJoints"],"picked":"Tantrum","floor":18},{"not_picked":["Replay:AtTheReady","LikeWater"],"picked":"Replay:Vibes+1","floor":19}],"player_experience":923259,"relics_obtained":[{"floor":7,"key":"Juzu Bracelet"},{"floor":9,"key":"CeramicFish"},{"floor":10,"key":"Odd Mushroom"},{"floor":11,"key":"Art of War"},{"floor":14,"key":"Strawberry"}],"event_choices":[{"damage_healed":0,"gold_gain":0,"player_choice":"Upgraded","damage_taken":0,"max_hp_gain":0,"max_hp_loss":0,"event_name":"Upgrade Shrine","floor":3,"gold_loss":0,"cards_upgraded":["Eruption"]},{"damage_healed":0,"gold_gain":0,"player_choice":"Fought Mushrooms","damage_taken":0,"max_hp_gain":0,"max_hp_loss":0,"event_name":"Mushrooms","floor":10,"gold_loss":0}],"is_beta":false,"boss_relics":[{"not_picked":["Replay:Drink Me","ReplayTheSpireMod:SealedPack"],"picked":"SlaversCollar"}],"items_purged_floors":[2,20],"is_endless":false,"potions_floor_spawned":[1,4,5,13,18],"killed_by":"2 Thieves","ascension_level":6}}