{"host":"xyk14hhkzhphoq1n","time":1611772172,"event":{"mods":["Act Like it!","BaseMod","Better Vampires","BetterRewards","Gensokyo","Minty Spire (QoL Compilation)","Remilia£®¿Ÿ√◊¿Ú—«£©","Reorder Act Four","StSLib","Waifu the Spire","Yakumo Yukari mod","Youmu£®ªÍ∆«—˝√Œ£©"],"gold_per_floor":[130,130,140,70,33,61,24,24,24,24,41,66,66,81,81,182,182,201,201,17,17,17,48,48,48,95,115,135,135,104,139,139,240,240,451,464,476,476,491,491,522,522,522,548,548,562,50,70,70,70,70,18,18,51,51],"floor_reached":56,"language":"ZHS","playtime":4783,"items_purged":["AT_purpleEX"],"score":1691,"play_id":"ac258263-4166-4588-a8af-0719a87590bb","local_time":"20210128022932","is_ascension_mode":true,"campfire_choices":[{"floor":8.0,"key":"RECALL"},{"data":"Boundary_LightAndDark_purple","floor":10.0,"key":"SMITH"},{"data":"SfantasyHide_purple","floor":15.0,"key":"SMITH"},{"data":"AdvanceAttack_purple","floor":24.0,"key":"SMITH"},{"data":"Reinforced Body","floor":29.0,"key":"SMITH"},{"data":"Worldmountain_purple","floor":32.0,"key":"SMITH"},{"data":"Gensokyo:ShootingStar","floor":40.0,"key":"SMITH"},{"floor":49,"key":"REST"},{"data":"Observe_purple_1","floor":53,"key":"SMITH"}],"circlet_count":0,"master_deck":["AT_purpleEX","AT_purpleEX","AT_purpleEX","Defend_purpleEX","Defend_purpleEX","Defend_purpleEX","Defend_purpleEX+1","Observe_purple_1+1","Observe_purple_2","Worldmountain_purple+1","Worldmountain_purple+1","Boundary_LightAndDark_purple+1","AdvanceAttack_purple+1","SfantasyHide_purple+1","CommonSense_AntiCommonSense_purple+1","LoveAcrossDimensions_purple+1","Panache+1","Gensokyo:ManorOfTheDishes+1","Reinforced Body+1","Fantasy_PerpetualMotionMachine_purple+1","Gensokyo:ShootingStar+1","ProofOfUnderstanding_purple+1","StateErode_purple+1","GluttonyofRealm_purpleEX","Gensokyo:LifeSpringInfinity+1","RuleDissolution_purple+1","MeetDecomposer_purple+1","WeekHit_purple+1"],"relics":["Boundary_crack","Memoryfragments_purpleEX","Lee\u0027s Waffle","Question Card","Torii","White Beast Statue","Gensokyo:LunaticRedEyes","Pear","AntiCross","Frozen Egg 2","Gensokyo:Mercy","Seventeenyearold_girl_Forever","Gensokyo:RedStar","Oddly Smooth Stone","Bottled Tornado","Sozu","Ornamental Fan","Letter Opener","PreservedInsect","Blue Candle","Toxic Egg 2","Eternal Feather"],"acts_visited":["Exordium","Gensokyo:Gensokyo","Gensokyo:Gensokyoer","TheEnding"],"potions_floor_usage":[54,54,55],"damage_taken":[{"damage":2.0,"enemies":"Gensokyo:2_Kodama","floor":1.0,"turns":3.0},{"damage":11.0,"enemies":"Gensokyo:Python","floor":3.0,"turns":4.0},{"damage":60.0,"enemies":"Gensokyo:Aya","floor":6.0,"turns":10.0},{"damage":1.0,"enemies":"Gensokyo:Gryphon","floor":11.0,"turns":2.0},{"damage":9.0,"enemies":"Gensokyo:Cirno","floor":12.0,"turns":5.0},{"damage":3.0,"enemies":"Gensokyo:VengefulSpirit","floor":14.0,"turns":3.0},{"damage":4.0,"enemies":"Gensokyo:Reimu","floor":16.0,"turns":5.0},{"damage":2.0,"enemies":"Gensokyo:3_Dogs","floor":18.0,"turns":4.0},{"damage":39.0,"enemies":"Gensokyo:Koishi","floor":23.0,"turns":5.0},{"damage":0.0,"enemies":"Gensokyo:CosmicMonolith","floor":27.0,"turns":3.0},{"damage":16.0,"enemies":"Gensokyo:Mirror_and_Dog","floor":28.0,"turns":3.0},{"damage":18.0,"enemies":"Gensokyo:Reisen","floor":31.0,"turns":5.0},{"damage":14.0,"enemies":"Gensokyo:Kaguya","floor":33.0,"turns":8.0},{"damage":2.0,"enemies":"Gensokyo:3_Boulders","floor":35.0,"turns":3.0},{"damage":0.0,"enemies":"Gensokyo:3_Bats","floor":36.0,"turns":3.0},{"damage":4.0,"enemies":"Gensokyo:AtlasGolem","floor":37.0,"turns":4.0},{"damage":16.0,"enemies":"Gensokyo:Rafflesia","floor":39.0,"turns":7.0},{"damage":8.0,"enemies":"Gensokyo:Kasen","floor":41.0,"turns":4.0},{"damage":0,"enemies":"Gensokyo:Kasen","floor":45,"turns":5},{"damage":20,"enemies":"Gensokyo:4_Bats","floor":46,"turns":3},{"damage":14,"enemies":"Gensokyo:Sharpion","floor":48,"turns":3},{"damage":14,"enemies":"Gensokyo:Shinki","floor":50,"turns":7},{"damage":3,"enemies":"Shield and Spear","floor":54,"turns":3},{"damage":15,"enemies":"The Heart","floor":55,"turns":8}],"seed_played":"-5573233822164950206","potions_obtained":[{"floor":1.0,"key":"SneckoOil"},{"floor":3.0,"key":"BlessingOfTheForge"},{"floor":6.0,"key":"EssenceOfSteel"},{"floor":11.0,"key":"EssenceOfSteel"},{"floor":12.0,"key":"SmokeBomb"},{"floor":14.0,"key":"Block Potion"},{"floor":23.0,"key":"PowerPotion"},{"floor":28.0,"key":"Swift Potion"},{"floor":31.0,"key":"Dexterity Potion"},{"floor":33.0,"key":"Energy Potion"}],"is_trial":false,"path_per_floor":["M","?","M","?","$","E","COS","R","T","R","M","E","?","M","R","B",null,"M","?","$","?","?","E","R","?","T","M","M","R","COS","E","R","B",null,"M","M","M","?","M","R","E","$","T","T","?","M","$","M","R","B",null,"$","R","E","B",null],"character_chosen":"Youkari","items_purchased":["Lee\u0027s Waffle","Question Card","Torii","Worldmountain_purple","White Beast Statue","Bait_HighSpeedFlying_purple","Panache+1","Blue Candle","Toxic Egg 2","MeetDecomposer_purple+1"],"campfire_rested":1,"item_purchase_floors":[0,0,0,0,0,5,20,47,47,52],"current_hp_per_floor":[76,76,67,67,67,19,19,19,19,19,19,11,11,13,13,14,87,89,89,89,89,81,49,49,49,49,56,47,47,47,36,36,66,89,89,91,93,93,80,80,79,79,79,79,79,59,59,45,73,59,95,95,95,97,86],"gold":51,"neow_bonus":"","is_daily":false,"chose_seed":false,"campfire_upgraded":7,"win_rate":0.0,"timestamp":1611772172,"path_taken":["M","?","M","?","?","E","COS","R","T","R","M","E","?","M","R","BOSS","M","?","$","?","?","E","R","?","T","M","?","R","COS","E","R","BOSS","M","M","?","?","?","R","E","?","T","?","?","?","$","M","R","BOSS","$","R","E","BOSS"],"items_purchased_type":["Relic","Relic","Relic","Card","Relic","Card","Card","Relic","Relic","Card"],"build_version":"2020-12-22","purchased_purges":1,"victory":true,"max_hp_per_floor":[77,77,77,77,77,87,87,87,87,87,87,87,87,87,87,87,87,89,89,89,89,81,83,83,83,83,85,87,87,87,89,89,89,89,89,91,93,93,93,93,95,95,95,95,95,95,95,95,95,95,95,95,95,97,97],"card_choices":[{"not_picked":["SharpContractionReality_purple","Line_surface_state_purple","Charmbait_purple"],"picked":"Worldmountain_purple","floor":1.0},{"not_picked":["Realm_recovery_purpleEX","ExistenceContinue_purple","MeetDecomposer_purple"],"picked":"Boundary_LightAndDark_purple","floor":3.0},{"not_picked":["MetroBOOM_purple","MNeedle_purple","DarkRealmRedLine_purple"],"picked":"AdvanceAttack_purple","floor":6.0},{"not_picked":["DimensionStaggered_purple","AdvanceAttack_purple","StateErode_purple"],"picked":"SfantasyHide_purple","floor":11.0},{"not_picked":["MonsterNeedle_purple","Fantasy_PerpetualMotionMachine_purple+1","Mirror_FormAndEmptin_purple"],"picked":"CommonSense_AntiCommonSense_purple+1","floor":12.0},{"not_picked":["MNeedle_purple+1","Theboundaryofcreation_purpleEX+1","PositiveMatter_Antimatter_Universe_purple+1","Realm_recovery_purpleEX+1"],"picked":"SKIP","floor":12.0},{"not_picked":["Mirror_FormAndEmptin_purple","Bait_Toxicbait_purple","DimensionStaggered_purple","Shallow_ocean_purpleEX"],"picked":"SKIP","floor":14.0},{"not_picked":["Boundary_LifeAndDeath_purple","WangLiang_LineAndCurveDreams_purple+1","Human_Monster_Realm_purple"],"picked":"LoveAcrossDimensions_purple+1","floor":16.0},{"not_picked":["MeetDecomposer_purple+1","PurpleNeedle_purple","CommonSense_AntiCommonSense_purple+1","StateErode_purple+1"],"picked":"SKIP","floor":18.0},{"not_picked":["Gensokyo:MenInBlack","Gensokyo:TurboGranny+1","Gensokyo:GapWoman"],"picked":"Gensokyo:ManorOfTheDishes+1","floor":22.0},{"not_picked":["Nest_LightFlightworm_purple","Extrememeaning_purpleEX","SfantasyHide_purple","AdvanceAttack_purple+1"],"picked":"SKIP","floor":23.0},{"not_picked":["ButterflyHabitatTemple_purple","Boundary_of_Extermination_purpleEX+1","MeetDecomposer_purple","RuleDissolution_purple"],"picked":"SKIP","floor":27.0},{"not_picked":["AdvanceAttack_purple","Theboundaryofcreation_purpleEX","StateDuplicate_purple+1","RuleDissolution_purple"],"picked":"SKIP","floor":28.0},{"not_picked":["AdvanceAttack_purple","Theboundaryofcreation_purpleEX","StateDuplicate_purple+1","RuleDissolution_purple"],"picked":"SKIP","floor":28.0},{"not_picked":["AdvanceAttack_purple","Theboundaryofcreation_purpleEX","StateDuplicate_purple+1","RuleDissolution_purple"],"picked":"SKIP","floor":28.0},{"not_picked":["AdvanceAttack_purple","WatchEChange_purple","Mirror_Drifter_purple"],"picked":"Fantasy_PerpetualMotionMachine_purple+1","floor":31.0},{"not_picked":[],"picked":"Gensokyo:ShootingStar","floor":33.0},{"not_picked":["WangLiang_LineAndCurveDreams_purple+1","Price_of_realm_purpleEX","UniverseChoice_purple+1"],"picked":"ProofOfUnderstanding_purple+1","floor":33.0},{"not_picked":["StateDuplicate_purple","OmniscientAndOmnipotent_Monster_purple","Charmbait_purple","Mirror_FormAndEmptin_purple+1"],"picked":"SKIP","floor":35.0},{"not_picked":["Nest_LightFlightworm_purple+1","MetroBOOM_purple","Boundary_of_Extermination_purpleEX+1","PurpleNeedle_purple"],"picked":"SKIP","floor":36.0},{"not_picked":["WatchEChange_purple+1","SharpContractionReality_purple+1","Umbrella_purple","DimensionStaggered_purple+1"],"picked":"SKIP","floor":37.0},{"not_picked":["DarkRealmRedLine_purple+1","ExistenceContinue_purple+1","Charmbait_purple"],"picked":"StateErode_purple+1","floor":39.0},{"not_picked":["CommonSense_AntiCommonSense_purple+1","Boundary_of_Extermination_purpleEX+1","Realm_recovery_purpleEX"],"picked":"GluttonyofRealm_purpleEX","floor":41.0},{"not_picked":["Gensokyo:MorningStar+1","Gensokyo:RainbowDanmaku+1"],"picked":"Gensokyo:LifeSpringInfinity+1","floor":45},{"not_picked":["Realm_recovery_purpleEX+1","Nest_LightFlightworm_purple","OpenedBox_purple"],"picked":"RuleDissolution_purple+1","floor":46},{"not_picked":["Umbrella_purple+1","AdvanceAttack_purple+1","Realm_recovery_purpleEX+1","ExistenceContinue_purple"],"picked":"SKIP","floor":48},{"not_picked":["Fancifulhole_purple","Charmbait_purple","Realm_recovery_purpleEX+1"],"picked":"WeekHit_purple+1","floor":54}],"player_experience":737757,"relics_obtained":[{"floor":6.0,"key":"Pear"},{"floor":9.0,"key":"AntiCross"},{"floor":12.0,"key":"Frozen Egg 2"},{"floor":23.0,"key":"Oddly Smooth Stone"},{"floor":31.0,"key":"Bottled Tornado"},{"floor":41.0,"key":"Ornamental Fan"},{"floor":43.0,"key":"Letter Opener"},{"floor":44.0,"key":"PreservedInsect"},{"floor":54,"key":"Eternal Feather"}],"event_choices":[],"is_beta":false,"boss_relics":[{"not_picked":["Snecko Eye","SacredBark"],"picked":"Seventeenyearold_girl_Forever"},{"not_picked":["Velvet Choker","Runic Pyramid"],"picked":"Sozu"}],"items_purged_floors":[0],"is_endless":false,"potions_floor_spawned":[1,3,6,11,12,14,16,18,23,27,28,31,33,35,36,37,39,41,46,48,54],"ascension_level":3}}