{"host":"c6u7e77myxvw4d0m","time":1611734103,"event":{"mods":["AchievementEnabler","BaseMod","Bestiary","Colored Map","Colored Powertips","Minty Spire (QoL Compilation)","Rare Cards Sparkle","Relic Stats","everything is the same but u backflip on backflip"],"gold_per_floor":[113,113,127,127,139,139,164,179,179,24,24,24],"floor_reached":11,"language":"ENG","playtime":3191,"items_purged":[],"score":124,"play_id":"af6d6f55-1d8b-4755-8510-b9fb1dd5b224","local_time":"20210127095503","is_ascension_mode":true,"campfire_choices":[{"data":"Blood for Blood","floor":6,"key":"SMITH"}],"circlet_count":0,"master_deck":["AscendersBane","Strike_R","Strike_R","Strike_R","Strike_R","Defend_R","Defend_R","Defend_R","Defend_R","Bash","Blood for Blood+1","Sentinel","Corruption","Feel No Pain","Dark Embrace","Inflame"],"relics":["Runic Cube","Art of War","Red Skull","Medical Kit"],"acts_visited":["Exordium"],"potions_floor_usage":[7],"damage_taken":[{"damage":18,"enemies":"Jaw Worm","floor":1,"turns":4},{"damage":5,"enemies":"Small Slimes","floor":3,"turns":4},{"damage":5,"enemies":"Cultist","floor":5,"turns":5},{"damage":25,"enemies":"Lagavulin","floor":7,"turns":7},{"damage":9,"enemies":"2 Fungi Beasts","floor":8,"turns":4},{"damage":8,"enemies":"Gremlin Nob","floor":11,"turns":2}],"seed_played":"6433859837745458547","potions_obtained":[{"floor":3,"key":"DistilledChaos"},{"floor":8,"key":"BlessingOfTheForge"}],"is_trial":false,"path_per_floor":["M","?","M","?","M","R","E","M","T","$","E"],"character_chosen":"IRONCLAD","items_purchased":["Medical Kit"],"campfire_rested":0,"item_purchase_floors":[10],"current_hp_per_floor":[50,50,45,45,40,40,15,6,6,6,0,0],"gold":24,"neow_bonus":"BOSS_RELIC","is_daily":false,"chose_seed":false,"campfire_upgraded":1,"win_rate":0.0,"timestamp":1611734103,"path_taken":["M","?","M","?","M","R","E","?","T","$","E"],"items_purchased_type":["Relic"],"build_version":"2020-12-22","purchased_purges":0,"victory":false,"max_hp_per_floor":[75,75,75,75,75,75,75,75,75,75,75,75],"relic_stats":{"counters":[6,26],"Art of War":[1],"Medical Kit":[0],"obtain_stats":[{"Art of War":7,"Medical Kit":10,"Burning Blood":0,"Red Skull":9,"Runic Cube":0},{"Art of War":4,"Medical Kit":5,"Burning Blood":0,"Red Skull":5,"Runic Cube":0},{"Art of War":20,"Medical Kit":24,"Burning Blood":0,"Red Skull":24,"Runic Cube":0}],"Runic Cube":[10]},"card_choices":[{"not_picked":["Flex","Warcry"],"picked":"Blood for Blood","floor":1},{"not_picked":["Wild Strike","Blood for Blood"],"picked":"Sentinel","floor":3},{"not_picked":["Perfected Strike","Uppercut"],"picked":"Feel No Pain","floor":5},{"not_picked":["Rage","Clash"],"picked":"Dark Embrace","floor":7},{"not_picked":["Flex","Pommel Strike"],"picked":"Inflame","floor":8}],"player_experience":517662,"relics_obtained":[{"floor":7,"key":"Art of War"},{"floor":9,"key":"Red Skull"}],"event_choices":[{"damage_healed":0,"gold_gain":0,"player_choice":"Ignored","damage_taken":0,"max_hp_gain":0,"max_hp_loss":0,"event_name":"Shining Light","floor":2,"gold_loss":0},{"damage_healed":0,"gold_gain":0,"cards_transformed":["Strike_R"],"player_choice":"Transformed","damage_taken":0,"max_hp_gain":0,"max_hp_loss":0,"event_name":"Transmorgrifier","floor":4,"gold_loss":0,"cards_obtained":["Corruption"]}],"is_beta":false,"boss_relics":[],"items_purged_floors":[],"is_endless":false,"potions_floor_spawned":[3,8],"killed_by":"Gremlin Nob","ascension_level":14}}