{"host":"c3lc60y5x60jlt1y","time":1611763767,"event":{"mods":["AchievementEnabler","BaseMod","Bestiary","Colored Map","Minty Spire (QoL Compilation)","Quick Restart","StSLib","ojb\u0027s Info Mod"],"gold_per_floor":[109,22,22,22,172,198,215,16,16,26,26,58,73,107,107,181,181,197,57,57,57,57,57,57,57],"floor_reached":24,"language":"ENG","playtime":851,"items_purged":["Doubt"],"score":520,"play_id":"1b22c2b3-2119-4bfb-b204-aacf6cd42ca6","local_time":"20210127180927","is_ascension_mode":true,"campfire_choices":[{"data":"Rupture","floor":11,"key":"SMITH"},{"floor":15,"key":"REST"},{"data":"Heavy Blade","floor":23,"key":"SMITH"}],"circlet_count":0,"master_deck":["AscendersBane","Strike_R","Strike_R","Strike_R","Strike_R","Defend_R","Defend_R","Defend_R","Defend_R","Bash","Fire Breathing","Combust","Exhume","Twin Strike","Rupture+1","True Grit","Heavy Blade+1","Cleave","Battle Trance","Limit Break","Hemokinesis","RitualDagger"],"relics":["Burning Blood","NeowsBlessing","Tiny Chest","Smiling Mask","PreservedInsect","Oddly Smooth Stone","Mark of Pain","Eternal Feather"],"acts_visited":["Exordium","TheCity"],"potions_floor_usage":[14,16,16,24],"damage_taken":[{"damage":0,"enemies":"Small Slimes","floor":1,"turns":1},{"damage":1,"enemies":"Lagavulin","floor":6,"turns":1},{"damage":0,"enemies":"2 Louse","floor":7,"turns":1},{"damage":15,"enemies":"Jaw Worm","floor":10,"turns":3},{"damage":28,"enemies":"3 Sentries","floor":12,"turns":5},{"damage":29,"enemies":"Red Slaver","floor":13,"turns":4},{"damage":0,"enemies":"Gremlin Nob","floor":14,"turns":2},{"damage":32,"enemies":"The Guardian","floor":16,"turns":11},{"damage":38,"enemies":"Shell Parasite","floor":18,"turns":6},{"damage":3,"enemies":"Gremlin Leader","floor":24,"turns":4}],"seed_played":"-3960488015856697927","potions_obtained":[{"floor":6,"key":"DistilledChaos"},{"floor":13,"key":"LiquidMemories"},{"floor":14,"key":"Block Potion"}],"is_trial":false,"path_per_floor":["M","$","?","$","?","E","M","$","T","M","R","E","M","E","R","B",null,"M","$","?","T","?","R","E"],"character_chosen":"IRONCLAD","items_purchased":["Combust","Rupture","True Grit","Block Potion","LiquidMemories"],"campfire_rested":1,"item_purchase_floors":[2,8,8,19,19],"current_hp_per_floor":[74,74,67,67,67,72,75,75,75,66,66,44,21,27,49,23,62,30,30,24,24,24,36,33,33],"gold":57,"neow_bonus":"THREE_ENEMY_KILL","is_daily":false,"chose_seed":false,"campfire_upgraded":2,"win_rate":0.0,"timestamp":1611763767,"path_taken":["M","$","?","$","?","E","M","?","T","?","R","E","M","E","R","BOSS","M","$","?","?","?","R","E"],"items_purchased_type":["Card","Card","Card","Potion","Potion"],"build_version":"2020-12-22","purchased_purges":1,"victory":false,"max_hp_per_floor":[75,75,75,75,75,75,75,75,75,75,75,75,75,75,75,75,75,75,75,75,75,75,75,75,75],"card_choices":[{"not_picked":["True Grit","Cleave"],"picked":"Fire Breathing","floor":1},{"not_picked":["Wild Strike","Body Slam"],"picked":"Exhume","floor":6},{"not_picked":["Clash","Combust"],"picked":"Twin Strike","floor":7},{"not_picked":["Intimidate","Flame Barrier"],"picked":"Heavy Blade","floor":10},{"not_picked":["Twin Strike","Searing Blow","Iron Wave"],"picked":"SKIP","floor":12},{"not_picked":["Dual Wield","Havoc"],"picked":"Cleave","floor":13},{"not_picked":["Dual Wield","Iron Wave"],"picked":"Battle Trance","floor":14},{"not_picked":["Immolate","Juggernaut"],"picked":"Limit Break","floor":16},{"not_picked":["Sentinel","Cleave"],"picked":"Hemokinesis","floor":18}],"player_experience":8655480,"relics_obtained":[{"floor":6,"key":"Tiny Chest"},{"floor":9,"key":"Smiling Mask"},{"floor":12,"key":"PreservedInsect"},{"floor":14,"key":"Oddly Smooth Stone"},{"floor":21,"key":"Eternal Feather"}],"event_choices":[{"cards_removed":["Strike_R"],"damage_healed":0,"gold_gain":0,"player_choice":"Card Removal","damage_taken":7,"max_hp_gain":0,"max_hp_loss":0,"event_name":"Golden Wing","floor":3,"gold_loss":0},{"damage_healed":0,"gold_gain":150,"player_choice":"AGREE","damage_taken":0,"max_hp_gain":0,"max_hp_loss":0,"event_name":"Liars Game","floor":5,"gold_loss":0,"cards_obtained":["Doubt"]},{"damage_healed":0,"gold_gain":0,"player_choice":"Joined the Cult","damage_taken":6,"max_hp_gain":0,"max_hp_loss":0,"event_name":"Nest","floor":20,"gold_loss":0,"cards_obtained":["RitualDagger"]},{"damage_healed":0,"gold_gain":0,"player_choice":"Ignored","damage_taken":0,"max_hp_gain":0,"max_hp_loss":0,"event_name":"The Mausoleum","floor":22,"gold_loss":0}],"is_beta":false,"boss_relics":[{"not_picked":["SlaversCollar","Sozu"],"picked":"Mark of Pain"}],"items_purged_floors":[8],"is_endless":false,"potions_floor_spawned":[6,13,14],"killed_by":"Gremlin Leader","ascension_level":20}}