{"host":"h1qktzcccqnez8tx","time":1611778245,"event":{"mods":["AchievementEnabler","BaseMod","Bestiary","Better Note","Block Reminder","Colored Map","Colored Powertips","Curses Come First","Highlight Path","Minty Spire (QoL Compilation)","Permanent Neow","Quick Restart","Relic Stats","StSLib","UnlockEverythingMod"],"gold_per_floor":[113,125,136,86,86,116,116,145,145,170,188,188,188,201,201,298,298,315,315,315,326,16,16,16],"floor_reached":23,"language":"ENG","playtime":781,"items_purged":[],"score":264,"play_id":"d7cbc411-eee6-440f-acb4-cbb0c869aec1","local_time":"20210127211045","is_ascension_mode":true,"campfire_choices":[{"floor":7,"key":"REST"},{"floor":13,"key":"REST"},{"floor":15,"key":"REST"}],"circlet_count":0,"master_deck":["Zap+1","Dualcast","Beam Cell","Go for the Eyes","Conserve Battery","Capacitor","FTL","Defragment","Ball Lightning","Skim","Multi-Cast","Force Field","Leap","Reinforced Body","Turbo","Stack","Force Field","Compile Driver","Redo+1","Berserk","Turbo","Capacitor","Gash","Steam"],"relics":["Cracked Core","InkBottle","Centennial Puzzle","Symbiotic Virus","Blue Candle","Pandora\u0027s Box","Orichalcum"],"acts_visited":["Exordium","TheCity"],"potions_floor_usage":[8,8,12,23,23],"damage_taken":[{"damage":4,"enemies":"Jaw Worm","floor":1,"turns":4},{"damage":0,"enemies":"Small Slimes","floor":2,"turns":2},{"damage":6,"enemies":"2 Louse","floor":3,"turns":2},{"damage":15,"enemies":"3 Sentries","floor":6,"turns":9},{"damage":30,"enemies":"Gremlin Nob","floor":8,"turns":4},{"damage":12,"enemies":"Lagavulin","floor":10,"turns":5},{"damage":1,"enemies":"Blue Slaver","floor":11,"turns":4},{"damage":0,"enemies":"Lots of Slimes","floor":12,"turns":1},{"damage":8,"enemies":"2 Fungi Beasts","floor":14,"turns":3},{"damage":18,"enemies":"Slime Boss","floor":16,"turns":8},{"damage":7,"enemies":"3 Byrds","floor":18,"turns":5},{"damage":2,"enemies":"Spheric Guardian","floor":21,"turns":3},{"damage":51,"enemies":"Gremlin Leader","floor":23,"turns":4}],"seed_played":"-774460702881066316","potions_obtained":[{"floor":0,"key":"ColorlessPotion"},{"floor":0,"key":"DuplicationPotion"},{"floor":0,"key":"PotionOfCapacity"},{"floor":6,"key":"Fire Potion"},{"floor":10,"key":"CultistPotion"},{"floor":11,"key":"SmokeBomb"},{"floor":16,"key":"EssenceOfSteel"}],"is_trial":false,"path_per_floor":["M","M","M","?","?","E","R","E","T","E","M","M","R","M","R","B",null,"M","?","?","M","$","E"],"character_chosen":"DEFECT","items_purchased":["Capacitor","Gash","Orichalcum","Steam"],"campfire_rested":3,"item_purchase_floors":[22,22,22,22],"current_hp_per_floor":[71,71,65,65,50,35,57,27,27,15,14,14,36,28,50,32,64,57,51,51,49,49,0,0],"gold":16,"neow_bonus":"THREE_SMALL_POTIONS","is_daily":false,"chose_seed":false,"campfire_upgraded":0,"win_rate":0.0,"timestamp":1611778245,"path_taken":["M","M","M","?","?","E","R","E","T","E","M","M","R","M","R","BOSS","M","?","?","?","$","E"],"items_purchased_type":["Card","Card","Relic","Card"],"build_version":"2020-12-22","purchased_purges":0,"victory":false,"max_hp_per_floor":[75,75,75,75,75,75,75,75,75,75,75,75,75,75,75,75,75,75,75,75,75,75,75,75],"relic_stats":{"Centennial Puzzle":[21],"counters":[13,54],"Blue Candle":[0],"Pandora\u0027s Box":["Force Field","Leap","Reinforced Body","Turbo","Stack","Force Field","Compile Driver"],"Orichalcum":[18],"obtain_stats":[{"Centennial Puzzle":8,"Blue Candle":10,"Pandora\u0027s Box":17,"Orichalcum":22,"Cracked Core":0,"Symbiotic Virus":9,"InkBottle":6},{"Centennial Puzzle":5,"Blue Candle":6,"Pandora\u0027s Box":10,"Orichalcum":12,"Cracked Core":0,"Symbiotic Virus":5,"InkBottle":4},{"Centennial Puzzle":21,"Blue Candle":26,"Pandora\u0027s Box":42,"Orichalcum":50,"Cracked Core":0,"Symbiotic Virus":21,"InkBottle":17}],"InkBottle":[15]},"card_choices":[{"not_picked":["Hologram","Aggregate"],"picked":"Beam Cell","floor":1},{"not_picked":["Beam Cell","Undo"],"picked":"Go for the Eyes","floor":2},{"not_picked":["Redo","Barrage"],"picked":"Conserve Battery","floor":3},{"not_picked":["Cold Snap","Leap"],"picked":"Capacitor","floor":6},{"not_picked":["Auto Shields","Double Energy"],"picked":"FTL","floor":8},{"not_picked":["Redo","FTL"],"picked":"Defragment","floor":10},{"not_picked":["Lockon","Stack"],"picked":"Ball Lightning","floor":11},{"not_picked":["Hyperbeam","Beam Cell"],"picked":"Skim","floor":14},{"not_picked":["All For One","Buffer"],"picked":"Multi-Cast","floor":16},{"not_picked":["Streamline","Double Energy"],"picked":"Redo+1","floor":18},{"not_picked":["Streamline","Aggregate"],"picked":"Turbo","floor":21}],"player_experience":183802,"relics_obtained":[{"floor":6,"key":"InkBottle"},{"floor":8,"key":"Centennial Puzzle"},{"floor":9,"key":"Symbiotic Virus"},{"floor":10,"key":"Blue Candle"}],"event_choices":[{"cards_removed":["Strike_B"],"damage_healed":0,"gold_gain":0,"player_choice":"Card Removal","damage_taken":0,"max_hp_gain":0,"max_hp_loss":0,"event_name":"The Cleric","floor":4,"gold_loss":50},{"damage_healed":0,"gold_gain":0,"player_choice":"Entered Light","damage_taken":15,"max_hp_gain":0,"max_hp_loss":0,"event_name":"Shining Light","floor":5,"gold_loss":0,"cards_upgraded":["Zap","Defend_B"]},{"damage_healed":0,"gold_gain":0,"player_choice":"","damage_taken":6,"max_hp_gain":0,"max_hp_loss":0,"event_name":"Knowing Skull","floor":19,"potions_obtained":[],"gold_loss":0,"cards_obtained":[]},{"cards_removed":["Turbo"],"damage_healed":0,"gold_gain":0,"player_choice":"Take \u0026 Give","damage_taken":0,"max_hp_gain":0,"max_hp_loss":0,"event_name":"betterNote:BetterNote","floor":20,"gold_loss":0,"cards_obtained":["Berserk"]}],"is_beta":false,"boss_relics":[{"not_picked":["Runic Dome","Sozu"],"picked":"Pandora\u0027s Box"}],"items_purged_floors":[],"is_endless":false,"potions_floor_spawned":[6,10,11,12,16,18],"killed_by":"Gremlin Leader","ascension_level":5}}