{"host":"rw7a2h039i1hcs3q","time":1611754372,"event":{"mods":["BaseMod","Better Altar","Better Match","Better Note","Better Sensory Stone","Better Skull","Better Third Choice","Booster Modes","Colored Powertips","Downfall","Halation","Hermit","Highlight Path","Hubris","Infinite Spire","Jedi Mod","Minty Spire (QoL Compilation)","Random Character Button","Rare Cards Sparkle","StSLib","The Cursed","The Dragon Tamer","The Hierophant","Unceasing Turn Reminder"],"gold_per_floor":[99,117,117,130,40,40,40,40,40,89,115,115,163,203,245,245,245],"floor_reached":16,"language":"ENG","playtime":532,"items_purged":["hierophant:Strike_Hierophant"],"score":92,"play_id":"9dd1b2f4-5c62-46d5-8c50-5c24bcf0f53d","local_time":"20210127143252","is_ascension_mode":false,"campfire_choices":[{"data":"hierophant:ChurchCoffers","floor":1.0,"key":"SMITH"},{"data":"hierophant:SecretStash","floor":6,"key":"SMITH"},{"data":"DTMod:SealedStrike+2","floor":8,"key":"SMITH"}],"circlet_count":0,"master_deck":["hierophant:Strike_Hierophant","hierophant:Strike_Hierophant","hierophant:Strike_Hierophant","hierophant:Punish","hierophant:Defend_Hierophant","hierophant:Defend_Hierophant","hierophant:Defend_Hierophant","hierophant:Defend_Hierophant","hierophant:ChurchCoffers+1","hierophant:Smite","DTMod:SealedStrike+3","hierophant:Smite","hierophant:SecretStash+1","hierophant:PristineSoul"],"relics":["hierophant:PropheticMaskRelic","Bag of Preparation","halation:PinkSoulGem","halation:Toothbrush"],"acts_visited":["Exordium"],"potions_floor_usage":[16],"damage_taken":[{"damage":5.0,"enemies":"2 Louse","floor":2.0,"turns":2.0},{"damage":0.0,"enemies":"Cultist","floor":4.0,"turns":2.0},{"damage":0.0,"enemies":"downfall:FleeingMerchant","floor":5.0,"turns":4.0},{"damage":11,"enemies":"Jaw Worm","floor":10,"turns":4},{"damage":0,"enemies":"3 Louse","floor":13,"turns":2},{"damage":0,"enemies":"Lots of Slimes","floor":14,"turns":1},{"damage":0,"enemies":"Large Slime","floor":15,"turns":3},{"damage":81,"enemies":"IC_STATUS_ARCHETYPE","floor":16,"turns":8}],"seed_played":"1581431641346930185","potions_obtained":[{"floor":4.0,"key":"AttackPotion"},{"floor":10,"key":"BlessingOfTheForge"},{"floor":15,"key":"Ancient Potion"}],"is_trial":false,"path_per_floor":["R","M","?","M","$","R","T","R","?","M","T","T","M","M","M","B"],"character_chosen":"HIEROPHANT","items_purchased":[],"campfire_rested":0,"item_purchase_floors":[],"current_hp_per_floor":[82,77,77,77,77,77,77,77,77,66,66,66,66,66,66,0,0],"gold":245,"neow_bonus":"TEN_PERCENT_HP_BONUS","is_daily":false,"chose_seed":false,"campfire_upgraded":3,"win_rate":0.0,"timestamp":1611754372,"path_taken":["R","M","?","M","$","R","T","R","?","M","?","?","M","?","M","BOSS"],"items_purchased_type":[],"build_version":"2020-12-22","purchased_purges":1,"victory":false,"max_hp_per_floor":[82,82,82,82,82,82,82,82,82,82,82,82,82,82,82,82,82],"card_choices":[{"not_picked":["hierophant:AuricShield","hierophant:Chorus"],"picked":"hierophant:Smite","floor":2.0},{"not_picked":["hierophant:Dazzle","hierophant:ThreeLashes"],"picked":"hierophant:Smite","floor":4.0},{"not_picked":["hierophant:OrnateJavelin","hierophant:Exaltation"],"picked":"hierophant:SecretStash","floor":5},{"not_picked":["hierophant:Prophecy","hierophant:ThreeLashes","hierophant:Sermon"],"picked":"SKIP","floor":10},{"not_picked":["hierophant:SealAway","hierophant:FlamingChariot","hierophant:Embezzle"],"picked":"SKIP","floor":13},{"not_picked":["hierophant:TollTheBells","hierophant:ThreeLashes"],"picked":"hierophant:PristineSoul","floor":14},{"not_picked":["hierophant:Remorse","hierophant:DisplayOfPower","hierophant:Sermon"],"picked":"SKIP","floor":15}],"player_experience":136123,"relics_obtained":[{"floor":7,"key":"Bag of Preparation"},{"floor":12,"key":"halation:Toothbrush"}],"event_choices":[{"cards_removed":["hierophant:ChurchCoffers"],"damage_healed":0.0,"max_hp_gain":0.0,"max_hp_loss":0.0,"gold_gain":0.0,"event_name":"betterNote:BetterNote","player_choice":"Take \u0026 Give","floor":3.0,"gold_loss":0.0,"damage_taken":0.0,"cards_obtained":["DTMod:SealedStrike"]}],"is_beta":false,"boss_relics":[],"items_purged_floors":[5],"is_endless":false,"potions_floor_spawned":[4,10,15],"killed_by":"IC_STATUS_ARCHETYPE","ascension_level":0}}