{"host":"hjajo0rafoe1e6c4","time":1611713181,"event":{"mods":["AchievementEnabler","BaseMod","Colored Map","Highlight Path","Minty Spire (QoL Compilation)","Relic Stats"],"gold_per_floor":[114,64,11,25,39,71,82,82,82,109,109,135,135,152,152,152,152],"floor_reached":16,"language":"ENG","playtime":827,"items_purged":[],"score":138,"play_id":"f5ba3533-6362-4806-9608-99fada56853f","local_time":"20210126210621","is_ascension_mode":true,"campfire_choices":[{"data":"Underhanded Strike","floor":11,"key":"SMITH"},{"data":"Underhanded Strike","floor":13,"key":"SMITH"},{"floor":15,"key":"REST"}],"circlet_count":0,"master_deck":["Strike_G","Strike_G","Strike_G","Strike_G","Strike_G","Defend_G","Defend_G","Defend_G","Defend_G","Defend_G","Survivor","Underhanded Strike+1","Underhanded Strike+1"],"relics":["Snecko Eye","Art of War","Pear","Shuriken","Bronze Scales"],"acts_visited":["Exordium"],"potions_floor_usage":[10,12,14],"damage_taken":[{"damage":2.0,"enemies":"Small Slimes","floor":1.0,"turns":5.0},{"damage":6.0,"enemies":"2 Louse","floor":4.0,"turns":2.0},{"damage":0.0,"enemies":"Cultist","floor":5.0,"turns":4.0},{"damage":7,"enemies":"3 Sentries","floor":6,"turns":9},{"damage":0,"enemies":"Blue Slaver","floor":7,"turns":4},{"damage":27,"enemies":"Gremlin Nob","floor":10,"turns":4},{"damage":20,"enemies":"Lagavulin","floor":12,"turns":8},{"damage":17,"enemies":"Exordium Thugs","floor":14,"turns":5},{"damage":26,"enemies":"Hexaghost","floor":16,"turns":10}],"seed_played":"-3857609236882827337","potions_obtained":[{"floor":1.0,"key":"Dexterity Potion"},{"floor":7,"key":"SteroidPotion"},{"floor":10,"key":"SkillPotion"}],"is_trial":false,"path_per_floor":["M","?","$","M","M","E","M","?","T","E","R","E","R","M","R","B"],"character_chosen":"THE_SILENT","items_purchased":["Underhanded Strike"],"campfire_rested":1,"item_purchase_floors":[3],"current_hp_per_floor":[68,68,68,62,62,55,55,55,65,38,38,18,18,1,25,0,0],"gold":152,"neow_bonus":"BOSS_RELIC","is_daily":false,"chose_seed":false,"campfire_upgraded":2,"win_rate":0.0,"timestamp":1611713181,"path_taken":["M","?","$","M","M","E","M","?","T","E","R","E","R","M","R","BOSS"],"items_purchased_type":["Card"],"build_version":"2020-12-22","purchased_purges":0,"victory":false,"max_hp_per_floor":[70,70,70,70,70,70,70,70,80,80,80,80,80,80,80,80,80],"relic_stats":{"counters":[9,51],"Shuriken":[3],"Bronze Scales":[69],"Snecko Eye":[79,82,91,82],"Art of War":[2],"obtain_stats":[{"Pear":9,"Shuriken":10,"Bronze Scales":12,"Snecko Eye":0,"Art of War":6,"Ring of the Snake":0},{"Pear":5,"Shuriken":6,"Bronze Scales":7,"Snecko Eye":0,"Art of War":4,"Ring of the Snake":0},{"Pear":24,"Shuriken":28,"Bronze Scales":36,"Snecko Eye":0,"Art of War":20,"Ring of the Snake":0}]},"card_choices":[{"not_picked":["Flechettes","Acrobatics","Poisoned Stab"],"picked":"SKIP","floor":1.0},{"not_picked":["Dagger Spray","Flying Knee","Prepared"],"picked":"SKIP","floor":4.0},{"not_picked":["Masterful Stab","Tactician"],"picked":"Underhanded Strike","floor":5.0},{"not_picked":["Sucker Punch","Flying Knee","Acrobatics"],"picked":"SKIP","floor":6},{"not_picked":["Noxious Fumes","After Image","Deflect"],"picked":"SKIP","floor":7},{"not_picked":["Cloak And Dagger","PiercingWail","Quick Slash"],"picked":"SKIP","floor":10},{"not_picked":["Doppelganger","Terror","All Out Attack"],"picked":"SKIP","floor":12},{"not_picked":["Bane","Flechettes","Prepared"],"picked":"SKIP","floor":14}],"player_experience":174923,"relics_obtained":[{"floor":6,"key":"Art of War"},{"floor":9,"key":"Pear"},{"floor":10,"key":"Shuriken"},{"floor":12,"key":"Bronze Scales"}],"event_choices":[{"cards_removed":["Neutralize"],"damage_healed":0.0,"max_hp_gain":0.0,"max_hp_loss":0.0,"gold_gain":0.0,"event_name":"The Cleric","player_choice":"Card Removal","floor":2.0,"gold_loss":50.0,"damage_taken":0.0},{"damage_healed":0,"gold_gain":0,"player_choice":"0 cards matched","damage_taken":0,"max_hp_gain":0,"max_hp_loss":0,"event_name":"Match and Keep!","floor":8,"gold_loss":0,"cards_obtained":[]}],"is_beta":false,"boss_relics":[],"items_purged_floors":[],"is_endless":false,"potions_floor_spawned":[1,7,10],"killed_by":"Hexaghost","ascension_level":3}}