{"host":"jpcy2bclvs7juczu","time":1611753535,"event":{"mods":["Alarm Clock","BaseMod","Bestiary","Block Reminder","Colored Map","Colored Powertips","Curses Come First","Dark Map","Minty Spire (QoL Compilation)","Quick Restart","RNG Fix","Relic Stats","Slay the Relics Exporter","StSLib","ojb\u0027s Better Paths Mod","ojb\u0027s Info Mod","slay the spire mod where everything is the same but ironclad has a cowboy hat"],"gold_per_floor":[364,514,124,137,154,154,185,185,185,198,218,253,307,324,324,398,398,417,429,41,86,136,136,136],"floor_reached":23,"language":"ENG","playtime":992,"items_purged":["Doubt"],"score":606,"play_id":"efeaa82e-a0d3-4eff-a421-f14d191722a0","local_time":"20210127081855","is_ascension_mode":true,"campfire_choices":[{"data":"Eruption","floor":6,"key":"SMITH"},{"data":"SandsOfTime","floor":8,"key":"SMITH"},{"data":"TalkToTheHand","floor":15,"key":"SMITH"}],"circlet_count":0,"master_deck":["AscendersBane","Strike_P+1","Strike_P+1","Strike_P","Strike_P","Defend_P+1","Defend_P","Defend_P","Defend_P+1","Eruption+1","Vigilance+1","LessonLearned+1","MentalFortress","ThirdEye","CarveReality+1","SandsOfTime+1","MentalFortress+1","CutThroughFate","TalkToTheHand+1","Tantrum","Pray+1","SpiritShield+1","FlurryOfBlows+1","EmptyMind+1","Wish+1","ThirdEye+1"],"relics":["PureWater","Membership Card","Incense Burner","Happy Flower","Toxic Egg 2","Runic Pyramid","Potion Belt","Akabeko","Strange Spoon"],"acts_visited":["Exordium","TheCity"],"potions_floor_usage":[12,19,21,23],"damage_taken":[{"damage":7,"enemies":"Cultist","floor":1,"turns":4},{"damage":8,"enemies":"2 Louse","floor":4,"turns":4},{"damage":5,"enemies":"Small Slimes","floor":5,"turns":4},{"damage":0,"enemies":"Lagavulin","floor":7,"turns":4},{"damage":0,"enemies":"2 Fungi Beasts","floor":10,"turns":2},{"damage":7,"enemies":"Large Slime","floor":11,"turns":3},{"damage":0,"enemies":"Gremlin Nob","floor":12,"turns":3},{"damage":3,"enemies":"Blue Slaver","floor":14,"turns":3},{"damage":0,"enemies":"Hexaghost","floor":16,"turns":8},{"damage":14,"enemies":"Shell Parasite","floor":18,"turns":4},{"damage":0,"enemies":"Chosen","floor":19,"turns":5},{"damage":23,"enemies":"Snake Plant","floor":21,"turns":7},{"damage":34,"enemies":"Slavers","floor":23,"turns":3}],"seed_played":"-2493104622221367633","potions_obtained":[{"floor":5,"key":"BottledMiracle"},{"floor":7,"key":"Ancient Potion"},{"floor":14,"key":"Fire Potion"},{"floor":18,"key":"Strength Potion"}],"is_trial":false,"path_per_floor":["M","?","$","M","M","R","E","R","T","M","M","E","?","M","R","B",null,"M","M","$","M","?","E"],"character_chosen":"WATCHER","items_purchased":["Membership Card","LessonLearned","MentalFortress","SpeedPotion","ThirdEye","Potion Belt","Akabeko","Strange Spoon","Wish+1","ThirdEye+1","SkillPotion"],"campfire_rested":0,"item_purchase_floors":[3,3,3,3,3,20,20,20,20,20,20],"current_hp_per_floor":[36,36,36,28,23,23,23,23,23,23,16,16,16,13,13,13,54,40,40,40,17,17,0,0],"gold":136,"neow_bonus":"TWO_FIFTY_GOLD","is_daily":false,"chose_seed":false,"campfire_upgraded":3,"win_rate":0.0,"timestamp":1611753535,"path_taken":["M","?","$","M","M","R","E","R","T","M","M","E","?","M","R","BOSS","M","M","$","M","?","E"],"items_purchased_type":["Relic","Card","Card","Potion","Card","Relic","Relic","Relic","Card","Card","Potion"],"build_version":"2020-12-22","purchased_purges":1,"victory":false,"max_hp_per_floor":[68,68,68,68,68,68,68,68,68,68,68,68,68,68,68,68,68,68,68,68,68,68,68,68],"relic_stats":{"Strange Spoon":[3],"Happy Flower":[12],"counters":[13,54],"obtain_stats":[{"Potion Belt":20,"Strange Spoon":20,"Happy Flower":9,"Incense Burner":7,"Membership Card":3,"PureWater":0,"Toxic Egg 2":12,"Akabeko":20,"Runic Pyramid":17},{"Potion Belt":11,"Strange Spoon":11,"Happy Flower":4,"Incense Burner":4,"Membership Card":1,"PureWater":0,"Toxic Egg 2":7,"Akabeko":11,"Runic Pyramid":9},{"Potion Belt":44,"Strange Spoon":44,"Happy Flower":16,"Incense Burner":16,"Membership Card":4,"PureWater":0,"Toxic Egg 2":24,"Akabeko":44,"Runic Pyramid":35}]},"card_choices":[{"not_picked":["EmptyBody","Evaluate","PathToVictory"],"picked":"SKIP","floor":1},{"not_picked":["Study","FlurryOfBlows"],"picked":"CarveReality","floor":4},{"not_picked":["WheelKick","ThirdEye"],"picked":"SandsOfTime","floor":5},{"not_picked":["ClearTheMind","InnerPeace"],"picked":"MentalFortress","floor":7},{"not_picked":["FlyingSleeves","CrushJoints"],"picked":"CutThroughFate","floor":10},{"not_picked":["BowlingBash","Study"],"picked":"TalkToTheHand","floor":11},{"not_picked":["Wish+1","WindmillStrike"],"picked":"Tantrum","floor":12},{"not_picked":["PathToVictory+1","FlyingSleeves"],"picked":"Pray+1","floor":14},{"not_picked":["Judgement+1","Establishment"],"picked":"SpiritShield+1","floor":16},{"not_picked":["WheelKick+1","FollowUp"],"picked":"FlurryOfBlows","floor":18},{"not_picked":["InnerPeace+1","Prostrate+1"],"picked":"EmptyMind+1","floor":19},{"not_picked":["Protect+1","SashWhip","FollowUp"],"picked":"SKIP","floor":21}],"player_experience":1494110,"relics_obtained":[{"floor":7,"key":"Incense Burner"},{"floor":9,"key":"Happy Flower"},{"floor":12,"key":"Toxic Egg 2"}],"event_choices":[{"damage_healed":0,"gold_gain":150,"player_choice":"AGREE","damage_taken":0,"max_hp_gain":0,"max_hp_loss":0,"event_name":"Liars Game","floor":2,"gold_loss":0,"cards_obtained":["Doubt"]},{"damage_healed":0,"gold_gain":54,"player_choice":"Gained Gold","damage_taken":0,"max_hp_gain":0,"max_hp_loss":0,"event_name":"Golden Wing","floor":13,"gold_loss":0},{"damage_healed":0,"gold_gain":50,"player_choice":"Stole From Cult","damage_taken":0,"max_hp_gain":0,"max_hp_loss":0,"event_name":"Nest","floor":22,"gold_loss":0}],"is_beta":false,"boss_relics":[{"not_picked":["Black Star","Snecko Eye"],"picked":"Runic Pyramid"}],"items_purged_floors":[3],"is_endless":false,"potions_floor_spawned":[5,7,11,14,18],"killed_by":"Slavers","ascension_level":20}}