{"host":"kgfs5ebhusfk1t4t","time":1611772755,"event":{"mods":["BaseMod","Colored Map","DeckTracker","Highlight Path","KOR Keyword Fix","Keyboard Shortcuts","Minty Spire (QoL Compilation)","Permanent Neow","Quick Restart","StSLib","SuperFastMode","everything is the same but u backflip on backflip"],"gold_per_floor":[110,127,140,158,176,176,204,204,204,204,240,253,297,0,0,126,126,151,175,175,99,99,134,134,149,174,274,288,313,313,324,324,421,421,432,482,287,287,304,339,354,373,373,402,402,420,420,447,447,447,447,447,14,47,47],"floor_reached":56,"language":"KOR","playtime":4173,"items_purged":["Injury","Backstab","Sucker Punch","Poisoned Stab"],"score":1454,"play_id":"2379c969-87a8-40d6-b1ad-8d2cc82af649","local_time":"20210128033915","is_ascension_mode":true,"campfire_choices":[{"data":"Leg Sweep","floor":6.0,"key":"SMITH"},{"data":"Tactician","floor":10.0,"key":"SMITH"},{"data":"Outmaneuver","floor":15.0,"key":"SMITH"},{"floor":24.0,"key":"REST"},{"data":"Well Laid Plans","floor":32.0,"key":"SMITH"},{"data":"Calculated Gamble","floor":45.0,"key":"SMITH"},{"floor":47.0,"key":"RECALL"},{"data":"Acrobatics","floor":49.0,"key":"SMITH"},{"data":"Cloak And Dagger","floor":52.0,"key":"SMITH"}],"circlet_count":0,"master_deck":["Survivor","Acrobatics+1","Envenom","Blade Dance+1","Backflip","Heel Hook","Grand Finale","Outmaneuver+1","Caltrops","Tactician+1","Predator","Leg Sweep+1","Escape Plan","Adrenaline","Cloak And Dagger+1","Doppelganger","Bouncing Flask+1","Skewer+1","Quick Slash","Bullet Time+1","Terror+1","Skewer","Dodge and Roll+1","Well Laid Plans+1","Calculated Gamble+1","Dagger Spray","Malaise","Crippling Poison+1","Accuracy+1","Malaise","Skewer"],"relics":["Ring of the Serpent","Pandora\u0027s Box","Lantern","Bloody Idol","Question Card","HornCleat","Smiling Mask","Sundial","Chemical X","White Beast Statue","Art of War","The Specimen","Shuriken","Nunchaku","Sozu","FossilizedHelix","TwistedFunnel","War Paint","Ornamental Fan","Pantograph","Calipers","Anchor"],"acts_visited":["Exordium","TheCity","TheBeyond","TheEnding"],"potions_floor_usage":[],"damage_taken":[{"damage":0.0,"enemies":"2 Louse","floor":1.0,"turns":1.0},{"damage":0.0,"enemies":"Small Slimes","floor":2.0,"turns":3.0},{"damage":4.0,"enemies":"Jaw Worm","floor":3.0,"turns":2.0},{"damage":1.0,"enemies":"3 Louse","floor":4.0,"turns":3.0},{"damage":3.0,"enemies":"2 Fungi Beasts","floor":5.0,"turns":2.0},{"damage":0.0,"enemies":"Lagavulin","floor":7.0,"turns":5.0},{"damage":5.0,"enemies":"3 Sentries","floor":11.0,"turns":2.0},{"damage":0.0,"enemies":"Exordium Wildlife","floor":12.0,"turns":3.0},{"damage":1.0,"enemies":"Lagavulin","floor":13.0,"turns":6.0},{"damage":10.0,"enemies":"The Guardian","floor":16.0,"turns":7.0},{"damage":5.0,"enemies":"Spheric Guardian","floor":18.0,"turns":6.0},{"damage":0.0,"enemies":"Chosen","floor":19.0,"turns":4.0},{"damage":34.0,"enemies":"Slavers","floor":23.0,"turns":6.0},{"damage":9.0,"enemies":"Centurion and Healer","floor":25.0,"turns":3.0},{"damage":6.0,"enemies":"Colosseum Slavers","floor":27.0,"turns":3.0},{"damage":0.0,"enemies":"Colosseum Nobs","floor":27.0,"turns":3.0},{"damage":4.0,"enemies":"Snake Plant","floor":28.0,"turns":2.0},{"damage":12.0,"enemies":"Book of Stabbing","floor":29.0,"turns":4.0},{"damage":0.0,"enemies":"3 Cultists","floor":31.0,"turns":3.0},{"damage":5.0,"enemies":"Automaton","floor":33.0,"turns":6.0},{"damage":0.0,"enemies":"Orb Walker","floor":35.0,"turns":1.0},{"damage":0.0,"enemies":"Mind Bloom Boss Battle","floor":36.0,"turns":6.0},{"damage":0.0,"enemies":"3 Darklings","floor":39.0,"turns":3.0},{"damage":0.0,"enemies":"Reptomancer","floor":40.0,"turns":4.0},{"damage":0.0,"enemies":"Jaw Worm Horde","floor":41.0,"turns":3.0},{"damage":0.0,"enemies":"Maw","floor":42.0,"turns":4.0},{"damage":2.0,"enemies":"Nemesis","floor":44.0,"turns":5.0},{"damage":0.0,"enemies":"Sphere and 2 Shapes","floor":46.0,"turns":4.0},{"damage":0.0,"enemies":"Giant Head","floor":48.0,"turns":5.0},{"damage":6.0,"enemies":"Donu and Deca","floor":50.0,"turns":6.0},{"damage":24,"enemies":"Shield and Spear","floor":54,"turns":4},{"damage":45,"enemies":"The Heart","floor":55,"turns":7}],"seed_played":"-7684978003831013483","potions_obtained":[{"floor":2.0,"key":"Strength Potion"},{"floor":3.0,"key":"SkillPotion"},{"floor":5.0,"key":"Swift Potion"},{"floor":13.0,"key":"BlessingOfTheForge"},{"floor":18.0,"key":"Ancient Potion"},{"floor":25.0,"key":"Block Potion"},{"floor":27.0,"key":"GamblersBrew"},{"floor":28.0,"key":"Regen Potion"},{"floor":29.0,"key":"SpeedPotion"},{"floor":31.0,"key":"Block Potion"}],"is_trial":false,"path_per_floor":["M","M","M","M","M","R","E","?","T","R","E","M","E","$","R","B",null,"M","M","?","$","?","E","R","M","T","?","M","E","?","M","R","B",null,"M","?","$","?","M","E","M","M","T","E","R","M","R","E","R","B",null,"R","$","E","B",null],"character_chosen":"THE_SILENT","items_purchased":["Sundial","Quick Slash","TwistedFunnel","Calipers","Skewer"],"campfire_rested":1,"item_purchase_floors":[14,21,37,53,53],"current_hp_per_floor":[63,63,59,58,55,55,55,55,55,55,50,50,49,49,49,39,63,58,58,58,58,58,29,47,43,48,47,48,53,53,58,58,58,63,63,63,63,63,63,63,63,63,63,63,63,63,63,63,63,57,63,63,63,44,18],"gold":47,"neow_bonus":"TRANSFORM_TWO_CARDS","is_daily":false,"chose_seed":false,"campfire_upgraded":7,"win_rate":0.0,"timestamp":1611772755,"path_taken":["M","M","M","M","M","R","E","?","T","R","E","M","E","$","R","BOSS","M","M","?","$","?","E","R","M","T","?","M","E","?","M","R","BOSS","M","?","$","?","M","E","M","M","T","E","R","?","R","E","R","BOSS","R","$","E","BOSS"],"items_purchased_type":["Relic","Card","Relic","Relic","Card"],"build_version":"2020-12-22","purchased_purges":4,"victory":true,"max_hp_per_floor":[63,63,63,63,63,63,63,63,63,63,63,63,63,63,63,63,63,63,63,63,63,63,63,63,63,63,63,63,63,63,63,63,63,63,63,63,63,63,63,63,63,63,63,63,63,63,63,63,63,63,63,63,63,63,63],"card_choices":[{"not_picked":["Prepared","Setup"],"picked":"Tactician","floor":1.0},{"not_picked":["Prepared","Choke"],"picked":"Predator","floor":2.0},{"not_picked":["Skewer","Slice"],"picked":"Leg Sweep","floor":3.0},{"not_picked":["Outmaneuver","Flying Knee"],"picked":"Escape Plan","floor":4.0},{"not_picked":["Slice","Dagger Throw"],"picked":"Poisoned Stab","floor":5.0},{"not_picked":["Envenom","Deflect","Blade Dance"],"picked":"SKIP","floor":7.0},{"not_picked":["Dodge and Roll","Backflip","Bane"],"picked":"Adrenaline","floor":11.0},{"not_picked":["Riddle With Holes","Prepared","Acrobatics"],"picked":"Cloak And Dagger","floor":12.0},{"not_picked":["Flying Knee","Outmaneuver","All Out Attack","Bane"],"picked":"SKIP","floor":13.0},{"not_picked":["Die Die Die","Grand Finale","Burst"],"picked":"Doppelganger","floor":16.0},{"not_picked":["Sucker Punch","Backflip+1","Bane"],"picked":"Bouncing Flask+1","floor":18.0},{"not_picked":["Accuracy","Quick Slash","Outmaneuver"],"picked":"Skewer+1","floor":19.0},{"not_picked":["Eviscerate","Footwork","Underhanded Strike"],"picked":"Terror+1","floor":23.0},{"not_picked":["Footwork","Infinite Blades","Dagger Spray"],"picked":"Skewer","floor":25.0},{"not_picked":["Backflip","Acrobatics","Dagger Spray+1"],"picked":"Dodge and Roll+1","floor":27.0},{"not_picked":["Riddle With Holes+1","Acrobatics+1","Outmaneuver+1"],"picked":"Well Laid Plans","floor":28.0},{"not_picked":["Unload","Expertise","Dagger Throw+1"],"picked":"Calculated Gamble","floor":29.0},{"not_picked":["Endless Agony","Cloak And Dagger","Deflect","Acrobatics+1"],"picked":"SKIP","floor":31.0},{"not_picked":["Wraith Form v2","After Image","Venomology"],"picked":"Malaise","floor":33.0},{"not_picked":["Terror+1","Deadly Poison","Finisher+1","Dodge and Roll"],"picked":"SKIP","floor":35.0},{"not_picked":["Endless Agony+1","Expertise","Flechettes"],"picked":"Crippling Poison+1","floor":39.0},{"not_picked":["Choke","Backflip","Poisoned Stab+1","Endless Agony+1"],"picked":"SKIP","floor":40.0},{"not_picked":["Venomology","Slice+1","Choke","Backflip+1"],"picked":"SKIP","floor":41.0},{"not_picked":["Dagger Throw+1","Flying Knee","Dagger Spray"],"picked":"Accuracy+1","floor":42.0},{"not_picked":["Quick Slash","Bouncing Flask","Underhanded Strike+1"],"picked":"Malaise","floor":44.0},{"not_picked":["Quick Slash","Predator","Blade Dance+1","Slice"],"picked":"SKIP","floor":46.0},{"not_picked":["Outmaneuver+1","Blade Dance","Bane+1","Backflip+1"],"picked":"SKIP","floor":48.0},{"not_picked":["Flying Knee+1","Endless Agony+1","Unload","Dagger Throw"],"picked":"SKIP","floor":54}],"player_experience":161593,"relics_obtained":[{"floor":7.0,"key":"Lantern"},{"floor":9.0,"key":"Question Card"},{"floor":11.0,"key":"HornCleat"},{"floor":13.0,"key":"Smiling Mask"},{"floor":23.0,"key":"White Beast Statue"},{"floor":26.0,"key":"Art of War"},{"floor":27.0,"key":"The Specimen"},{"floor":27.0,"key":"Shuriken"},{"floor":29.0,"key":"Nunchaku"},{"floor":36.0,"key":"FossilizedHelix"},{"floor":40.0,"key":"War Paint"},{"floor":44.0,"key":"Ornamental Fan"},{"floor":48.0,"key":"Pantograph"},{"floor":54,"key":"Anchor"}],"event_choices":[{"damage_healed":0.0,"max_hp_gain":0.0,"max_hp_loss":0.0,"gold_gain":0.0,"event_name":"Golden Idol","player_choice":"Take Wound","floor":8.0,"gold_loss":0.0,"damage_taken":0.0,"relics_obtained":["Golden Idol"],"cards_obtained":["Injury"]},{"damage_healed":0.0,"max_hp_gain":0.0,"max_hp_loss":0.0,"gold_gain":0.0,"event_name":"Forgotten Altar","player_choice":"Gave Idol","floor":20.0,"relics_lost":["Golden Idol"],"gold_loss":0.0,"damage_taken":0.0,"relics_obtained":["Bloody Idol"]},{"damage_healed":0.0,"max_hp_gain":0.0,"max_hp_loss":0.0,"gold_gain":0.0,"event_name":"The Library","player_choice":"Read","floor":22.0,"gold_loss":0.0,"damage_taken":0.0,"cards_obtained":["Bullet Time"]},{"damage_healed":0.0,"max_hp_gain":0.0,"max_hp_loss":0.0,"gold_gain":0.0,"event_name":"Colosseum","player_choice":"Fight","floor":27.0,"gold_loss":0.0,"damage_taken":0.0},{"damage_healed":0.0,"max_hp_gain":0.0,"max_hp_loss":0.0,"gold_gain":0.0,"event_name":"Colosseum","player_choice":"Fought Nobs","floor":27.0,"gold_loss":0.0,"damage_taken":0.0},{"damage_healed":0.0,"max_hp_gain":0.0,"max_hp_loss":0.0,"gold_gain":0.0,"cards_transformed":["Neutralize","Caltrops"],"event_name":"Drug Dealer","player_choice":"Became Test Subject","floor":30.0,"gold_loss":0.0,"damage_taken":0.0,"cards_obtained":["Sucker Punch","Dagger Spray"]},{"damage_healed":0.0,"max_hp_gain":0.0,"max_hp_loss":0.0,"gold_gain":0.0,"event_name":"MindBloom","player_choice":"Fight","floor":36.0,"gold_loss":0.0,"damage_taken":0.0},{"damage_healed":0.0,"max_hp_gain":0.0,"max_hp_loss":0.0,"gold_gain":0.0,"event_name":"Wheel of Change","player_choice":"Full Heal","floor":38.0,"gold_loss":0.0,"damage_taken":0.0}],"is_beta":false,"boss_relics":[{"not_picked":["Calling Bell","Velvet Choker"],"picked":"Ring of the Serpent"},{"not_picked":["SacredBark","Empty Cage"],"picked":"Sozu"}],"items_purged_floors":[14,21,37,53],"is_endless":false,"potions_floor_spawned":[2,3,5,7,13,18,25,27,27,28,29,31,33,35,36,39,40,41,42,44,46,48,54],"ascension_level":3}}