{"host":"lxihx0b6awoz2w1j","time":1611778376,"event":{"mods":["Act Like it!","BaseMod","Better Third Choice","BetterRewards","CapriCore","Colored Powertips","Conspire","Downfall","Fox Events","Gensokyo","Hermit","Hubris","Infinite Spire","JesterMod","Luminous","Marisa????????","Melee Mod","Minty Spire (QoL Compilation)","Permanent Neow","Prisma Mod","Quick Restart","Relic Stats","Reliquary","Replay The Spire","Shade Mod","Spicy Shops","StSLib","Td1madao Mod","The Alterego","The Blue Laboratory","The Cursed","The Death Knight","The Disciple","The Forsaken","The Gatherer","The Immortal","The Jungle","The Marked","The Mystic","The Runesmith","The Senshi","The Servant 0.9.4","The Spell Scribe","Waifu the Spire"],"gold_per_floor":[114,128,148,165,165,194,194,194,194,204,204,221,250,263,263,282,282,379,379,398,398,398,398,398,398],"floor_reached":24,"language":"ENG","playtime":789,"items_purged":[],"score":208,"play_id":"7e6b5851-3839-4cb7-bf35-8961c99900ea","local_time":"20210127211256","is_ascension_mode":false,"campfire_choices":[{"floor":7.0,"key":"REST"},{"floor":15.0,"key":"REST"}],"circlet_count":0,"master_deck":["Strike_B","Strike_B","Strike_B","Strike_B","Defend_B","Defend_B","Defend_B","Defend_B","Zap+1","Dualcast","Conserve Battery+1","Crystallizer","Capacitor","Lockon","Ball Lightning","Auto Shields","Panic Button","ReplaySort","Loop","Ball Lightning","hubris:PowerSurge","Lockon","Storm","FIFO Queue","BootSequence","Coolheaded","Consume+1","Echo Form","Storm+1"],"relics":["Cracked Core","hubris:SphereOfDissonance","reliquary:Buckler","Runesmith:AutoHammer","conspire:Dentures","conspire:Flyswatter","SlaversCollar"],"acts_visited":["Exordium","TheCity"],"potions_floor_usage":[],"damage_taken":[{"damage":0.0,"enemies":"Small Slimes","floor":1.0,"turns":3.0},{"damage":6.0,"enemies":"Jaw Worm","floor":2.0,"turns":3.0},{"damage":0.0,"enemies":"Cultist","floor":3.0,"turns":2.0},{"damage":0.0,"enemies":"Looter","floor":4.0,"turns":2.0},{"damage":8.0,"enemies":"3 Sentries","floor":6.0,"turns":5.0},{"damage":0.0,"enemies":"Exordium Wildlife","floor":10.0,"turns":3.0},{"damage":1.0,"enemies":"Blue Slaver","floor":12.0,"turns":2.0},{"damage":31.0,"enemies":"Lagavulin","floor":13.0,"turns":5.0},{"damage":4.0,"enemies":"Gremlin Gang","floor":14.0,"turns":4.0},{"damage":0.0,"enemies":"Exordium Wildlife","floor":16.0,"turns":2.0},{"damage":37.0,"enemies":"Hexaghost","floor":18.0,"turns":6.0},{"damage":12.0,"enemies":"conspire:FuzzyDice","floor":20.0,"turns":5.0},{"damage":12,"enemies":"Shell Parasite","floor":24,"turns":3}],"seed_played":"-30949334612358525","potions_obtained":[{"floor":1.0,"key":"blueLaboratory:BiasPotion"},{"floor":10.0,"key":"blueLaboratory:BiasPotion"},{"floor":12.0,"key":"Swift Potion"},{"floor":14.0,"key":"Ancient Potion"}],"is_trial":false,"path_per_floor":["M","M","M","M","?","E","R","PTL","PTL","M","T","M","E","M","R","M","R","B",null,"M","?","?","?","M"],"character_chosen":"DEFECT","items_purchased":["hubris:SphereOfDissonance","Conserve Battery","Crystallizer","reliquary:Buckler"],"campfire_rested":2,"item_purchase_floors":[0,0,0,0],"current_hp_per_floor":[67,61,61,61,61,53,75,75,75,75,75,74,43,39,61,61,61,24,75,63,63,49,49,37,37],"gold":398,"neow_bonus":"","is_daily":false,"chose_seed":false,"campfire_upgraded":0,"win_rate":0.0,"timestamp":1611778376,"path_taken":["M","M","M","M","?","E","R","PTL","PTL","M","T","M","E","M","R","M","R","BOSS","M","?","?","?","M"],"items_purchased_type":["Relic","Card","Card","Relic"],"build_version":"2020-12-22","purchased_purges":0,"victory":false,"max_hp_per_floor":[75,75,75,75,75,75,75,75,75,75,75,75,75,75,75,75,75,75,75,75,75,80,80,80,80],"relic_stats":{"counters":[19,71],"obtain_stats":[{"conspire:Dentures":11,"SlaversCollar":19,"hubris:Icosahedron":7,"hubris:SphereOfDissonance":0,"reliquary:Buckler":0,"infinitespire:Lucky Rock":9,"Runesmith:AutoHammer":6,"Cracked Core":0,"MawBank":0,"hubris:OldNail":10,"conspire:Flyswatter":13},{"conspire:Dentures":12,"SlaversCollar":17,"hubris:Icosahedron":4,"hubris:SphereOfDissonance":6,"reliquary:Buckler":6,"infinitespire:Lucky Rock":4,"Runesmith:AutoHammer":11,"Cracked Core":0,"MawBank":0,"hubris:OldNail":5,"conspire:Flyswatter":14},{"conspire:Dentures":44,"SlaversCollar":63,"hubris:Icosahedron":15,"hubris:SphereOfDissonance":26,"reliquary:Buckler":26,"infinitespire:Lucky Rock":15,"Runesmith:AutoHammer":41,"Cracked Core":0,"MawBank":0,"hubris:OldNail":24,"conspire:Flyswatter":51}]},"card_choices":[{"not_picked":["Turbo","Chill"],"picked":"Capacitor","floor":1.0},{"not_picked":["Recycle","Stack"],"picked":"Lockon","floor":2.0},{"not_picked":["ReplaySolidLightProjector","Cold Snap"],"picked":"Ball Lightning","floor":3.0},{"not_picked":["ReplayTheSpireMod:GoodbyeWorld","ReplayTheSpireMod:Omega Cannon"],"picked":"Auto Shields","floor":4.0},{"not_picked":["ReplayTheSpireMod:Dual Polarity","Glacier"],"picked":"Lockon","floor":6.0},{"not_picked":["Stack","Sunder"],"picked":"Storm","floor":10.0},{"not_picked":["ReplayTheSpireMod:Reroute Power","Recycle"],"picked":"FIFO Queue","floor":12.0},{"not_picked":["conspire:Rain","Ball Lightning"],"picked":"BootSequence","floor":13.0},{"not_picked":["Panic Button","Tempest"],"picked":"Coolheaded","floor":14.0},{"not_picked":["ReplayGash","BasicCrystalCard"],"picked":"Consume","floor":16.0},{"not_picked":["hubris:SpecializedCircuitry","All For One"],"picked":"Echo Form","floor":18.0},{"not_picked":["Fusion","Steam Power"],"picked":"Storm","floor":20.0}],"player_experience":674084,"relics_obtained":[{"floor":6.0,"key":"Runesmith:AutoHammer"},{"floor":11.0,"key":"conspire:Dentures"},{"floor":13.0,"key":"conspire:Flyswatter"}],"event_choices":[{"damage_healed":0.0,"max_hp_gain":5.0,"max_hp_loss":0.0,"gold_gain":0.0,"event_name":"Forgotten Altar","player_choice":"Shed Blood","floor":22.0,"gold_loss":0.0,"damage_taken":19.0},{"damage_healed":0.0,"max_hp_gain":0.0,"max_hp_loss":0.0,"gold_gain":0.0,"event_name":"Accursed Blacksmith","player_choice":"Forge","floor":23.0,"gold_loss":0.0,"damage_taken":0.0,"cards_upgraded":["Storm"]}],"is_beta":false,"boss_relics":[{"not_picked":["conspire:SeveredTorchhead","Kintsugi"],"picked":"SlaversCollar"}],"items_purged_floors":[],"is_endless":false,"potions_floor_spawned":[1,10,12,14,16,20],"killed_by":"Shell Parasite","ascension_level":0}}