{"host":"95i1gxnztdrdyvhi","time":1611717171,"event":{"mods":["AchievementEnabler","Act Like it!","BaseMod","Downfall","Minty Spire (QoL Compilation)","Quick Restart","StSLib"],"gold_per_floor":[99,114,125,136,156,186,232,32,48,62,76,110,122,122,141,141,141,141],"floor_reached":16,"language":"ENG","playtime":1061,"items_purged":[],"score":118,"play_id":"a9e395bb-19f9-4c08-b078-3c9bbffd74ab","local_time":"20210127031251","is_ascension_mode":false,"campfire_choices":[{"floor":1,"key":"RECALL"},{"data":"bronze:CloningBeam","floor":8,"key":"SMITH"}],"circlet_count":0,"master_deck":["bronze:Strike","bronze:Defend","bronze:Defend","bronze:Defend","bronze:Defend","bronze:Replicate","bronze:Goto","bronze:Repair","bronze:ChosenStrike","bronze:BronzeOrb","bronze:CloningBeam+1","bronze:Fortify"],"relics":["bronze:BronzeCore","Eternal Feather","sneckomod:BlankCard","downfall:HeartBlessingRed","downfall:HeartBlessingGreen","Nunchaku"],"acts_visited":["Exordium"],"potions_floor_usage":[16,16],"damage_taken":[{"damage":0,"enemies":"Cultist","floor":2,"turns":4},{"damage":3,"enemies":"2 Louse","floor":3,"turns":4},{"damage":1,"enemies":"Jaw Worm","floor":4,"turns":3},{"damage":0,"enemies":"Blue Slaver","floor":5,"turns":5},{"damage":16,"enemies":"Gremlin Nob","floor":6,"turns":3},{"damage":0,"enemies":"Red Slaver","floor":9,"turns":2},{"damage":0,"enemies":"2 Fungi Beasts","floor":10,"turns":3},{"damage":7,"enemies":"Exordium Thugs","floor":11,"turns":4},{"damage":13,"enemies":"3 Sentries","floor":12,"turns":8},{"damage":0,"enemies":"Lots of Slimes","floor":13,"turns":3},{"damage":0,"enemies":"Gremlin Gang","floor":15,"turns":3},{"damage":65,"enemies":"SI_SHIV_ARCHETYPE","floor":16,"turns":14}],"seed_played":"6026779795870067956","potions_obtained":[{"floor":4,"key":"FairyPotion"},{"floor":5,"key":"Guardian:BlockOnCardUsePotion"},{"floor":10,"key":"Weak Potion"}],"is_trial":false,"path_per_floor":["R","M","M","M","M","E","T","R","M","M","M","E","M","?","M","B"],"character_chosen":"THE_AUTOMATON","items_purchased":[],"campfire_rested":0,"item_purchase_floors":[],"current_hp_per_floor":[63,63,63,63,63,54,54,60,63,63,56,50,63,63,63,5,5,5],"gold":141,"neow_bonus":"REMOVE_TWO","is_daily":false,"chose_seed":false,"campfire_upgraded":1,"win_rate":0.0,"timestamp":1611717171,"path_taken":["R","M","M","M","M","E","T","R","M","M","?","E","M","?","M","BOSS"],"items_purchased_type":[],"build_version":"2020-12-22","purchased_purges":0,"victory":false,"max_hp_per_floor":[63,63,63,63,63,63,63,63,63,63,63,63,63,63,63,63,63,63],"card_choices":[{"not_picked":["bronze:Branch","bronze:Shield"],"picked":"bronze:Repair","floor":2},{"not_picked":["bronze:Branch","bronze:BitShift"],"picked":"bronze:ChosenStrike","floor":3},{"not_picked":["bronze:Branch","bronze:ItsAFeature"],"picked":"bronze:BronzeOrb","floor":4},{"not_picked":["bronze:BugBarrage","bronze:Virus"],"picked":"bronze:CloningBeam","floor":5},{"not_picked":["bronze:BugBarrage","bronze:DelayedGuard","bronze:ChosenStrike"],"picked":"SKIP","floor":6},{"not_picked":["bronze:Repair","bronze:DelayedSlice","bronze:Return"],"picked":"SKIP","floor":9},{"not_picked":["bronze:BugBarrage","bronze:OilSpill"],"picked":"bronze:Fortify","floor":10},{"not_picked":["bronze:Overheat","bronze:MaxOutput","bronze:Branch"],"picked":"SKIP","floor":11},{"not_picked":["bronze:WildBeam","bronze:Branch","bronze:BitShift"],"picked":"SKIP","floor":12},{"not_picked":["bronze:Frontload","bronze:BronzeArmor","bronze:BitShift"],"picked":"SKIP","floor":13},{"not_picked":["bronze:BronzeArmor","bronze:NullPointer","bronze:FineTuning"],"picked":"SKIP","floor":15}],"player_experience":830153,"relics_obtained":[{"floor":6,"key":"Eternal Feather"},{"floor":7,"key":"sneckomod:BlankCard"},{"floor":12,"key":"Nunchaku"}],"event_choices":[{"cards_removed":["bronze:Strike"],"damage_healed":0,"gold_gain":0,"player_choice":"Forget","damage_taken":0,"max_hp_gain":0,"max_hp_loss":0,"event_name":"Living Wall","floor":14,"gold_loss":0}],"is_beta":false,"boss_relics":[],"items_purged_floors":[],"is_endless":false,"potions_floor_spawned":[4,5,10,12],"killed_by":"SI_SHIV_ARCHETYPE","ascension_level":0}}