{"host":"mydft8i2zzydgggw","time":1611786556,"event":{"mods":["AchievementEnabler","BaseMod","BetterRewards","Colored Map","Colored Powertips","DeckTracker","Keyboard Shortcuts","Minty Spire (QoL Compilation)","Rare Cards Sparkle","StSLib","SuperFastMode","everything is the same but u backflip on backflip"],"gold_per_floor":[109,109,29,29,47,72,72,72,95,106,123,123,133,144,144,242,242,262,212,137,156,167,186,186,186],"floor_reached":24,"language":"KOR","playtime":565,"items_purged":["Strike_P"],"score":349,"play_id":"d39e38e1-3838-44fc-9b23-f0c1d3c28efd","local_time":"20210128072916","is_ascension_mode":true,"campfire_choices":[{"data":"MentalFortress","floor":7.0,"key":"SMITH"},{"data":"Eruption","floor":12.0,"key":"SMITH"},{"floor":15,"key":"REST"}],"circlet_count":0,"master_deck":["AscendersBane","Strike_P+1","Strike_P","Defend_P+1","Defend_P","Defend_P","Eruption+1","Vigilance","MentalFortress+1","EmptyBody","MentalFortress"],"relics":["PureWater","Gremlin Horn","Pen Nib","SlaversCollar"],"acts_visited":["Exordium","TheCity"],"potions_floor_usage":[18,23],"damage_taken":[{"damage":0.0,"enemies":"2 Louse","floor":1.0,"turns":1.0},{"damage":13.0,"enemies":"Small Slimes","floor":5.0,"turns":5.0},{"damage":0.0,"enemies":"Gremlin Nob","floor":6.0,"turns":3.0},{"damage":0.0,"enemies":"Jaw Worm","floor":10.0,"turns":4.0},{"damage":0.0,"enemies":"Exordium Thugs","floor":11.0,"turns":4.0},{"damage":0.0,"enemies":"2 Fungi Beasts","floor":13.0,"turns":3.0},{"damage":0.0,"enemies":"Lots of Slimes","floor":14.0,"turns":3.0},{"damage":22,"enemies":"The Guardian","floor":16,"turns":15},{"damage":22,"enemies":"Spheric Guardian","floor":18,"turns":6},{"damage":12,"enemies":"Shell Parasite","floor":21,"turns":10},{"damage":2,"enemies":"Centurion and Healer","floor":22,"turns":9},{"damage":3,"enemies":"Snecko","floor":23,"turns":11},{"damage":33,"enemies":"Sentry and Sphere","floor":24,"turns":5}],"seed_played":"-334779260206564668","potions_obtained":[{"floor":1.0,"key":"BottledMiracle"},{"floor":5.0,"key":"Explosive Potion"},{"floor":11.0,"key":"LiquidMemories"},{"floor":16,"key":"SneckoOil"},{"floor":22,"key":"ColorlessPotion"},{"floor":23,"key":"BottledMiracle"}],"is_trial":false,"path_per_floor":["M","?","$","?","M","E","R","$","T","M","M","R","M","M","R","B",null,"M","?","$","M","M","M","M"],"character_chosen":"WATCHER","items_purchased":["MentalFortress"],"campfire_rested":1,"item_purchase_floors":[3],"current_hp_per_floor":[65,65,65,51,38,38,38,38,38,38,38,38,38,38,59,37,63,41,41,41,29,27,24,0,0],"gold":186,"neow_bonus":"REMOVE_CARD","is_daily":false,"chose_seed":false,"campfire_upgraded":2,"win_rate":0.0,"timestamp":1611786556,"path_taken":["M","?","$","?","M","E","R","?","T","?","M","R","M","M","R","BOSS","M","?","$","M","M","?","M"],"items_purchased_type":["Card"],"build_version":"2020-12-22","purchased_purges":1,"victory":false,"max_hp_per_floor":[72,72,72,72,72,72,72,72,72,72,72,72,72,72,72,72,72,72,72,72,72,72,72,72,72],"card_choices":[{"not_picked":["ForeignInfluence","FollowUp","Collect"],"picked":"SKIP","floor":1.0},{"not_picked":["WindmillStrike","Vengeance","PathToVictory"],"picked":"SKIP","floor":5.0},{"not_picked":["CrushJoints","Evaluate","Study"],"picked":"SKIP","floor":6.0},{"not_picked":["ReachHeaven","Crescendo","ThirdEye"],"picked":"SKIP","floor":10.0},{"not_picked":["Protect","Crescendo","Weave"],"picked":"SKIP","floor":11.0},{"not_picked":["PathToVictory","WreathOfFlame"],"picked":"EmptyBody","floor":13.0},{"not_picked":["Protect","Alpha","ClearTheMind"],"picked":"SKIP","floor":14},{"not_picked":["EmptyBody+1","FollowUp+1"],"picked":"MentalFortress","floor":18},{"not_picked":["Study","LikeWater","Sanctity"],"picked":"SKIP","floor":21},{"not_picked":["Tantrum","Crescendo","SashWhip"],"picked":"SKIP","floor":22},{"not_picked":["Perseverance+1","Halt","EmptyFist"],"picked":"SKIP","floor":23}],"player_experience":225376,"relics_obtained":[{"floor":6.0,"key":"Gremlin Horn"},{"floor":9.0,"key":"Pen Nib"}],"event_choices":[{"cards_removed":["Strike_P"],"damage_healed":0.0,"max_hp_gain":0.0,"max_hp_loss":0.0,"gold_gain":0.0,"event_name":"Living Wall","player_choice":"Forget","floor":2.0,"gold_loss":0.0,"damage_taken":0.0},{"damage_healed":0.0,"max_hp_gain":0.0,"max_hp_loss":0.0,"gold_gain":0.0,"event_name":"Shining Light","player_choice":"Entered Light","floor":4.0,"gold_loss":0.0,"damage_taken":14.0,"cards_upgraded":["Strike_P","Defend_P"]},{"damage_healed":0,"gold_gain":0,"player_choice":"Bet on Murderer","damage_taken":0,"max_hp_gain":0,"max_hp_loss":0,"event_name":"The Joust","floor":19,"gold_loss":50}],"is_beta":false,"boss_relics":[{"not_picked":["Snecko Eye","Cursed Key"],"picked":"SlaversCollar"}],"items_purged_floors":[20],"is_endless":false,"potions_floor_spawned":[1,5,11,16,22,23],"killed_by":"Sentry and Sphere","ascension_level":11}}