{"host":"xi8yg1ddhptuxb9d","time":1611706808,"event":{"mods":["AchievementEnabler","AlwaysNeverKeys","BaseMod","Block Reminder","Minty Spire (QoL Compilation)","Relic Sorter","StSLib"],"gold_per_floor":[119,139,154,168,93,93,93,93,93,93,104,130,130,145,145,216,216,227,240,259,273,273,273,273],"floor_reached":23,"language":"ENG","playtime":1027,"items_purged":[],"score":371,"play_id":"5fc93da1-e6be-4931-a58f-bdbd7c2aa02d","local_time":"20210126192008","is_ascension_mode":true,"campfire_choices":[{"data":"Infinite Blades","floor":6.0,"key":"SMITH"},{"data":"Neutralize","floor":8.0,"key":"SMITH"},{"floor":13.0,"key":"REST"},{"data":"Phantasmal Killer","floor":15.0,"key":"SMITH"}],"circlet_count":0,"master_deck":["AscendersBane","Strike_G+1","Strike_G+1","Strike_G+1","Strike_G+1","Strike_G+1","Defend_G+1","Defend_G+1","Defend_G+1","Defend_G+1","Defend_G+1","Survivor","Neutralize+1","Finisher","Backstab","Quick Slash","Infinite Blades+1","Finisher","Neutralize","Dodge and Roll","Phantasmal Killer+1","Backflip","A Thousand Cuts","Finisher"],"relics":["Ring of the Snake","Ornamental Fan","Matryoshka","Fusion Hammer"],"acts_visited":["Exordium","TheCity"],"potions_floor_usage":[23],"damage_taken":[{"damage":16.0,"enemies":"Cultist","floor":1.0,"turns":5.0},{"damage":0.0,"enemies":"Small Slimes","floor":2.0,"turns":2.0},{"damage":0.0,"enemies":"Jaw Worm","floor":3.0,"turns":3.0},{"damage":0.0,"enemies":"Looter","floor":4.0,"turns":1.0},{"damage":0.0,"enemies":"Blue Slaver","floor":11.0,"turns":3.0},{"damage":14.0,"enemies":"Lagavulin","floor":12.0,"turns":7.0},{"damage":6.0,"enemies":"Gremlin Gang","floor":14.0,"turns":3.0},{"damage":14.0,"enemies":"Hexaghost","floor":16.0,"turns":9.0},{"damage":0,"enemies":"Spheric Guardian","floor":18,"turns":3},{"damage":18,"enemies":"Chosen","floor":19,"turns":5},{"damage":8,"enemies":"Centurion and Healer","floor":20,"turns":7},{"damage":5,"enemies":"3 Cultists","floor":21,"turns":5},{"damage":33,"enemies":"Gremlin Leader","floor":23,"turns":5}],"seed_played":"7684518115917699126","potions_obtained":[{"floor":1.0,"key":"LiquidMemories"},{"floor":2.0,"key":"CunningPotion"}],"is_trial":false,"path_per_floor":["M","M","M","M","$","R","$","R","T","?","M","E","R","M","R","B",null,"M","M","M","M","?","E"],"character_chosen":"THE_SILENT","items_purchased":["Finisher"],"campfire_rested":1,"item_purchase_floors":[5],"current_hp_per_floor":[49,49,49,49,49,49,49,49,49,49,49,35,56,50,50,36,63,63,45,37,32,32,0,0],"gold":273,"neow_bonus":"TEN_PERCENT_HP_BONUS","is_daily":false,"chose_seed":false,"campfire_upgraded":3,"win_rate":0.0,"timestamp":1611706808,"path_taken":["M","?","M","M","$","R","?","R","T","?","?","E","R","M","R","BOSS","M","M","M","M","?","E"],"items_purchased_type":["Card"],"build_version":"2020-12-22","purchased_purges":0,"victory":false,"max_hp_per_floor":[72,72,72,72,72,72,72,72,72,72,72,72,72,72,72,72,72,72,72,72,72,72,72,72],"card_choices":[{"not_picked":["Slice","Sucker Punch"],"picked":"Finisher","floor":1.0},{"not_picked":["Blade Dance","Bane"],"picked":"Backstab","floor":2.0},{"not_picked":["Calculated Gamble","PiercingWail"],"picked":"Quick Slash","floor":3.0},{"not_picked":["Deadly Poison","Dash"],"picked":"Infinite Blades","floor":4.0},{"not_picked":["Flechettes","Riddle With Holes"],"picked":"Dodge and Roll","floor":11.0},{"not_picked":["Envenom","Sucker Punch"],"picked":"Phantasmal Killer","floor":12.0},{"not_picked":["Dodge and Roll","Quick Slash"],"picked":"Backflip","floor":14.0},{"not_picked":["Corpse Explosion","Unload"],"picked":"A Thousand Cuts","floor":16.0},{"not_picked":["Bane","Slice","Riddle With Holes"],"picked":"SKIP","floor":18},{"not_picked":["Tactician+1","Riddle With Holes"],"picked":"Finisher","floor":19},{"not_picked":["Noxious Fumes","Underhanded Strike","Well Laid Plans"],"picked":"SKIP","floor":20},{"not_picked":["Leg Sweep","Skewer","Outmaneuver+1"],"picked":"SKIP","floor":21}],"player_experience":677159,"relics_obtained":[{"floor":9.0,"key":"Ornamental Fan"},{"floor":12.0,"key":"Matryoshka"}],"event_choices":[{"damage_healed":0.0,"max_hp_gain":0.0,"max_hp_loss":0.0,"gold_gain":0.0,"event_name":"Match and Keep!","player_choice":"1 cards matched","floor":10.0,"gold_loss":0.0,"damage_taken":0.0,"cards_obtained":["Neutralize"]},{"damage_healed":0,"gold_gain":0,"player_choice":"Simplicity","damage_taken":0,"max_hp_gain":0,"max_hp_loss":0,"event_name":"Back to Basics","floor":22,"gold_loss":0,"cards_upgraded":["Strike_G","Strike_G","Strike_G","Strike_G","Strike_G","Defend_G","Defend_G","Defend_G","Defend_G","Defend_G"]}],"is_beta":false,"boss_relics":[{"not_picked":["Busted Crown","Runic Dome"],"picked":"Fusion Hammer"}],"items_purged_floors":[],"is_endless":false,"potions_floor_spawned":[1,2,14],"killed_by":"Gremlin Leader","ascension_level":18}}