{"host":"8ef2eyqaps3igadt","time":1611763342,"event":{"mods":["AchievementEnabler","Act Like it!","Aspiration","BaseMod","Better Altar","Better Match","Better Skull","Better Third Choice","Better Vampires","BetterRewards","Conspire","Curses Come First","Defuse TimeMaze Blight","Disable Question Mark Monsters","Displayed Cursed Tome","Energized Spire","Fox Events","GifTheSpireLib","Hallownest","Highlight Path","Hubris","Infinite Spire","Marked Mod","Mimic Mod","Minty Spire (QoL Compilation)","Quick Restart","Replay The Spire","Shop Mod","Spicy Shops","Spikes Relics","StS++","StSLib","Stuff the Spire","SuperFastMode","The Marked","Trackpad","Unceasing Turn Reminder","Virulent Crown","Wandering Minibosses"],"gold_per_floor":[117,292,308,327,327,327,365,78,101,12,89,35,59,48,48,48,48],"floor_reached":16,"language":"ENG","playtime":311,"items_purged":["Doubt"],"score":110,"play_id":"6289fc31-1156-4f84-a77d-89deca112c60","local_time":"20210127170222","is_ascension_mode":true,"campfire_choices":[{"data":"Bash","floor":6,"key":"SMITH"},{"floor":15,"key":"REST"}],"circlet_count":0,"master_deck":["Strike_R","Strike_R","Strike_R","Strike_R","Strike_R","Defend_R","Defend_R","Defend_R","Defend_R","Bash+1","Heavy Blade","Clash","Berserk","Absolvement+1","StuffTheSpire:Resist","Combust","Perfected Strike"],"relics":["Burning Blood","aspiration:Nostalgia","Cracked Core","Golden Idol","MerchantsRug","ReplayTheSpireMod:TigerMarble"],"acts_visited":["Exordium"],"potions_floor_usage":[],"damage_taken":[{"damage":9,"enemies":"2 Louse","floor":1,"turns":3},{"damage":2,"enemies":"Jaw Worm","floor":3,"turns":3},{"damage":10,"enemies":"infinitespire:Voidling","floor":4,"turns":4},{"damage":35,"enemies":"3 Sentries","floor":7,"turns":9},{"damage":1,"enemies":"3 Louse","floor":13,"turns":3},{"damage":9,"enemies":"Large Slime","floor":14,"turns":6},{"damage":58,"enemies":"Slime Boss","floor":16,"turns":5}],"seed_played":"-1840099746974008438","potions_obtained":[{"floor":1,"key":"Energy Potion"},{"floor":7,"key":"DuplicationPotion"}],"is_trial":false,"path_per_floor":["M","?","M","M","?","R","E","$","T","$","?","$","M","M","R","B"],"character_chosen":"IRONCLAD","items_purchased":["MerchantsRug","Absolvement+1","PreservedInsect","StuffTheSpire:Resist"],"campfire_rested":1,"item_purchase_floors":[8,8,10,12],"current_hp_per_floor":[77,77,80,80,60,60,31,31,31,31,31,31,36,33,57,0,0],"gold":48,"neow_bonus":"NOSTALGIA","is_daily":false,"chose_seed":false,"campfire_upgraded":1,"win_rate":0.0,"timestamp":1611763342,"path_taken":["M","?","M","M","?","R","E","$","T","$","?","?","?","?","R","BOSS"],"items_purchased_type":["Relic","Card","Relic","Card"],"build_version":"2020-12-22","purchased_purges":1,"victory":false,"max_hp_per_floor":[80,80,80,80,80,80,80,80,80,80,80,80,80,80,80,81,81],"card_choices":[{"not_picked":["StSpp:Succumb","Pummel"],"picked":"Heavy Blade","floor":1},{"not_picked":["ReplayTheSpireMod:Corrosion Curse","Warcry","Flex"],"picked":"SKIP","floor":3},{"not_picked":["Shrug It Off","StuffTheSpire:Slingshot"],"picked":"Clash","floor":4},{"not_picked":["Flex","Clash"],"picked":"Berserk","floor":7},{"not_picked":["StSpp:TheBiggerTheyAre","Bloodletting"],"picked":"Combust","floor":13},{"not_picked":["Cleave","StuffTheSpire:Incineration"],"picked":"Perfected Strike","floor":14}],"player_experience":4885,"relics_obtained":[{"floor":7,"key":"InkBottle"},{"floor":9,"key":"ReplayTheSpireMod:TigerMarble"}],"event_choices":[{"damage_healed":0,"gold_gain":175,"player_choice":"AGREE","damage_taken":117,"max_hp_gain":0,"max_hp_loss":0,"event_name":"betterThird:BetterSerpent","floor":2,"gold_loss":0},{"damage_healed":0,"gold_gain":0,"player_choice":"Take Damage","damage_taken":20,"relics_obtained":["Golden Idol"],"max_hp_gain":0,"max_hp_loss":0,"event_name":"Golden Idol","floor":5,"gold_loss":0},{"damage_healed":0,"gold_gain":77,"player_choice":"Gained Gold","damage_taken":0,"max_hp_gain":0,"max_hp_loss":0,"event_name":"Golden Wing","floor":11,"gold_loss":0}],"is_beta":false,"boss_relics":[],"items_purged_floors":[8],"is_endless":false,"potions_floor_spawned":[1,7],"killed_by":"Slime Boss","ascension_level":2}}