{"host":"emut9mh212kd9b86","time":1611736321,"event":{"mods":["ATMod(阿瑾Mod)","Act Like it!","Arknights The Spire","BaseMod","Gensokyo","LagranYue(拉格朗・月)","Minty Spire (QoL Compilation)","MostiFishMod","Shop Mod","Spicy Shops","StSLib","TestMod","noobMod","【遗物卡牌】REMEMod"],"gold_per_floor":[110,144,144,161,179,212,231,265,289,319,339,339,373,373,373,478,478,494,59,82,98,115,147,147,181,235,235,235,297,297,377,377,649,649,745,807,864,953,68,131,131,242,242,242,242,242,364,408,408,441,441,441,52,135,193],"floor_reached":56,"language":"ZHS","playtime":4978,"items_purged":["ats:Strike C","ats:Strike V"],"score":1632,"play_id":"fcca7831-1443-4379-9a08-0f96b3f71ea7","local_time":"20210127163200","is_ascension_mode":false,"campfire_choices":[{"data":"ats:Roar Of Ursus","floor":12,"key":"SMITH"},{"data":"ats:Wolf Pack","floor":15,"key":"SMITH"},{"floor":24,"key":"RECALL"},{"data":"ats:Sashimi Platter","floor":28,"key":"SMITH"},{"data":"ats:Sashimi Platter","floor":32,"key":"SMITH"},{"data":"ats:Emotion Absorption","floor":41,"key":"SMITH"},{"data":"ats:Armor Crushing Shot","floor":45,"key":"SMITH"},{"data":"ats:Hammer On","floor":49,"key":"SMITH"},{"data":"ats:Composite Medical Shells","floor":52,"key":"SMITH"}],"circlet_count":0,"master_deck":["ats:Strike G+1","ats:Strike S","ats:Armor Crushing Shot+1","ats:Defend","ats:Defend","ats:Defend","ats:Defend","ats:Emotion Absorption+1","ats:Sashimi Platter+1","ats:Hammer On+1","ats:Roar Of Ursus+1","ats:Overload+1","ats:Beaten Up+1","ats:Automatic Cover+1","ats:Wolf Pack+1","ats:Durian+1","ats:Soul Absorption+1","ats:Sashimi Platter+1","ats:Composite Medical Shells+1","ats:Calcification+1","ats:Closed Bolt Burst Fire+1","ats:Sashimi Platter"],"relics":["ats:Sanity","testmod-TestBox","ice","DaveBox","AT_ATBox","REME_ComplimentaryCards","LagranYue:RandomDrawCardRelic","MostiFishMod:AdaptiveDefenses","testmod-FatalChain","SynthV:TestCard","ats:Originium","testmod-TurbochargingSystem","Lantern","Anchor","Shuriken","testmod-DeterminationOfClimber","MerchantsRug","ats:Defend","PreservedInsect","AT_MibuBalloonWealth","REME_ArchaeologicalTools","Black Star","BirthdayGift-Tetrahedron","ats:Snipe","ats:Rhine Circuitry","AT_BellDemon","ats:Military Tradition","Mummified Hand","Mercury Hourglass","LagranYue:GuidanceLightRelic","Gensokyo:EmptyGrave","AT_BladeRuinedKing","AT_DeathDance","AT_SpeedBoots","ats:Attack","AT_TimeSand","ats:Ability Aura","Bottled Lightning","testmod-InjuryResistance"],"acts_visited":["Exordium","Gensokyo:Gensokyo","Gensokyo:Gensokyoer","TheEnding"],"potions_floor_usage":[13],"damage_taken":[{"damage":6,"enemies":"Gensokyo:2_Kodama","floor":1,"turns":4},{"damage":0,"enemies":"Gensokyo:Cirno","floor":2,"turns":4},{"damage":11,"enemies":"Gensokyo:Python","floor":4,"turns":4},{"damage":1,"enemies":"Gensokyo:3_Fairies","floor":5,"turns":3},{"damage":22,"enemies":"Gensokyo:Mamizou","floor":6,"turns":8},{"damage":3,"enemies":"Gensokyo:VengefulSpirit","floor":7,"turns":4},{"damage":41,"enemies":"Gensokyo:Aya","floor":8,"turns":7},{"damage":0,"enemies":"Gensokyo:Cirno","floor":10,"turns":4},{"damage":0,"enemies":"Gensokyo:3_Kodama","floor":11,"turns":3},{"damage":62,"enemies":"Gensokyo:Aya","floor":13,"turns":9},{"damage":2,"enemies":"Gensokyo:Reimu","floor":16,"turns":6},{"damage":19,"enemies":"Gensokyo:AngelMirror","floor":18,"turns":3},{"damage":15,"enemies":"Gensokyo:3_Dogs","floor":20,"turns":1},{"damage":28,"enemies":"Gensokyo:Chomper_and_Gloop","floor":21,"turns":4},{"damage":15,"enemies":"Gensokyo:3_Gloops","floor":22,"turns":1},{"damage":15,"enemies":"Gensokyo:Koishi","floor":23,"turns":4},{"damage":15,"enemies":"Gensokyo:Reisen","floor":25,"turns":2},{"damage":15,"enemies":"Gensokyo:Tenshi","floor":29,"turns":1},{"damage":20,"enemies":"Gensokyo:Swordslinger","floor":31,"turns":3},{"damage":73,"enemies":"Gensokyo:Kaguya","floor":33,"turns":8},{"damage":0,"enemies":"Gensokyo:3_Boulders","floor":35,"turns":4},{"damage":45,"enemies":"Gensokyo:AncientGuardian","floor":36,"turns":6},{"damage":13,"enemies":"Gensokyo:Rafflesia","floor":37,"turns":5},{"damage":15,"enemies":"Gensokyo:3_Boulders","floor":38,"turns":1},{"damage":17,"enemies":"Gensokyo:Marisa","floor":40,"turns":2},{"damage":2,"enemies":"Gensokyo:Kasen","floor":42,"turns":2},{"damage":0,"enemies":"Gensokyo:4_Bats","floor":47,"turns":1},{"damage":25,"enemies":"Gensokyo:Sharpion","floor":48,"turns":2},{"damage":7,"enemies":"Gensokyo:Scarlet_Devils","floor":50,"turns":2},{"damage":2,"enemies":"Shield and Spear","floor":54,"turns":2},{"damage":12,"enemies":"The Heart","floor":55,"turns":4}],"seed_played":"-943714356830934257","potions_obtained":[{"floor":2,"key":"EntropicBrew"},{"floor":5,"key":"Weak Potion"},{"floor":7,"key":"Explosive Potion"},{"floor":13,"key":"REME_GoldPotion"},{"floor":16,"key":"SpeedPotion"},{"floor":21,"key":"ats:Emergency Sanity Potion"},{"floor":23,"key":"LiquidMemories"},{"floor":25,"key":"LiquidMemories"},{"floor":40,"key":"PowerPotion"},{"floor":47,"key":"LiquidMemories"},{"floor":48,"key":"CultistPotion"},{"floor":54,"key":"Explosive Potion"}],"is_trial":false,"path_per_floor":["M","?","?","M","M","E","M","E","T","E","M","R","E","?","R","B",null,"M","$","M","M","M","E","R","E","T","T","R","E","?","M","R","B",null,"M","M","M","M","$","E","R","E","T","T","R","?","M","M","R","B",null,"R","$","E","B",null],"character_chosen":"DOCTOR_CLASS","items_purchased":["MerchantsRug","ats:Defend","ats:Lavender","BirthdayGift-Tetrahedron","ats:Snipe","ats:Rhine Circuitry","AT_SpeedBoots","ats:Sashimi Platter","ats:Attack","AT_TimeSand"],"campfire_rested":0,"item_purchase_floors":[19,19,19,39,39,39,53,53,53,53],"current_hp_per_floor":[73,79,79,77,78,63,72,48,48,55,62,62,29,29,29,45,79,61,61,49,52,39,46,46,36,36,36,36,58,58,59,59,70,79,79,69,79,79,79,79,79,79,79,79,79,73,73,71,73,73,73,73,73,73,73],"gold":193,"neow_bonus":"TEN_PERCENT_HP_BONUS","is_daily":false,"chose_seed":false,"campfire_upgraded":8,"win_rate":0.0,"timestamp":1611736320,"path_taken":["M","?","?","M","M","E","M","E","T","E","M","R","E","?","R","BOSS","M","$","M","M","M","E","R","E","T","?","R","E","?","?","R","BOSS","M","M","M","?","$","E","R","E","T","?","R","?","M","M","R","BOSS","R","$","E","BOSS"],"items_purchased_type":["Relic","Card","Relic","Relic","Relic","Relic","Relic","Card","Relic","Relic"],"build_version":"2020-12-22","purchased_purges":2,"victory":true,"max_hp_per_floor":[79,79,79,79,79,79,79,79,79,79,79,79,79,79,79,79,79,79,79,79,79,79,79,79,79,79,79,79,79,79,79,79,79,79,79,79,79,79,79,79,79,79,79,79,79,73,73,73,73,73,73,73,73,73,73],"card_choices":[{"not_picked":["ats:Assault Order","ats:Cat Scratch"],"picked":"ats:Hammer On","floor":1},{"not_picked":["ats:Explosion Area Strengthen","ats:Very Hot Blade","ats:Shadow Raid+1","ats:Demon Strength"],"picked":"ats:Roar Of Ursus","floor":2},{"not_picked":["ats:Blood Oath","ats:Powerful Strike","ats:Song Of Battle","ats:Cat Scratch","ats:Curse Doll+1"],"picked":"SKIP","floor":4},{"not_picked":["ats:Curse Doll+1","ats:Assault Order+1","ats:Flexible Camouflage+1","ats:Absolute Focus+1"],"picked":"ats:Overload","floor":5},{"not_picked":["ats:Flame Of Heaven+1","ats:Curse Doll+1","ats:Powerful Strike","ats:Blood Oath"],"picked":"ats:Beaten Up+1","floor":6},{"not_picked":["ats:Leaping Hammer","ats:Neurotoxin","ats:Directed Diagnosis+1","ats:Song Of Battle","ats:Absolute Focus+1"],"picked":"SKIP","floor":7},{"not_picked":["ats:Apocalypse+1","ats:Guard Mode+1","ats:Volcano","ats:Powerful Strike"],"picked":"ats:Automatic Cover+1","floor":8},{"not_picked":["ats:Collapsing Strike","ats:Powerful Strike","ats:Defend Order","ats:Thermite Blade","ats:Curse Doll+1"],"picked":"SKIP","floor":10},{"not_picked":["ats:Shell Defense+1","ats:Cat Scratch","ats:Consecutive Shot Auto","ats:Guard Mode+1","ats:Absolute Focus+1"],"picked":"SKIP","floor":11},{"not_picked":["ats:Chain Hook","ats:Closed Bolt Burst Fire","ats:Apocalypse+1","ats:Song Of Battle"],"picked":"ats:Wolf Pack","floor":13},{"not_picked":["ats:Shadow Assault","ats:Rat Pack+1","ats:Wolf Pack","ats:Roar Of Ursus"],"picked":"ats:Durian+1","floor":16},{"not_picked":["ats:Burning Ground","ats:Hammer On","ats:Explosion Area Strengthen","ats:Thermite Blade","ats:Rapid Magazine"],"picked":"SKIP","floor":18},{"not_picked":["ats:Leaping Hammer","ats:Very Hot Blade+1","ats:Composite Medical Shells","ats:Sunburst","ats:Consecutive Shot Auto+1"],"picked":"SKIP","floor":20},{"not_picked":["ats:Blood Oath","ats:Magnetic Hammer","ats:Serious Mode","ats:Powerful Strike","ats:Healing Drone+1"],"picked":"SKIP","floor":21},{"not_picked":["ats:Shadow Raid+1","ats:Neurotoxin","ats:Disruption Kick","ats:Hammer On","ats:Absolute Focus+1"],"picked":"SKIP","floor":22},{"not_picked":["ats:Beaten Up+1","ats:Phantom","ats:Explosion Area Strengthen","ats:Assault Order+1"],"picked":"ats:Soul Absorption+1","floor":23},{"not_picked":["ats:Guard Mode+1","ats:Rapid Magazine","ats:Defend Order","ats:Composite Medical Shells+1"],"picked":"ats:Sashimi Platter","floor":25},{"not_picked":["ats:Durian+1","ats:Leaping Hammer+1","ats:Sunburst","ats:Encircling Forest+1","ats:Ignite+1"],"picked":"SKIP","floor":29},{"not_picked":["ats:Burning Ground","ats:Healing Strengthening","ats:Hammer On","ats:Demon Strength+1","ats:Assault Order+1"],"picked":"SKIP","floor":31},{"not_picked":["ats:Roar Of Ursus","ats:True Silver Slash","ats:Fractured Body+1","ats:Rat Pack+1"],"picked":"ats:Calcification+1","floor":33},{"not_picked":["ats:Cat Scratch+1","ats:Blood Oath+1","ats:Powerful Strike","ats:Assault Order+1","ats:Hook Shot+1"],"picked":"SKIP","floor":35},{"not_picked":["ats:Hook Shot+1","ats:LN2 Cannon+1","ats:Very Hot Blade","ats:Ignite+1"],"picked":"ats:Closed Bolt Burst Fire+1","floor":36},{"not_picked":["ats:Cat Scratch+1","ats:Disruption Kick","ats:Closed Bolt Burst Fire+1","ats:Part Time Job+1","ats:Soul Absorption+1"],"picked":"SKIP","floor":37},{"not_picked":["ats:Apocalypse+1","ats:Guardian Obelisk+1","ats:Absolute Focus+1","ats:Neurotoxin+1","ats:Cat Scratch+1"],"picked":"SKIP","floor":38},{"not_picked":["ats:Soul Absorption+1","ats:Apocalypse+1","ats:Steam Pump+1","ats:Consecutive Shot Auto","ats:Closed Bolt Burst Fire"],"picked":"SKIP","floor":40},{"not_picked":["ats:Blood Oath+1","ats:Closed Bolt Burst Fire","ats:Ambush","ats:Hammer On+1","ats:Charging Defense+1"],"picked":"SKIP","floor":42},{"not_picked":["ats:Assault Order+1","ats:Shell Defense+1","ats:Encircling Forest+1","ats:Counter Healing Mode+1","ats:Overload+1"],"picked":"SKIP","floor":47},{"not_picked":["ats:Hammer On","ats:Soul Absorption+1","ats:Charging Defense+1","ats:Demon Strength+1","ats:Ignite+1"],"picked":"SKIP","floor":48},{"not_picked":["ats:Fractured Body","ats:Consecutive Shot Auto","ats:Powerful Strike","ats:Revitalization","ats:Cat Scratch+1"],"picked":"SKIP","floor":54}],"player_experience":326599,"relics_obtained":[{"floor":1,"key":"SynthV:TestCard"},{"floor":2,"key":"ats:Originium"},{"floor":2,"key":"Toxic Egg 2"},{"floor":6,"key":"ats:Originium"},{"floor":6,"key":"testmod-Antiphasic"},{"floor":8,"key":"ats:Originium"},{"floor":8,"key":"testmod-TurbochargingSystem"},{"floor":9,"key":"Lantern"},{"floor":10,"key":"ats:Originium"},{"floor":10,"key":"Anchor"},{"floor":13,"key":"Shuriken"},{"floor":23,"key":"Regal Pillow"},{"floor":25,"key":"PreservedInsect"},{"floor":26,"key":"AT_MibuBalloonWealth"},{"floor":29,"key":"REME_ArchaeologicalTools"},{"floor":40,"key":"AT_BellDemon"},{"floor":40,"key":"ats:Military Tradition"},{"floor":42,"key":"Mummified Hand"},{"floor":42,"key":"Whetstone"},{"floor":42,"key":"testmod-Alchemist"},{"floor":43,"key":"Mercury Hourglass"},{"floor":44,"key":"LagranYue:GuidanceLightRelic"},{"floor":47,"key":"AT_BladeRuinedKing"},{"floor":48,"key":"AT_DeathDance"},{"floor":54,"key":"ats:Ability Aura"},{"floor":54,"key":"Bottled Lightning"},{"floor":54,"key":"testmod-InjuryResistance"}],"event_choices":[{"damage_healed":0,"gold_gain":0,"player_choice":"Ignored","damage_taken":0,"max_hp_gain":0,"max_hp_loss":0,"event_name":"给自己的盒子","floor":3,"gold_loss":0}],"is_beta":false,"boss_relics":[{"not_picked":["testmod-StringDisintegrator","Busted Crown"],"picked":"testmod-DeterminationOfClimber"},{"not_picked":["Cursed Key","testmod-Prudence"],"picked":"Black Star"}],"items_purged_floors":[39,53],"is_endless":false,"potions_floor_spawned":[2,5,7,10,13,16,18,21,23,25,38,40,47,48,54],"ascension_level":0}}