{"host":"7gewg82ormp6yt4e","time":1611754674,"event":{"mods":["BaseMod","Block Reminder","Colored Map","DeckTracker","Highlight Path","Minty Spire (QoL Compilation)","Relic Stats","StSLib","ojb\u0027s Info Mod"],"gold_per_floor":[365,365,26,41,65,100,100,143,143,143,186,265,265,279,279,373,373,356,356,281,281,281,281,13,13,13,39,39,39,64,74,74,153,153,173,173,188,1187,1197,1197,315,347,347,347,347,379,379,13,13,13,13,13,13,13,46,46],"floor_reached":57,"language":"JPN","playtime":5121,"items_purged":["Parasite","Writhe"],"score":3041,"play_id":"e0fce229-7259-4624-8ee1-c9e25f79125a","local_time":"20210127223754","is_ascension_mode":true,"campfire_choices":[{"data":"Barrage","floor":7.0,"key":"SMITH"},{"floor":10.0,"key":"REST"},{"floor":15.0,"key":"REST"},{"data":"Seek","floor":23,"key":"SMITH"},{"data":"Ghostly","floor":32,"key":"SMITH"},{"data":"Ghostly","floor":40,"key":"SMITH"},{"floor":45,"key":"RECALL"},{"floor":47,"key":"DIG"},{"floor":49,"key":"DIG"},{"floor":53,"key":"DIG"}],"circlet_count":0,"master_deck":["AscendersBane","Strike_B","Defend_B","Defend_B","Defend_B","Zap","Dualcast","Ball Lightning","Coolheaded","Ball Lightning","Barrage+1","Doom and Gloom","Creative AI","Glacier","Seek+1","Undo+1","Hello World+1","Capacitor+1","Ghostly","Ghostly+1","Ghostly+1","Chill","Redo+1","Echo Form","Capacitor","Hologram","Glacier","Seek+1","Static Discharge","Clumsy"],"relics":["Cracked Core","Bloody Idol","Lee\u0027s Waffle","Happy Flower","Gremlin Horn","Akabeko","Juzu Bracelet","The Courier","Astrolabe","Nilry\u0027s Codex","Mummified Hand","TungstenRod","Shovel","Omamori","StoneCalendar","Cursed Key","Potion Belt","DollysMirror","Calipers","Eternal Feather","Bronze Scales","Centennial Puzzle","Ornamental Fan","Peace Pipe","Vajra","Bag of Preparation","Du-Vu Doll","Shuriken","HornCleat"],"acts_visited":["Exordium","TheCity","TheBeyond","TheEnding"],"potions_floor_usage":[16,27,27,30,42,56,56,56,56],"damage_taken":[{"damage":4.0,"enemies":"Jaw Worm","floor":1.0,"turns":4.0},{"damage":0.0,"enemies":"Cultist","floor":4.0,"turns":3.0},{"damage":12.0,"enemies":"2 Louse","floor":5.0,"turns":2.0},{"damage":29.0,"enemies":"Lagavulin","floor":6.0,"turns":6.0},{"damage":11.0,"enemies":"Gremlin Nob","floor":8.0,"turns":3.0},{"damage":19.0,"enemies":"Lagavulin","floor":11.0,"turns":6.0},{"damage":1.0,"enemies":"2 Fungi Beasts","floor":14.0,"turns":2.0},{"damage":22,"enemies":"Hexaghost","floor":16,"turns":9},{"damage":16,"enemies":"2 Thieves","floor":18,"turns":4},{"damage":20,"enemies":"Book of Stabbing","floor":27,"turns":6},{"damage":0,"enemies":"Gremlin Leader","floor":30,"turns":5},{"damage":0,"enemies":"Chosen","floor":31,"turns":4},{"damage":7,"enemies":"Automaton","floor":33,"turns":13},{"damage":4,"enemies":"Orb Walker","floor":35,"turns":3},{"damage":5,"enemies":"3 Shapes","floor":37,"turns":7},{"damage":6,"enemies":"Maw","floor":39,"turns":7},{"damage":11,"enemies":"Reptomancer","floor":42,"turns":6},{"damage":12,"enemies":"Nemesis","floor":46,"turns":7},{"damage":0,"enemies":"Donu and Deca","floor":50,"turns":8},{"damage":0,"enemies":"Awakened One","floor":51,"turns":29},{"damage":0,"enemies":"Shield and Spear","floor":55,"turns":6},{"damage":6,"enemies":"The Heart","floor":56,"turns":10}],"seed_played":"-8843891454172173484","potions_obtained":[{"floor":1.0,"key":"Ancient Potion"},{"floor":11.0,"key":"FearPotion"},{"floor":13.0,"key":"Regen Potion"},{"floor":16,"key":"PowerPotion"},{"floor":27,"key":"SneckoOil"},{"floor":31,"key":"Fire Potion"},{"floor":35,"key":"Fire Potion"},{"floor":37,"key":"Dexterity Potion"}],"is_trial":false,"path_per_floor":["M","?","$","M","M","E","R","E","T","R","E","T","?","M","R","B",null,"M","?","?","?","?","R","$","?","T","E","?","$","E","M","R","B",null,"M","?","M","?","M","R","$","E","T","?","R","E","R","$","R","B","B",null,"R","$","E","B",null],"character_chosen":"DEFECT","items_purchased":["Lee\u0027s Waffle","Ball Lightning","Coolheaded","Mummified Hand","Block Potion","Potion Belt","DollysMirror","Calipers","Eternal Feather","Bronze Scales","Vajra","Bag of Preparation","Weak Potion","SpeedPotion","SpeedPotion"],"campfire_rested":2,"item_purchase_floors":[3,3,3,24,24,41,41,41,41,41,48,48,48,48,48],"current_hp_per_floor":[60,60,68,68,56,27,27,16,16,36,17,17,17,21,41,19,56,40,34,34,34,13,13,13,34,34,19,19,19,24,29,29,27,32,33,33,33,34,33,33,33,27,27,27,32,25,32,32,32,32,32,32,32,32,32,26],"gold":46,"neow_bonus":"TWO_FIFTY_GOLD","is_daily":false,"chose_seed":false,"campfire_upgraded":4,"win_rate":0.0,"timestamp":1611754674,"path_taken":["M","?","$","M","M","E","R","E","T","R","E","?","?","M","R","BOSS","M","?","?","?","?","R","?","?","T","E","?","$","E","M","R","BOSS","M","?","M","?","M","R","?","E","T","?","R","E","R","$","R","BOSS","BOSS","R","$","E","BOSS"],"items_purchased_type":["Relic","Card","Card","Relic","Potion","Relic","Relic","Relic","Relic","Relic","Relic","Relic","Potion","Potion","Potion"],"build_version":"2020-12-22","purchased_purges":2,"victory":true,"max_hp_per_floor":[71,64,68,68,68,68,68,68,68,68,68,68,68,68,68,68,68,68,34,34,34,34,34,34,34,34,34,34,34,34,34,34,34,34,34,34,34,34,34,34,34,34,34,32,32,32,32,32,32,32,32,32,32,32,32,32],"relic_stats":{"Lee\u0027s Waffle":8,"Happy Flower":[45],"Gremlin Horn":[22,22],"counters":[22,150],"Astrolabe":["Undo","Hello World","Capacitor"],"StoneCalendar":[280],"Eternal Feather":12,"Juzu Bracelet":4,"Bag of Preparation":[8],"Cursed Key":1,"Peace Pipe":0,"Centennial Puzzle":[6],"Shovel":3,"Mummified Hand":[201],"Ornamental Fan":[28],"Shuriken":[4],"Bloody Idol":46,"Bronze Scales":[417],"obtain_stats":[{"Calipers":41,"Gremlin Horn":8,"Nilry\u0027s Codex":22,"Vajra":48,"StoneCalendar":30,"Juzu Bracelet":11,"Bag of Preparation":48,"Cursed Key":34,"Centennial Puzzle":42,"Shovel":27,"HornCleat":55,"Mummified Hand":24,"DollysMirror":41,"Cracked Core":0,"Potion Belt":41,"Lee\u0027s Waffle":3,"Happy Flower":6,"Golden Idol":2,"Astrolabe":17,"Eternal Feather":41,"The Courier":12,"Omamori":28,"Akabeko":9,"Peace Pipe":47,"Du-Vu Doll":49,"Ornamental Fan":46,"Shuriken":53,"Bloody Idol":21,"Bronze Scales":41,"TungstenRod":26},{"Calipers":16,"Gremlin Horn":5,"Nilry\u0027s Codex":9,"Vajra":18,"StoneCalendar":11,"Juzu Bracelet":6,"Bag of Preparation":18,"Cursed Key":13,"Centennial Puzzle":17,"Shovel":10,"HornCleat":21,"Mummified Hand":9,"DollysMirror":16,"Cracked Core":0,"Potion Belt":16,"Lee\u0027s Waffle":1,"Happy Flower":4,"Golden Idol":1,"Astrolabe":8,"Eternal Feather":16,"The Courier":6,"Omamori":10,"Akabeko":5,"Peace Pipe":18,"Du-Vu Doll":18,"Ornamental Fan":18,"Shuriken":20,"Bloody Idol":9,"Bronze Scales":16,"TungstenRod":9},{"Calipers":84,"Gremlin Horn":18,"Nilry\u0027s Codex":39,"Vajra":97,"StoneCalendar":50,"Juzu Bracelet":24,"Bag of Preparation":97,"Cursed Key":67,"Centennial Puzzle":90,"Shovel":45,"HornCleat":140,"Mummified Hand":39,"DollysMirror":84,"Cracked Core":0,"Potion Belt":84,"Lee\u0027s Waffle":4,"Happy Flower":15,"Golden Idol":4,"Astrolabe":35,"Eternal Feather":84,"The Courier":24,"Omamori":45,"Akabeko":18,"Peace Pipe":97,"Du-Vu Doll":97,"Ornamental Fan":97,"Shuriken":134,"Bloody Idol":39,"Bronze Scales":84,"TungstenRod":39}],"TungstenRod":38},"card_choices":[{"not_picked":["Coolheaded","Lockon"],"picked":"Streamline","floor":1.0},{"not_picked":["Rebound","Cold Snap"],"picked":"Ball Lightning","floor":4.0},{"not_picked":["Coolheaded","Cold Snap"],"picked":"Barrage","floor":5.0},{"not_picked":["FTL","Sweeping Beam"],"picked":"Rip and Tear","floor":6.0},{"not_picked":["Double Energy","Turbo"],"picked":"Doom and Gloom","floor":8.0},{"not_picked":["Melter","Rip and Tear"],"picked":"Creative AI","floor":11.0},{"not_picked":["Hologram","Sweeping Beam"],"picked":"Glacier","floor":14.0},{"not_picked":["Meteor Strike","All For One"],"picked":"Seek","floor":16},{"not_picked":["Fusion","Blizzard+1","Barrage"],"picked":"SKIP","floor":18},{"not_picked":["Ball Lightning","Blizzard","Steam"],"picked":"SKIP","floor":27},{"not_picked":["Redo","Leap"],"picked":"Chill","floor":30},{"not_picked":["Leap","Self Repair"],"picked":"Redo+1","floor":31},{"not_picked":["Multi-Cast","Thunder Strike"],"picked":"Echo Form","floor":33},{"not_picked":["Recycle","Compile Driver+1"],"picked":"Capacitor","floor":35},{"not_picked":["Ball Lightning","Gash+1"],"picked":"Hologram","floor":37},{"not_picked":["Barrage","Seek"],"picked":"Glacier","floor":39},{"not_picked":["Compile Driver","Sweeping Beam"],"picked":"Static Discharge","floor":42},{"not_picked":["Barrage","Tempest","Doom and Gloom+1"],"picked":"SKIP","floor":46},{"not_picked":["Leap","Darkness","Chill"],"picked":"SKIP","floor":55}],"player_experience":2705839,"relics_obtained":[{"floor":6.0,"key":"Happy Flower"},{"floor":8.0,"key":"Gremlin Horn"},{"floor":9.0,"key":"Akabeko"},{"floor":11.0,"key":"Juzu Bracelet"},{"floor":12.0,"key":"The Courier"},{"floor":22,"key":"Nilry\u0027s Codex"},{"floor":26,"key":"TungstenRod"},{"floor":27,"key":"Shovel"},{"floor":30,"key":"StoneCalendar"},{"floor":42,"key":"Centennial Puzzle"},{"floor":46,"key":"Ornamental Fan"},{"floor":47,"key":"Peace Pipe"},{"floor":49,"key":"Du-Vu Doll"},{"floor":53,"key":"Shuriken"},{"floor":55,"key":"HornCleat"}],"event_choices":[{"damage_healed":0.0,"max_hp_gain":0.0,"max_hp_loss":7.0,"gold_gain":0.0,"event_name":"Golden Idol","player_choice":"Lose Max HP","floor":2.0,"gold_loss":0.0,"damage_taken":0.0,"relics_obtained":["Golden Idol"]},{"damage_healed":0.0,"max_hp_gain":0.0,"max_hp_loss":0.0,"gold_gain":0.0,"event_name":"Lab","player_choice":"Got Potions","floor":13.0,"gold_loss":0.0,"damage_taken":0.0},{"damage_healed":0,"gold_gain":0,"player_choice":"Became a Ghost","damage_taken":0,"max_hp_gain":0,"max_hp_loss":34,"event_name":"Ghosts","floor":19,"gold_loss":0,"cards_obtained":["Ghostly","Ghostly","Ghostly"]},{"cards_removed":["Defend_B"],"damage_healed":0,"gold_gain":0,"player_choice":"Gave Gold","damage_taken":0,"max_hp_gain":0,"max_hp_loss":0,"event_name":"Beggar","floor":20,"gold_loss":75},{"damage_healed":0,"gold_gain":0,"player_choice":"Gave Idol","damage_taken":0,"relics_obtained":["Bloody Idol"],"max_hp_gain":0,"max_hp_loss":0,"event_name":"Forgotten Altar","floor":21,"relics_lost":["Golden Idol"],"gold_loss":0},{"damage_healed":0,"gold_gain":0,"player_choice":"Obtained Book","damage_taken":21,"max_hp_gain":0,"max_hp_loss":0,"event_name":"Cursed Tome","floor":22,"gold_loss":0},{"cards_removed":["Rip and Tear"],"damage_healed":21,"gold_gain":0,"player_choice":"Offered Uncommon","damage_taken":0,"max_hp_gain":0,"max_hp_loss":0,"event_name":"Bonfire Elementals","floor":25,"gold_loss":0},{"damage_healed":0,"gold_gain":0,"player_choice":"Opened","damage_taken":0,"relics_obtained":["Omamori"],"max_hp_gain":0,"max_hp_loss":0,"event_name":"The Mausoleum","floor":28,"gold_loss":0,"cards_obtained":["Writhe"]},{"cards_removed":["Streamline"],"damage_healed":0,"gold_gain":0,"player_choice":"Removed Attack","damage_taken":0,"max_hp_gain":0,"max_hp_loss":0,"event_name":"Falling","floor":36,"gold_loss":0},{"damage_healed":0,"gold_gain":999,"player_choice":"Gold","damage_taken":0,"max_hp_gain":0,"max_hp_loss":0,"event_name":"MindBloom","floor":38,"gold_loss":0,"cards_obtained":["Normality","Normality"]},{"damage_healed":0,"gold_gain":0,"player_choice":"Max HP","damage_taken":0,"max_hp_gain":0,"max_hp_loss":2,"event_name":"Winding Halls","floor":44,"gold_loss":0}],"is_beta":false,"boss_relics":[{"not_picked":["Runic Dome","Coffee Dripper"],"picked":"Astrolabe"},{"not_picked":["SacredBark","Philosopher\u0027s Stone"],"picked":"Cursed Key"}],"items_purged_floors":[3,41],"is_endless":false,"potions_floor_spawned":[1,11,16,27,31,35,37],"ascension_level":20}}