{"host":"qbvxbacgnxuisbbe","time":1611714762,"event":{"mods":["Alarm Clock","BaseMod","Humility","Minty Spire (QoL Compilation)","StSLib"],"gold_per_floor":[117,117,132,132,145,145,189,189,213,236,71,105,105,105,105,199,199,213,213,232,253,178,178,178,217,294,294,17,17,17,17,17,17,17],"floor_reached":33,"language":"ENG","playtime":1329,"items_purged":[],"score":588,"play_id":"d03a04a8-1462-4f60-ace1-b0c8a3359607","local_time":"20210127023242","is_ascension_mode":true,"campfire_choices":[{"floor":6.0,"key":"REST"},{"floor":13.0,"key":"REST"},{"floor":15.0,"key":"REST"},{"floor":23,"key":"REST"},{"floor":29,"key":"REST"},{"floor":32,"key":"REST"}],"circlet_count":0,"master_deck":["AscendersBane","Strike_P","Strike_P+1","Defend_P+1","Defend_P+1","Defend_P","Eruption+1","Vigilance","Wallop+1","FlyingSleeves","Protect","SashWhip","Swivel","Judgement","EmptyBody","EmptyBody","ReachHeaven","Consecrate","Ghostly","Ghostly","Ghostly","Halt"],"relics":["Fusion Hammer","Golden Idol","War Paint","Letter Opener","Happy Flower","Omamori","Runic Pyramid","Whetstone","Matryoshka","Vajra"],"acts_visited":["Exordium","TheCity"],"potions_floor_usage":[20,20,25,33,33],"damage_taken":[{"damage":14.0,"enemies":"Small Slimes","floor":1.0,"turns":3.0},{"damage":1.0,"enemies":"2 Louse","floor":3.0,"turns":3.0},{"damage":2.0,"enemies":"Jaw Worm","floor":5.0,"turns":2.0},{"damage":0.0,"enemies":"Lagavulin","floor":7.0,"turns":2.0},{"damage":4.0,"enemies":"Red Slaver","floor":10.0,"turns":3.0},{"damage":19.0,"enemies":"3 Sentries","floor":12.0,"turns":4.0},{"damage":57,"enemies":"The Guardian","floor":16,"turns":10},{"damage":10,"enemies":"2 Thieves","floor":18,"turns":4},{"damage":2,"enemies":"3 Byrds","floor":20,"turns":4},{"damage":16,"enemies":"Centurion and Healer","floor":21,"turns":7},{"damage":31,"enemies":"Book of Stabbing","floor":25,"turns":6},{"damage":43,"enemies":"Collector","floor":33,"turns":7}],"seed_played":"-1518841796405295084","potions_obtained":[{"floor":1.0,"key":"FearPotion"},{"floor":3.0,"key":"Strength Potion"},{"floor":5.0,"key":"LiquidMemories"},{"floor":16,"key":"Dexterity Potion"},{"floor":18,"key":"SkillPotion"},{"floor":21,"key":"Dexterity Potion"},{"floor":25,"key":"Dexterity Potion"}],"is_trial":false,"path_per_floor":["M","?","M","?","M","R","E","?","T","M","$","E","R","?","R","B",null,"M","?","M","M","?","R","?","E","T","?","$","R","$","?","R","B"],"character_chosen":"WATCHER","items_purchased":["SashWhip","EntropicBrew","Halt","Vajra","Dexterity Potion"],"campfire_rested":6,"item_purchase_floors":[11,11,28,28,28],"current_hp_per_floor":[47,47,46,51,49,67,67,67,67,63,63,44,64,64,67,10,53,43,43,41,25,25,45,45,14,14,14,14,23,23,23,32,0,0],"gold":17,"neow_bonus":"BOSS_RELIC","is_daily":false,"chose_seed":false,"campfire_upgraded":0,"win_rate":0.0,"timestamp":1611714762,"path_taken":["M","?","M","?","M","R","E","?","T","M","$","E","R","?","R","BOSS","M","?","?","M","?","R","?","E","T","?","$","R","$","?","R","BOSS"],"items_purchased_type":["Card","Potion","Card","Relic","Potion"],"build_version":"2020-12-22","purchased_purges":0,"victory":false,"max_hp_per_floor":[68,62,62,67,67,67,67,67,67,67,67,67,67,67,67,67,67,67,67,67,67,67,67,67,67,67,33,33,33,33,33,33,33,33],"card_choices":[{"not_picked":["BowlingBash","SignatureMove"],"picked":"Wallop","floor":1.0},{"not_picked":["FollowUp","SignatureMove","Evaluate"],"picked":"SKIP","floor":3.0},{"not_picked":["FlurryOfBlows","Consecrate"],"picked":"FlyingSleeves","floor":5.0},{"not_picked":["Nirvana","Alpha"],"picked":"Protect","floor":7.0},{"not_picked":["PathToVictory","ForeignInfluence","FearNoEvil"],"picked":"SKIP","floor":10.0},{"not_picked":["BowlingBash","Weave"],"picked":"Swivel","floor":12.0},{"not_picked":["Omniscience","Alpha"],"picked":"Judgement","floor":16},{"not_picked":["WreathOfFlame","Crescendo","SignatureMove"],"picked":"SKIP","floor":18},{"not_picked":["MentalFortress","Prostrate"],"picked":"EmptyBody","floor":20},{"not_picked":["Meditate+1","Fasting2"],"picked":"ReachHeaven","floor":21},{"not_picked":["Scrawl","FlurryOfBlows"],"picked":"Consecrate","floor":25}],"player_experience":153343,"relics_obtained":[{"floor":7.0,"key":"War Paint"},{"floor":9.0,"key":"Happy Flower"},{"floor":12.0,"key":"Omamori"},{"floor":25,"key":"Whetstone"},{"floor":26,"key":"Matryoshka"}],"event_choices":[{"damage_healed":0.0,"max_hp_gain":0.0,"max_hp_loss":6.0,"gold_gain":0.0,"event_name":"Golden Idol","player_choice":"Lose Max HP","floor":2.0,"gold_loss":0.0,"damage_taken":0.0,"relics_obtained":["Golden Idol"]},{"damage_healed":0.0,"max_hp_gain":5.0,"max_hp_loss":0.0,"gold_gain":0.0,"event_name":"Big Fish","player_choice":"Donut","floor":4.0,"gold_loss":0.0,"damage_taken":0.0},{"damage_healed":0.0,"max_hp_gain":0.0,"max_hp_loss":0.0,"gold_gain":0.0,"event_name":"Dead Adventurer","player_choice":"Searched \u00272\u0027 times","floor":8.0,"gold_loss":0.0,"damage_taken":0.0,"relics_obtained":["Letter Opener"]},{"damage_healed":0.0,"max_hp_gain":0.0,"max_hp_loss":0.0,"gold_gain":0.0,"event_name":"Living Wall","player_choice":"Grow","floor":14.0,"gold_loss":0.0,"damage_taken":0.0,"cards_upgraded":["Eruption"]},{"damage_healed":0,"gold_gain":0,"cards_transformed":["Strike_P"],"player_choice":"Transformed","damage_taken":0,"max_hp_gain":0,"max_hp_loss":0,"event_name":"Transmorgrifier","floor":19,"gold_loss":0,"cards_obtained":["EmptyBody"]},{"cards_removed":["Strike_P"],"damage_healed":0,"gold_gain":0,"player_choice":"Gave Gold","damage_taken":0,"max_hp_gain":0,"max_hp_loss":0,"event_name":"Beggar","floor":22,"gold_loss":75},{"cards_removed":["Defend_P"],"damage_healed":0,"gold_gain":0,"player_choice":"Elegance","damage_taken":0,"max_hp_gain":0,"max_hp_loss":0,"event_name":"Back to Basics","floor":24,"gold_loss":0},{"damage_healed":0,"gold_gain":0,"player_choice":"Became a Ghost","damage_taken":0,"max_hp_gain":0,"max_hp_loss":34,"event_name":"Ghosts","floor":27,"gold_loss":0,"cards_obtained":["Ghostly","Ghostly","Ghostly"]}],"is_beta":false,"boss_relics":[{"not_picked":["Coffee Dripper","Calling Bell"],"picked":"Runic Pyramid"}],"items_purged_floors":[],"is_endless":false,"potions_floor_spawned":[1,3,5,16,18,21,25],"killed_by":"Collector","ascension_level":20,"is_humility":true}}