{"host":"2e5gbsni44p3458r","time":1611751575,"event":{"mods":["BaseMod","Colored Map","Downfall","Hermit","Minty Spire (QoL Compilation)","Replay The Spire","StSLib","The Cursed"],"gold_per_floor":[99,99,99,99,99,113,113,23,36,55,85,85,13,40,52,150,150,150,167,167,78,92,228,228,65,83,109,9,9,34,51,62,161,161,61,81,132,132,182,209,261,261,88,121,121,134,34,66,77,77,77,111,36,36,36,36],"floor_reached":57,"language":"ENG","playtime":4294,"items_purged":["downfall:Malfunctioning","bronze:Strike","Spreading Infection"],"score":1652,"play_id":"c4a7607e-563d-4303-a355-1dc8c5da444e","local_time":"20210127214615","is_ascension_mode":true,"campfire_choices":[{"floor":1,"key":"DIG"},{"data":"bronze:Flail","floor":18,"key":"SMITH"},{"data":"ReplayUltimateDefense","floor":28,"key":"SMITH"},{"floor":35,"key":"RECALL"},{"data":"bronze:Optimize","floor":47,"key":"SMITH"},{"data":"bronze:ForceShield","floor":54,"key":"SMITH"}],"circlet_count":0,"master_deck":["bronze:Defend","bronze:Defend","bronze:Defend","bronze:Defend","bronze:Replicate","bronze:Goto","bronze:Separator","bronze:MaxOutput","bronze:OilSpill","bronze:CleanCode","bronze:ForceShield+1","bronze:Constructor","bronze:OilSpill","bronze:Return","bronze:ChosenStrike","bronze:Constructor","bronze:Flail+1","bronze:ItsAFeature","bronze:ItsAFeature","bronze:OilSpill","bronze:Separator","bronze:ShipIt","AbeCurse","bronze:OilSpill","bronze:Flail+1","bronze:Terminator","bronze:Terminator","bronze:MaxOutput","bronze:FollowUp+1","ReplayUltimateDefense+1","bronze:BugBarrage","bronze:Optimize+1","bronze:Assembly","bronze:ItsAFeature","bronze:MaxOutput+1","bronze:MaxOutput+1"],"relics":["bronze:BronzeCore","downfall:HeartsMalice","Potion Belt","Mummified Hand","Quantum Egg","Replay:Baseball","Abe\u0027s Treasure","Juzu Bracelet","Replay:Bottled Flurry","downfall:HeartBlessingGreen","Pen Nib","Painkiller Herb","downfall:HeartBlessingBlue","Gremlin Food","Thread and Needle","Oddly Smooth Stone","ReplayTheSpireMod:Ring of Challenge","Ring of Peace","Unceasing Top","downfall:HeartBlessingRed","BranchBurnRelic","Blue Doll","Bronze Scales"],"acts_visited":["Exordium","TheCity","TheBeyond","TheEnding"],"potions_floor_usage":[10,16,16,21,32,33,33,39,55,55,56,56,56],"damage_taken":[{"damage":0,"enemies":"Cultist","floor":2,"turns":1},{"damage":0,"enemies":"2 Louse","floor":3,"turns":1},{"damage":0,"enemies":"Jaw Worm","floor":4,"turns":1},{"damage":23,"enemies":"Exordium Thugs","floor":6,"turns":5},{"damage":0,"enemies":"downfall:FleeingMerchant","floor":8,"turns":4},{"damage":12,"enemies":"Large Slime","floor":9,"turns":4},{"damage":2,"enemies":"Exordium Wildlife","floor":10,"turns":3},{"damage":13,"enemies":"Gremlin Nob","floor":11,"turns":3},{"damage":10,"enemies":"downfall:FleeingMerchant","floor":13,"turns":4},{"damage":1,"enemies":"Replay:BlueRogue","floor":14,"turns":4},{"damage":3,"enemies":"Blue Slaver","floor":15,"turns":3},{"damage":0,"enemies":"SI_SHIV_ARCHETYPE","floor":16,"turns":6},{"damage":6,"enemies":"Spheric Guardian","floor":19,"turns":3},{"damage":0,"enemies":"downfall:FleeingMerchant","floor":21,"turns":5},{"damage":4,"enemies":"Chosen","floor":22,"turns":4},{"damage":0,"enemies":"downfall:FleeingMerchant","floor":23,"turns":1},{"damage":14,"enemies":"Centurion and Healer","floor":26,"turns":2},{"damage":9,"enemies":"Book of Stabbing","floor":27,"turns":3},{"damage":0,"enemies":"Snecko","floor":31,"turns":4},{"damage":5,"enemies":"Shelled Parasite and Fungi","floor":32,"turns":3},{"damage":7,"enemies":"IC_MUSHROOM_ARCHETYPE","floor":33,"turns":5},{"damage":28,"enemies":"3 Shapes","floor":36,"turns":2},{"damage":0,"enemies":"3 Shapes","floor":39,"turns":2},{"damage":8,"enemies":"Reptomancer","floor":40,"turns":6},{"damage":11,"enemies":"Nemesis","floor":44,"turns":5},{"damage":0,"enemies":"Orb Walker","floor":46,"turns":3},{"damage":0,"enemies":"Giant Head","floor":48,"turns":5},{"damage":0,"enemies":"Writhing Mass","floor":49,"turns":4},{"damage":0,"enemies":"DF_ARCHETYPE_ORBS","floor":50,"turns":5},{"damage":0,"enemies":"downfall:CharBossMerchant","floor":52,"turns":6},{"damage":0,"enemies":"downfall:NeowBoss","floor":55,"turns":8},{"damage":54,"enemies":"downfall:NeowBossFinal","floor":56,"turns":5}],"seed_played":"-483164765058790637","potions_obtained":[{"floor":9,"key":"Adrenaline Potion"},{"floor":10,"key":"Elixir"},{"floor":11,"key":"Block Potion"},{"floor":14,"key":"Flashbang"},{"floor":15,"key":"DuplicationPotion"},{"floor":16,"key":"LiquidBronze"},{"floor":22,"key":"Fire Potion"},{"floor":26,"key":"sneckomod:MuddlingPotion"},{"floor":31,"key":"Languid Potion"},{"floor":32,"key":"Slimebound:ThreeZeroPotion"},{"floor":36,"key":"CultistPotion"},{"floor":39,"key":"SteroidPotion"},{"floor":46,"key":"Languid Potion"}],"is_trial":false,"path_per_floor":["R_BF","M","M","M","?","M","T","$","M","M","E","T","$","E","M","B",null,"R","M","?","$","M","$","T","$","M","E","R","$","T","M","M","B",null,"T","?","?","?","?","E","T","?","T","E","?","?","T","E","?","B",null,"E","T","T","B","B",null],"character_chosen":"THE_AUTOMATON","items_purchased":["bronze:ItsAFeature","bronze:Terminator","bronze:FollowUp+1","SteroidPotion","ReplayUltimateDefense","PowerPotion","LiquidMemories"],"campfire_rested":0,"item_purchase_floors":[13,21,23,23,25,43,53],"current_hp_per_floor":[70,70,70,70,70,47,47,47,35,33,20,20,10,9,6,6,70,70,64,64,64,60,60,60,60,46,37,37,37,37,37,32,25,70,80,52,52,90,90,82,82,82,82,71,71,71,71,85,85,85,90,90,90,90,90,36],"gold":36,"neow_bonus":"THREE_ENEMY_KILL","is_daily":false,"chose_seed":false,"campfire_upgraded":4,"win_rate":0.0,"timestamp":1611751575,"path_taken":["R_BF","M","?","M","?","?","T","$","M","M","E","?","?","E","M","BOSS","R","M","?","?","M","$","T","?","M","E","R","?","?","M","M","BOSS","T","?","?","?","?","E","T","?","T","E","?","?","T","E","?","BOSS","E","T","T","BOSS","BOSS"],"items_purchased_type":["Card","Card","Card","Potion","Card","Potion","Potion"],"build_version":"2020-12-22","purchased_purges":3,"victory":true,"max_hp_per_floor":[70,70,70,70,70,70,70,70,70,70,70,70,70,70,70,70,70,70,70,70,70,70,70,70,70,70,70,70,70,70,70,70,70,70,80,80,80,90,90,90,90,90,90,90,90,90,90,90,90,90,90,90,90,90,90,90],"card_choices":[{"not_picked":["bronze:Repair","bronze:Refactor"],"picked":"bronze:Separator","floor":2},{"not_picked":["bronze:Branch","bronze:DelayedGuard"],"picked":"bronze:MaxOutput","floor":3},{"not_picked":["bronze:CutThrough","bronze:Frontload"],"picked":"bronze:OilSpill","floor":4},{"not_picked":["bronze:Turbo","bronze:GetLatest"],"picked":"bronze:Constructor","floor":6},{"not_picked":["bronze:Separator","bronze:Library"],"picked":"bronze:OilSpill","floor":8},{"not_picked":["bronze:Backtrace","bronze:NullPointer"],"picked":"bronze:Return","floor":9},{"not_picked":["bronze:FineTuning","bronze:Turbo"],"picked":"bronze:ChosenStrike","floor":10},{"not_picked":["bronze:FineTuning","bronze:Fortify"],"picked":"bronze:Constructor","floor":11},{"not_picked":["bronze:Branch","bronze:InfiniteBeams"],"picked":"bronze:Flail","floor":13},{"not_picked":["bronze:DigitalCarnage","bronze:WildBeam"],"picked":"bronze:OilSpill","floor":14},{"not_picked":["bronze:WildBeam","bronze:BronzeArmor"],"picked":"bronze:Separator","floor":15},{"not_picked":["bronze:Hardcode","bronze:Break"],"picked":"bronze:ShipIt","floor":16},{"not_picked":["bronze:Constructor","bronze:WildBeam"],"picked":"bronze:OilSpill","floor":19},{"not_picked":["bronze:OilSpill","bronze:InfiniteLoop"],"picked":"bronze:Terminator","floor":21},{"not_picked":["bronze:BugBarrage","bronze:Iterate"],"picked":"bronze:MaxOutput","floor":22},{"not_picked":["bronze:Separator","bronze:Turbo","bronze:ItsAFeature+1"],"picked":"SKIP","floor":23},{"not_picked":["bronze:ChildClass+1","bronze:DarkDash"],"picked":"bronze:BugBarrage","floor":26},{"not_picked":["bronze:Iterate","bronze:BronzeArmor+1"],"picked":"bronze:Optimize","floor":27},{"not_picked":["bronze:Separator","bronze:Shield","bronze:BitShift"],"picked":"SKIP","floor":31},{"not_picked":["bronze:DarkDash","bronze:Constructor","bronze:BuggyMess"],"picked":"SKIP","floor":32},{"not_picked":["bronze:Format","bronze:Verify"],"picked":"bronze:Assembly","floor":33},{"not_picked":["bronze:Invalidate+1","bronze:BuggyMess+1","bronze:Separator"],"picked":"SKIP","floor":36},{"not_picked":["bronze:DelayedSlice","bronze:BuggyMess+1"],"picked":"bronze:ItsAFeature","floor":39},{"not_picked":["bronze:Shell","bronze:Constructor","bronze:InfiniteLoop"],"picked":"SKIP","floor":40},{"not_picked":["bronze:Virus","bronze:InfiniteBeams","bronze:WhirlingStrike+1"],"picked":"SKIP","floor":44},{"not_picked":["bronze:Branch","bronze:WildBeam"],"picked":"bronze:MaxOutput+1","floor":46},{"not_picked":["bronze:OilSpill+1","bronze:ForLoop+1"],"picked":"bronze:MaxOutput+1","floor":48},{"not_picked":["bronze:Deprecate","bronze:DelayedSlice","bronze:OilSpill"],"picked":"SKIP","floor":49},{"not_picked":["bronze:HyperBeam","bronze:ForLoop+1","bronze:Deprecate+1"],"picked":"SKIP","floor":52}],"player_experience":764299,"relics_obtained":[{"floor":1,"key":"Potion Belt"},{"floor":11,"key":"Mummified Hand"},{"floor":12,"key":"Quantum Egg"},{"floor":14,"key":"Replay:Baseball"},{"floor":24,"key":"Juzu Bracelet"},{"floor":27,"key":"Replay:Bottled Flurry"},{"floor":30,"key":"Pen Nib"},{"floor":37,"key":"Gremlin Food"},{"floor":39,"key":"Thread and Needle"},{"floor":40,"key":"Dead Branch"},{"floor":41,"key":"Oddly Smooth Stone"},{"floor":42,"key":"ReplayTheSpireMod:Ring of Challenge"},{"floor":42,"key":"Ring of Peace"},{"floor":44,"key":"Unceasing Top"},{"floor":48,"key":"Blue Doll"},{"floor":52,"key":"Bronze Scales"}],"event_choices":[],"is_beta":false,"boss_relics":[{"not_picked":["SacredBark","Runic Dome"],"picked":"Abe\u0027s Treasure"},{"not_picked":["Replay:Ancient Bell","Replay:Wanted Poster"],"picked":"Painkiller Herb"}],"items_purged_floors":[8,23,43],"is_endless":false,"potions_floor_spawned":[9,10,11,14,15,16,22,26,31,32,36,39,46],"ascension_level":3}}