{"host":"95ip98gf8c4vrv08","time":1611750103,"event":{"mods":["100% Spire Juice","ATMod(??Mod)","Arknights The Spire","BaseMod","Energized Spire","Lobotomy","LobotomyExtend","Minty Spire (QoL Compilation)","Quick Restart","Reimu??????","Relic Stats","Spicy Shops","StSLib","??????REMEMod","????"],"gold_per_floor":[110,110,110,110,125,125,143,143,195,215,229,15,34,53,53,3,3],"floor_reached":16,"language":"ZHS","playtime":1040,"items_purged":[],"score":99,"play_id":"7ffec1ec-010b-450d-b53e-9b53fdf12f63","local_time":"20210127202143","is_ascension_mode":true,"campfire_choices":[{"floor":6,"key":"RECALL"},{"data":"MikOfLucky:ReiMu","floor":8,"key":"SMITH"},{"data":"YinYangSange:ReiMu","floor":15,"key":"SMITH"}],"circlet_count":0,"master_deck":["Strike_Lin:ReiMu","Strike_Lin:ReiMu","Strike_Lin:ReiMu","Strike_Lin:ReiMu","Defend_Lin:ReiMu","Defend_Lin:ReiMu","Defend_Lin:ReiMu","Defend_Lin:ReiMu","NB:ReiMu","Stagnation:ReiMu","After Image+1","ForcedLanding:ReiMu","Scarecrow","YinYangSange:ReiMu+1","GalaxyChild","MikOfLucky:ReiMu+1","VoidDream","Shading:ReiMu","FairyFestival","Meditation:ReiMu","MeltingLove","Gathering:ReiMu","TakeOff:ReiMu","UniversalSpiritual:ReiMu","QueenOfHatred"],"relics":["FlyPower:ReiMu","REME_ComplimentaryCards","AT_ATBox","CogitoBucket","LetterFromLob","REME_LimitBreaker","REME_CardOfGreed","ResearcherNote"],"acts_visited":["Exordium"],"potions_floor_usage":[16],"damage_taken":[{"damage":4,"enemies":"2 Louse","floor":1,"turns":4},{"damage":2,"enemies":"Small Slimes","floor":5,"turns":8},{"damage":7,"enemies":"Cultist","floor":7,"turns":6},{"damage":0,"enemies":"Exordium Thugs","floor":10,"turns":5},{"damage":0,"enemies":"Large Slime","floor":11,"turns":9},{"damage":17,"enemies":"Red Slaver","floor":13,"turns":10},{"damage":0,"enemies":"Looter","floor":14,"turns":3},{"damage":58,"enemies":"Hexaghost","floor":16,"turns":16}],"seed_played":"6827698649311265532","potions_obtained":[{"floor":7,"key":"SpeedPotion"},{"floor":10,"key":"AttackPotion"},{"floor":13,"key":"SpeedPotion"}],"is_trial":false,"path_per_floor":["M","?","?","?","M","R","M","R","T","M","M","$","M","M","R","B"],"character_chosen":"REIMU","items_purchased":["Gathering:ReiMu","REME_CardOfGreed"],"campfire_rested":0,"item_purchase_floors":[12,12],"current_hp_per_floor":[61,66,63,63,65,65,63,63,63,70,70,70,63,70,70,30,30],"gold":3,"neow_bonus":"","is_daily":false,"chose_seed":false,"campfire_upgraded":2,"win_rate":0.0,"timestamp":1611750103,"path_taken":["M","?","?","?","?","R","M","R","T","M","M","?","M","M","R","BOSS"],"items_purchased_type":["Card","Relic"],"build_version":"2020-12-22","purchased_purges":0,"victory":false,"max_hp_per_floor":[65,70,70,70,70,70,70,70,70,70,70,70,70,70,70,70,70],"relic_stats":{"counters":[9,62],"obtain_stats":[{"CogitoBucket":0,"AT_ATBox":0,"ResearcherNote":13,"LetterFromLob":1,"REME_CardOfGreed":12,"REME_LimitBreaker":3,"FlyPower:ReiMu":0,"REME_ComplimentaryCards":0},{"CogitoBucket":0,"AT_ATBox":0,"ResearcherNote":7,"LetterFromLob":1,"REME_CardOfGreed":5,"REME_LimitBreaker":1,"FlyPower:ReiMu":0,"REME_ComplimentaryCards":0},{"CogitoBucket":0,"AT_ATBox":0,"ResearcherNote":43,"LetterFromLob":4,"REME_CardOfGreed":32,"REME_LimitBreaker":4,"FlyPower:ReiMu":0,"REME_ComplimentaryCards":0}]},"card_choices":[{"not_picked":["UpKicking:ReiMu","Mountainwind:ReiMu"],"picked":"ForcedLanding:ReiMu","floor":1},{"not_picked":["OSAHOGD","WallGazer","SpiderBud"],"picked":"Singing Bowl","floor":1},{"not_picked":["VoidDream","Murderer"],"picked":"Scarecrow","floor":1},{"not_picked":["OrbThrow:ReiMu","ShadowOfCrow2:ReiMu"],"picked":"YinYangSange:ReiMu","floor":5},{"not_picked":["CrumblingArmor","PunishingBird"],"picked":"GalaxyChild","floor":5},{"not_picked":["PhosphorusFlame:ReiMu","AirStrike:ReiMu"],"picked":"MikOfLucky:ReiMu","floor":7},{"not_picked":["ShyLook","BeautyBeast","MHz"],"picked":"Singing Bowl","floor":7},{"not_picked":["BeautyBeast","WallGazer"],"picked":"VoidDream","floor":7},{"not_picked":["SubAcupoint:ReiMu","AirStrike:ReiMu"],"picked":"Shading:ReiMu","floor":10},{"not_picked":["WallGazer","ShyLook"],"picked":"FairyFestival","floor":10},{"not_picked":["Intuition:ReiMu","EmergencyTakeOff:ReiMu"],"picked":"Meditation:ReiMu","floor":11},{"not_picked":["UniverseFragment","PunishingBird","Mercenary"],"picked":"Singing Bowl","floor":11},{"not_picked":["Murderer","MHz"],"picked":"MeltingLove","floor":11},{"not_picked":["Wellcheers","BeautyBeast","Bloodbath"],"picked":"Singing Bowl","floor":13},{"not_picked":["CareerPray:ReiMu","Gathering:ReiMu"],"picked":"TakeOff:ReiMu","floor":13},{"not_picked":["Conquer:ReiMu","SubcavityInstant:ReiMu"],"picked":"UniversalSpiritual:ReiMu","floor":14},{"not_picked":["CherryBlossoms","OSAHOGD"],"picked":"QueenOfHatred","floor":14}],"player_experience":216999,"relics_obtained":[{"floor":1,"key":"LetterFromLob"}],"event_choices":[{"damage_healed":0,"gold_gain":0,"player_choice":"Donut","damage_taken":0,"max_hp_gain":5,"max_hp_loss":0,"event_name":"Big Fish","floor":2,"gold_loss":0},{"damage_healed":0,"gold_gain":0,"player_choice":"Success","damage_taken":3,"relics_obtained":["REME_LimitBreaker"],"max_hp_gain":0,"max_hp_loss":0,"event_name":"Scrap Ooze","floor":3,"gold_loss":0},{"damage_healed":0,"gold_gain":0,"player_choice":"Forge","damage_taken":0,"max_hp_gain":0,"max_hp_loss":0,"event_name":"Accursed Blacksmith","floor":4,"gold_loss":0,"cards_upgraded":["After Image"]}],"is_beta":false,"boss_relics":[],"items_purged_floors":[],"is_endless":false,"potions_floor_spawned":[7,10,13],"killed_by":"Hexaghost","ascension_level":1}}