{"host":"y24pqu7jih1n8m3t","time":1611716385,"event":{"mods":["AchievementEnabler","BaseMod","Bestiary","Block Reminder","Colored Map","Colored Powertips","DeckTracker","Highlight Path","Minty Spire (QoL Compilation)","Permanent Neow","Quick Restart","Rare Cards Sparkle","Relic Stats"],"gold_per_floor":[112,126,137,148,164,164,198,198,198,198,163,195,195,214,214,313,313,348,348,11,53,72,72,25,60,60,60,86,86,104,118,118,220,220,238,0,0,0,19,50,65,65,65,65,76,151,170,220,220,220,220,220,23,55,55],"floor_reached":56,"language":"ENG","playtime":6457,"items_purged":[],"score":1372,"play_id":"577f66b3-b692-4494-9f95-1b6d5d8ffa47","local_time":"20210126215945","is_ascension_mode":true,"campfire_choices":[{"floor":6.0,"key":"DIG"},{"floor":8.0,"key":"DIG"},{"floor":10.0,"key":"DIG"},{"floor":15.0,"key":"DIG"},{"floor":23,"key":"DIG"},{"floor":27,"key":"DIG"},{"floor":29,"key":"DIG"},{"floor":32,"key":"REST"},{"floor":42,"key":"REST"},{"floor":44,"key":"DIG"},{"floor":49,"key":"RECALL"},{"floor":52,"key":"DIG"}],"circlet_count":0,"master_deck":["Eruption","Vigilance","Evaluate","Swivel","Evaluate","WindmillStrike+1","PathToVictory","Wish","Pray+1","PathToVictory+1","Ragnarok","DevaForm","CrushJoints","Worship+1","FlyingSleeves","Protect+1","Crescendo+1","ThirdEye+1","ForeignInfluence+1","Conclude+1","FearNoEvil","TalkToTheHand+1","Worship+1","Evaluate+1","Ragnarok","BattleHymn","Halt+1","EmptyMind+1","SpiritShield+1","SashWhip","Madness+1","Madness+1","Metamorphosis+1","SashWhip+1","EmptyBody+1","Halt+1","PathToVictory+1","EmptyFist+1","DevaForm","FollowUp+1","Wish+1","SpiritShield+1"],"relics":["PureWater","Shovel","Juzu Bracelet","Letter Opener","Whetstone","InkBottle","Toxic Egg 2","Anchor","Potion Belt","Pandora\u0027s Box","Enchiridion","Lee\u0027s Waffle","Pen Nib","Kunai","Unceasing Top","Bottled Flame","Omamori","Happy Flower","Matryoshka","Snecko Eye","Red Mask","Regal Pillow","MealTicket","Blood Vial","Turnip","CaptainsWheel","Mercury Hourglass","Strawberry"],"acts_visited":["Exordium","TheCity","TheBeyond","TheEnding"],"potions_floor_usage":[25,31,33,45,46,54,55,55,55],"damage_taken":[{"damage":0.0,"enemies":"2 Louse","floor":1.0,"turns":1.0},{"damage":10.0,"enemies":"Small Slimes","floor":2.0,"turns":4.0},{"damage":1.0,"enemies":"Jaw Worm","floor":3.0,"turns":3.0},{"damage":0.0,"enemies":"Looter","floor":4.0,"turns":4.0},{"damage":3.0,"enemies":"Blue Slaver","floor":5.0,"turns":7.0},{"damage":15.0,"enemies":"3 Sentries","floor":7.0,"turns":12.0},{"damage":0.0,"enemies":"Lagavulin","floor":12.0,"turns":3.0},{"damage":22.0,"enemies":"Exordium Wildlife","floor":14.0,"turns":4.0},{"damage":23.0,"enemies":"Slime Boss","floor":16.0,"turns":9.0},{"damage":10,"enemies":"3 Byrds","floor":18,"turns":3},{"damage":28,"enemies":"2 Thieves","floor":21,"turns":4},{"damage":0,"enemies":"Snake Plant","floor":22,"turns":3},{"damage":3,"enemies":"Slavers","floor":25,"turns":3},{"damage":5,"enemies":"Book of Stabbing","floor":28,"turns":3},{"damage":10,"enemies":"Snecko","floor":30,"turns":3},{"damage":0,"enemies":"3 Cultists","floor":31,"turns":3},{"damage":45,"enemies":"Automaton","floor":33,"turns":5},{"damage":0,"enemies":"Orb Walker","floor":35,"turns":2},{"damage":0,"enemies":"3 Darklings","floor":39,"turns":3},{"damage":34,"enemies":"Giant Head","floor":40,"turns":5},{"damage":4,"enemies":"Sphere and 2 Shapes","floor":41,"turns":3},{"damage":9,"enemies":"Spire Growth","floor":45,"turns":4},{"damage":4,"enemies":"2 Orb Walkers","floor":46,"turns":4},{"damage":0,"enemies":"Maw","floor":47,"turns":3},{"damage":0,"enemies":"Mind Bloom Boss Battle","floor":48,"turns":2},{"damage":52,"enemies":"Awakened One","floor":50,"turns":8},{"damage":30,"enemies":"Shield and Spear","floor":54,"turns":5},{"damage":10,"enemies":"The Heart","floor":55,"turns":6}],"seed_played":"980791738293392267","potions_obtained":[{"floor":4.0,"key":"Energy Potion"},{"floor":5.0,"key":"DuplicationPotion"},{"floor":12.0,"key":"ColorlessPotion"},{"floor":16.0,"key":"CultistPotion"},{"floor":22,"key":"DuplicationPotion"},{"floor":28,"key":"PowerPotion"},{"floor":31,"key":"AttackPotion"},{"floor":40,"key":"Swift Potion"},{"floor":41,"key":"SteroidPotion"},{"floor":45,"key":"Swift Potion"}],"is_trial":false,"path_per_floor":["M","M","M","M","M","R","E","R","T","R","?","E","?","M","R","B",null,"M","?","$","M","M","R","$","E","T","R","E","R","M","M","R","B",null,"M","?","?","?","M","E","M","R","T","R","M","?","M","?","R","B",null,"R","$","E","B",null],"character_chosen":"WATCHER","items_purchased":["Lee\u0027s Waffle","Pen Nib","FearNoEvil","Evaluate+1","Wish+1","LiquidMemories","Swift Potion"],"campfire_rested":2,"item_purchase_floors":[20,20,20,24,53,53,53],"current_hp_per_floor":[65,55,54,54,51,51,36,36,36,36,52,52,57,35,35,12,70,60,44,77,49,49,49,49,46,46,46,41,41,31,31,54,9,77,77,77,67,67,67,33,29,67,67,67,60,58,60,62,62,12,77,77,77,54,46],"gold":55,"neow_bonus":"ONE_RARE_RELIC","is_daily":false,"chose_seed":false,"campfire_upgraded":0,"win_rate":0.0,"timestamp":1611716385,"path_taken":["M","M","M","M","M","R","E","R","T","R","?","E","?","M","R","BOSS","M","?","$","M","M","R","$","E","T","R","E","R","M","M","R","BOSS","M","?","?","?","M","E","M","R","T","R","M","?","M","?","R","BOSS","R","$","E","BOSS"],"items_purchased_type":["Relic","Relic","Card","Card","Card","Potion","Potion"],"build_version":"2020-12-22","purchased_purges":0,"victory":true,"max_hp_per_floor":[65,65,65,65,65,65,65,65,65,65,65,65,70,70,70,70,70,70,70,77,77,77,77,77,77,77,77,77,77,77,77,77,77,77,77,77,77,77,77,77,77,77,77,77,77,77,77,77,77,77,77,77,77,84,84],"relic_stats":{"Lee\u0027s Waffle":33,"Regal Pillow":15,"Happy Flower":[18],"counters":[28,119],"Pen Nib":[14],"Juzu Bracelet":1,"Letter Opener":[306],"Whetstone":["WindmillStrike","Strike_P"],"Mercury Hourglass":[36],"Blood Vial":12,"Shovel":9,"Snecko Eye":[83,101,80,88],"Pandora\u0027s Box":["DevaForm","CrushJoints","Worship","FlyingSleeves","Protect","Crescendo","ThirdEye","ForeignInfluence"],"MealTicket":0,"Turnip":[5],"Kunai":[28],"obtain_stats":[{"Regal Pillow":40,"Enchiridion":19,"Juzu Bracelet":6,"Whetstone":8,"Blood Vial":44,"Shovel":0,"Matryoshka":29,"Strawberry":54,"MealTicket":43,"Red Mask":36,"Kunai":23,"Toxic Egg 2":10,"InkBottle":9,"Potion Belt":15,"Lee\u0027s Waffle":20,"Happy Flower":28,"Pen Nib":20,"Omamori":27,"Letter Opener":7,"Mercury Hourglass":52,"Anchor":12,"Bottled Flame":26,"CaptainsWheel":48,"Snecko Eye":34,"Pandora\u0027s Box":17,"Turnip":46,"PureWater":0,"Unceasing Top":25},{"Regal Pillow":20,"Enchiridion":10,"Juzu Bracelet":5,"Whetstone":6,"Blood Vial":21,"Shovel":0,"Matryoshka":14,"Strawberry":27,"MealTicket":21,"Red Mask":18,"Kunai":12,"Toxic Egg 2":6,"InkBottle":6,"Potion Belt":8,"Lee\u0027s Waffle":10,"Happy Flower":14,"Pen Nib":10,"Omamori":13,"Letter Opener":6,"Mercury Hourglass":26,"Anchor":7,"Bottled Flame":13,"CaptainsWheel":25,"Snecko Eye":17,"Pandora\u0027s Box":9,"Turnip":23,"PureWater":0,"Unceasing Top":13},{"Regal Pillow":84,"Enchiridion":50,"Juzu Bracelet":19,"Whetstone":31,"Blood Vial":87,"Shovel":0,"Matryoshka":63,"Strawberry":113,"MealTicket":87,"Red Mask":76,"Kunai":57,"Toxic Egg 2":31,"InkBottle":31,"Potion Belt":38,"Lee\u0027s Waffle":50,"Happy Flower":63,"Pen Nib":50,"Omamori":60,"Letter Opener":31,"Mercury Hourglass":108,"Anchor":34,"Bottled Flame":60,"CaptainsWheel":100,"Snecko Eye":74,"Pandora\u0027s Box":47,"Turnip":95,"PureWater":0,"Unceasing Top":60}],"InkBottle":[38],"Unceasing Top":[0]},"card_choices":[{"not_picked":["Protect","WaveOfTheHand"],"picked":"Evaluate","floor":1.0},{"not_picked":["EmptyBody","Study"],"picked":"Swivel","floor":2.0},{"not_picked":["ThirdEye","JustLucky"],"picked":"Evaluate","floor":3.0},{"not_picked":["Wireheading","BattleHymn"],"picked":"WindmillStrike","floor":4.0},{"not_picked":["EmptyBody","WaveOfTheHand"],"picked":"PathToVictory","floor":5.0},{"not_picked":["Protect","Ragnarok"],"picked":"Wish","floor":7.0},{"not_picked":["Protect+1","EmptyBody+1"],"picked":"Pray+1","floor":12.0},{"not_picked":["WheelKick","Swivel+1"],"picked":"PathToVictory+1","floor":14.0},{"not_picked":["Scrawl+1","DeusExMachina+1"],"picked":"Ragnarok","floor":16.0},{"not_picked":["ThirdEye+1","Evaluate+1"],"picked":"Conclude+1","floor":18},{"not_picked":["BowlingBash+1","Prostrate+1"],"picked":"TalkToTheHand+1","floor":21},{"not_picked":["JustLucky","Wireheading"],"picked":"Worship+1","floor":22},{"not_picked":["MentalFortress","SpiritShield+1"],"picked":"Ragnarok","floor":25},{"not_picked":["MentalFortress","Consecrate"],"picked":"BattleHymn","floor":28},{"not_picked":["FlurryOfBlows+1","CrushJoints"],"picked":"Halt+1","floor":30},{"not_picked":["Halt+1","CarveReality+1"],"picked":"EmptyMind+1","floor":31},{"not_picked":["ConjureBlade+1","Judgement+1"],"picked":"SpiritShield+1","floor":33},{"not_picked":["CutThroughFate","JustLucky"],"picked":"SashWhip","floor":35},{"not_picked":["Flash of Steel","Madness+1"],"picked":"Metamorphosis+1","floor":38},{"not_picked":["Consecrate","Protect+1"],"picked":"SashWhip+1","floor":39},{"not_picked":["Halt+1","SashWhip"],"picked":"EmptyBody+1","floor":40},{"not_picked":["Wireheading+1","Conclude+1"],"picked":"Halt+1","floor":41},{"not_picked":["SignatureMove","CarveReality"],"picked":"PathToVictory+1","floor":45},{"not_picked":["ThirdEye+1","FlurryOfBlows+1"],"picked":"EmptyFist+1","floor":46},{"not_picked":["JustLucky+1","ThirdEye+1"],"picked":"DevaForm","floor":47},{"not_picked":["BowlingBash+1","CarveReality+1"],"picked":"FollowUp+1","floor":48},{"not_picked":["ThirdEye+1","Wireheading"],"picked":"SpiritShield+1","floor":54}],"player_experience":197196,"relics_obtained":[{"floor":6.0,"key":"Juzu Bracelet"},{"floor":7.0,"key":"Letter Opener"},{"floor":8.0,"key":"Whetstone"},{"floor":9.0,"key":"InkBottle"},{"floor":10.0,"key":"Toxic Egg 2"},{"floor":12.0,"key":"Anchor"},{"floor":15.0,"key":"Potion Belt"},{"floor":19,"key":"Enchiridion"},{"floor":23,"key":"Kunai"},{"floor":25,"key":"Unceasing Top"},{"floor":26,"key":"Bottled Flame"},{"floor":27,"key":"Omamori"},{"floor":28,"key":"Happy Flower"},{"floor":29,"key":"Matryoshka"},{"floor":40,"key":"Regal Pillow"},{"floor":43,"key":"MealTicket"},{"floor":44,"key":"Blood Vial"},{"floor":46,"key":"Turnip"},{"floor":48,"key":"CaptainsWheel"},{"floor":52,"key":"Mercury Hourglass"},{"floor":54,"key":"Strawberry"}],"event_choices":[{"damage_healed":16.0,"max_hp_gain":0.0,"max_hp_loss":0.0,"gold_gain":0.0,"event_name":"The Cleric","player_choice":"Healed","floor":11.0,"gold_loss":35.0,"damage_taken":0.0},{"damage_healed":0.0,"max_hp_gain":5.0,"max_hp_loss":0.0,"gold_gain":0.0,"event_name":"Big Fish","player_choice":"Donut","floor":13.0,"gold_loss":0.0,"damage_taken":0.0},{"damage_healed":0,"gold_gain":0,"player_choice":"Obtained Book","damage_taken":16,"max_hp_gain":0,"max_hp_loss":0,"event_name":"Cursed Tome","floor":19,"gold_loss":0},{"damage_healed":0,"gold_gain":0,"player_choice":"Paid","damage_taken":0,"relics_obtained":["Red Mask"],"max_hp_gain":0,"max_hp_loss":0,"event_name":"Tomb of Lord Red Mask","floor":36,"gold_loss":238},{"damage_healed":0,"gold_gain":0,"player_choice":"Embrace Madness","damage_taken":10,"max_hp_gain":0,"max_hp_loss":0,"event_name":"Winding Halls","floor":37,"gold_loss":0,"cards_obtained":["Madness","Madness"]},{"damage_healed":0,"gold_gain":0,"player_choice":"Memory 1","damage_taken":0,"max_hp_gain":0,"max_hp_loss":0,"event_name":"SensoryStone","floor":38,"gold_loss":0},{"damage_healed":0,"gold_gain":0,"player_choice":"Fight","damage_taken":0,"max_hp_gain":0,"max_hp_loss":0,"event_name":"Mysterious Sphere","floor":46,"gold_loss":0},{"damage_healed":0,"gold_gain":0,"player_choice":"Fight","damage_taken":0,"max_hp_gain":0,"max_hp_loss":0,"event_name":"MindBloom","floor":48,"gold_loss":0}],"is_beta":false,"boss_relics":[{"not_picked":["Coffee Dripper","Velvet Choker"],"picked":"Pandora\u0027s Box"},{"not_picked":["Sozu","Busted Crown"],"picked":"Snecko Eye"}],"items_purged_floors":[],"is_endless":false,"potions_floor_spawned":[4,5,12,16,22,28,31,40,41,45],"ascension_level":2}}