{"host":"lktusdb9orijgc6z","time":1611765463,"event":{"mods":["BaseMod","Bestiary","Colored Map","Colored Powertips","Minty Spire (QoL Compilation)","Permanent Neow","Quick Restart","Relic Stats","StSLib","everything is the same but u backflip on backflip","slay the spire mod where everything is the same but ironclad has a cowboy hat"],"gold_per_floor":[113,132,145,18,32,32,42,74,74,88,138,158,158,177,177,253,253,273,285,302,54,54,54,88,88,111,142,159,159,59,59,59,133,133,145,145,145,164,164,164,164,164],"floor_reached":41,"language":"ENG","playtime":3552,"items_purged":["Strike_G","Strike_G"],"score":920,"play_id":"b0520d2e-ce2b-4d81-a3ed-9b7160547db9","local_time":"20210127173743","is_ascension_mode":true,"campfire_choices":[{"data":"Bane","floor":6.0,"key":"SMITH"},{"floor":13.0,"key":"REST"},{"data":"Noxious Fumes","floor":15.0,"key":"SMITH"},{"data":"Burst","floor":23,"key":"SMITH"},{"data":"Catalyst","floor":25,"key":"SMITH"},{"floor":29,"key":"REST"},{"data":"Footwork","floor":32,"key":"SMITH"},{"data":"Well Laid Plans","floor":40,"key":"SMITH"}],"circlet_count":0,"master_deck":["AscendersBane","Strike_G","Strike_G","Defend_G","Defend_G","Defend_G","Defend_G","Defend_G","Survivor","Neutralize","Dark Shackles","Dash","Backstab","Noxious Fumes+1","Caltrops","Bane+1","Catalyst+1","Footwork","Crippling Poison","Flying Knee","Well Laid Plans+1","Predator","Burst+1","Deflect+1","Footwork+1","Venomology","Deflect+1","Venomology"],"relics":["Ring of the Snake","Bag of Preparation","Bottled Lightning","Velvet Choker","ClockworkSouvenir","Bag of Marbles","Snake Skull","Darkstone Periapt","SlaversCollar"],"acts_visited":["Exordium","TheCity","TheBeyond"],"potions_floor_usage":[20,27,28,33,33,33,36,36,36,38,41,41,41],"damage_taken":[{"damage":0.0,"enemies":"Cultist","floor":1.0,"turns":4.0},{"damage":0.0,"enemies":"Small Slimes","floor":2.0,"turns":3.0},{"damage":0.0,"enemies":"Jaw Worm","floor":3.0,"turns":4.0},{"damage":18.0,"enemies":"Exordium Thugs","floor":5.0,"turns":6.0},{"damage":4.0,"enemies":"3 Louse","floor":7.0,"turns":4.0},{"damage":36.0,"enemies":"Gremlin Nob","floor":8.0,"turns":6.0},{"damage":0.0,"enemies":"Gremlin Gang","floor":10.0,"turns":2.0},{"damage":0.0,"enemies":"Blue Slaver","floor":12.0,"turns":5.0},{"damage":1.0,"enemies":"Looter","floor":14.0,"turns":4.0},{"damage":8.0,"enemies":"The Guardian","floor":16.0,"turns":8.0},{"damage":16,"enemies":"2 Thieves","floor":18,"turns":3},{"damage":0,"enemies":"Chosen","floor":19,"turns":4},{"damage":16,"enemies":"Centurion and Healer","floor":20,"turns":9},{"damage":5,"enemies":"Gremlin Leader","floor":24,"turns":7},{"damage":8,"enemies":"Book of Stabbing","floor":27,"turns":4},{"damage":1,"enemies":"Shelled Parasite and Fungi","floor":28,"turns":4},{"damage":3,"enemies":"Champ","floor":33,"turns":11},{"damage":0,"enemies":"3 Shapes","floor":35,"turns":7},{"damage":0,"enemies":"3 Darklings","floor":36,"turns":5},{"damage":17,"enemies":"4 Shapes","floor":38,"turns":7},{"damage":79,"enemies":"Transient","floor":41,"turns":4}],"seed_played":"9185348317970356402","potions_obtained":[{"floor":2.0,"key":"Dexterity Potion"},{"floor":5.0,"key":"Explosive Potion"},{"floor":10.0,"key":"CunningPotion"},{"floor":12.0,"key":"AttackPotion"},{"floor":16.0,"key":"GamblersBrew"},{"floor":20,"key":"LiquidBronze"},{"floor":24,"key":"DuplicationPotion"},{"floor":28,"key":"AttackPotion"},{"floor":33,"key":"SneckoOil"},{"floor":38,"key":"Ancient Potion"}],"is_trial":false,"path_per_floor":["M","M","M","$","M","R","M","E","T","M","?","M","R","M","R","B",null,"M","M","M","$","?","R","E","R","T","E","M","R","$","?","R","B",null,"M","M","?","M","?","R","M"],"character_chosen":"THE_SILENT","items_purchased":["Caltrops","Bane","ClockworkSouvenir"],"campfire_rested":2,"item_purchase_floors":[4,4,21],"current_hp_per_floor":[59,59,59,59,41,41,37,1,1,1,1,1,20,19,19,11,52,36,36,20,20,20,20,15,15,15,7,6,25,25,25,25,37,59,59,59,59,42,42,42,0,0],"gold":164,"neow_bonus":"RANDOM_COLORLESS","is_daily":false,"chose_seed":false,"campfire_upgraded":6,"win_rate":0.0,"timestamp":1611765463,"path_taken":["M","M","M","$","?","R","M","E","T","M","?","M","R","M","R","BOSS","M","M","?","$","?","R","E","R","T","E","M","R","?","?","R","BOSS","M","?","?","M","?","R","M"],"items_purchased_type":["Card","Card","Relic"],"build_version":"2020-12-22","purchased_purges":2,"victory":false,"max_hp_per_floor":[66,66,66,66,66,66,66,66,66,66,66,66,66,66,66,66,66,66,66,66,66,66,66,66,66,66,66,66,66,66,66,66,66,66,66,66,63,63,63,63,63,63],"relic_stats":{"Darkstone Periapt":0,"counters":[21,111],"Snake Skull":[44],"Bag of Preparation":[30],"obtain_stats":[{"Darkstone Periapt":27,"SlaversCollar":34,"Velvet Choker":17,"Snake Skull":26,"Bag of Preparation":8,"Bag of Marbles":24,"Bottled Lightning":9,"Ring of the Snake":0,"ClockworkSouvenir":21},{"Darkstone Periapt":15,"SlaversCollar":17,"Velvet Choker":10,"Snake Skull":14,"Bag of Preparation":6,"Bag of Marbles":14,"Bottled Lightning":6,"Ring of the Snake":0,"ClockworkSouvenir":13},{"Darkstone Periapt":73,"SlaversCollar":88,"Velvet Choker":46,"Snake Skull":69,"Bag of Preparation":27,"Bag of Marbles":69,"Bottled Lightning":27,"Ring of the Snake":0,"ClockworkSouvenir":62}],"Ring of the Snake":[42]},"card_choices":[{"not_picked":["Madness","Forethought"],"picked":"Dark Shackles","floor":0.0},{"not_picked":["Calculated Gamble","Poisoned Stab"],"picked":"Dash","floor":1.0},{"not_picked":["Deflect","Predator"],"picked":"Backstab","floor":2.0},{"not_picked":["Flying Knee","Blade Dance"],"picked":"Noxious Fumes","floor":3.0},{"not_picked":["Escape Plan","PiercingWail"],"picked":"Catalyst","floor":5.0},{"not_picked":["Dagger Spray","PiercingWail"],"picked":"Footwork","floor":7.0},{"not_picked":["Bouncing Flask","Setup"],"picked":"Crippling Poison","floor":8.0},{"not_picked":["Dagger Throw","Prepared"],"picked":"Flying Knee","floor":10.0},{"not_picked":["Riddle With Holes","Backstab"],"picked":"Well Laid Plans","floor":12.0},{"not_picked":["Accuracy","Setup"],"picked":"Predator","floor":14.0},{"not_picked":["Tools of the Trade","Wraith Form v2"],"picked":"Burst","floor":16.0},{"not_picked":["Dagger Throw","Well Laid Plans","Flying Knee+1"],"picked":"SKIP","floor":18},{"not_picked":["Backflip","Dagger Spray"],"picked":"Deflect+1","floor":19},{"not_picked":["Slice","Expertise+1","Eviscerate"],"picked":"SKIP","floor":20},{"not_picked":["Distraction","Poisoned Stab"],"picked":"Footwork","floor":24},{"not_picked":["Blur+1","Bane+1"],"picked":"Venomology","floor":27},{"not_picked":["Dagger Throw","Blade Dance"],"picked":"Deflect+1","floor":28},{"not_picked":["Envenom","Die Die Die"],"picked":"Venomology","floor":33},{"not_picked":["Sucker Punch","Dagger Spray","Cloak And Dagger+1"],"picked":"SKIP","floor":35},{"not_picked":["Endless Agony","Blade Dance+1","Setup"],"picked":"SKIP","floor":38}],"player_experience":696178,"relics_obtained":[{"floor":8.0,"key":"Bag of Preparation"},{"floor":9.0,"key":"Bottled Lightning"},{"floor":24,"key":"Bag of Marbles"},{"floor":26,"key":"Snake Skull"},{"floor":27,"key":"Darkstone Periapt"}],"event_choices":[{"damage_healed":0.0,"max_hp_gain":0.0,"max_hp_loss":0.0,"gold_gain":50.0,"event_name":"Golden Shrine","player_choice":"Pray","floor":11.0,"gold_loss":0.0,"damage_taken":0.0},{"damage_healed":0,"gold_gain":0,"player_choice":"Ignored","damage_taken":0,"max_hp_gain":0,"max_hp_loss":0,"event_name":"N\u0027loth","floor":22,"gold_loss":0},{"cards_removed":["Strike_G"],"damage_healed":0,"gold_gain":0,"player_choice":"Offered Basic","damage_taken":0,"max_hp_gain":0,"max_hp_loss":0,"event_name":"Bonfire Elementals","floor":31,"gold_loss":0},{"damage_healed":0,"gold_gain":0,"player_choice":"Max HP","damage_taken":0,"max_hp_gain":0,"max_hp_loss":3,"event_name":"Winding Halls","floor":37,"gold_loss":0},{"damage_healed":0,"gold_gain":0,"player_choice":"Ignored","damage_taken":0,"max_hp_gain":0,"max_hp_loss":0,"event_name":"Tomb of Lord Red Mask","floor":39,"gold_loss":0}],"is_beta":false,"boss_relics":[{"not_picked":["Astrolabe","Black Star"],"picked":"Velvet Choker"},{"not_picked":["Sozu","Tiny House"],"picked":"SlaversCollar"}],"items_purged_floors":[21,30],"is_endless":false,"potions_floor_spawned":[2,5,10,12,16,20,24,28,33,38],"killed_by":"Transient","ascension_level":20}}