{"host":"vyiqbz5w606ur92t","time":1611728107,"event":{"mods":["BaseMod","Downfall","Minty Spire (QoL Compilation)","StSLib"],"gold_per_floor":[99,117,132,145,162,173,198,211,311,336,351,379,279,307,324,428,428,428,443,455,455,472,500,500,450,479,147,161,184,26,40,55,156,156,56,163,181,181,199,199,199,232,132,166,184,201,211,261,280,280,280,314,61,61,61,61],"floor_reached":57,"language":"ENG","playtime":10410,"items_purged":["downfall:Aged"],"score":1480,"play_id":"9cc6290b-1ab8-4cbe-9574-23de8acbbfb4","local_time":"20210127061507","is_ascension_mode":false,"campfire_choices":[{"data":"sneckomod:SnekBite","floor":1,"key":"SMITH"},{"floor":13,"key":"REST"},{"floor":18,"key":"RECALL"},{"data":"1","floor":35,"key":"LIFT"},{"data":"2","floor":40,"key":"LIFT"},{"data":"3","floor":43,"key":"LIFT"}],"circlet_count":0,"master_deck":["sneckomod:Strike","sneckomod:Defend","sneckomod:Defend","sneckomod:Defend","sneckomod:TailWhip","sneckomod:SnekBite+1","sneckomod:Unknown","sneckomod:Unknown","sneckomod:Unknown0Cost","sneckomod:RainOfDice","sneckomod:Nope+1","sneckomod:SoulDraw","sneckomod:UnknownUncommonAttack","sneckomod:ImprovisedAttack","sneckomod:SoulExchange","sneckomod:UnknownBlock","sneckomod:Unknown3Cost","sneckomod:UnknownBlock","sneckomod:UnknownRareSkill","sneckomod:UnknownWeak","sneckomod:SerpentIdol","sneckomod:MorePower","sneckomod:UnknownBlock+1","sneckomod:UnknownRarePower+1","sneckomod:SoulCleanse","RitualDagger","sneckomod:Unknown2Cost+1","sneckomod:DefensiveFlair","sneckomod:Nope+1","sneckomod:SoulRoll+1","Regret","sneckomod:SlitherStrike+1","sneckomod:MorePower","sneckomod:UnknownBoss+1","sneckomod:DiceCrush+1","expansioncontent:StudyTheSpire","sneckomod:ImprovisedGuard+1","sneckomod:UnknownClassGREEN+1","sneckomod:QuickMove","sneckomod:UnendingSupply+1","sneckomod:SerpentIdol","sneckomod:QuickBite+1","sneckomod:UnknownX+1","sneckomod:SnekBeam+1","sneckomod:SoulDraw+1","sneckomod:UnknownRarePower","sneckomod:UnlimitedRolls+1","sneckomod:UnknownRareSkill+1","sneckomod:WideSting+1","sneckomod:SerpentIdol+1","Writhe","sneckomod:ImprovisedAttack+1","sneckomod:SlitherStrike+1","sneckomod:SerpentMind+1","sneckomod:UnknownRareAttack+1","sneckomod:QuickMove+1","sneckomod:SnekBeam+1","sneckomod:QuickBite+1","Limit Break+1"],"relics":["sneckomod:SneckoSoul","Tiny Chest","Toy Ornithopter","Regal Pillow","downfall:HeartBlessingGreen","Potion Belt","Cursed Key","Girya","Blue Candle","Centennial Puzzle","Vajra","MealTicket","Medical Kit","Fusion Hammer","downfall:HeartBlessingRed","OrangePellets","Ginger","downfall:HeartBlessingBlue","Gremlin Horn","Turnip","Eternal Feather","Bottled Tornado"],"acts_visited":["Exordium","TheCity","TheBeyond","TheEnding"],"potions_floor_usage":[8,9,9,12,15,27,27,33,39,49,49,52,52,56,56,56,56],"damage_taken":[{"damage":0,"enemies":"Cultist","floor":2,"turns":3},{"damage":0,"enemies":"Small Slimes","floor":3,"turns":3},{"damage":4,"enemies":"2 Louse","floor":4,"turns":2},{"damage":7,"enemies":"Blue Slaver","floor":5,"turns":4},{"damage":1,"enemies":"3 Louse","floor":6,"turns":5},{"damage":0,"enemies":"Gremlin Gang","floor":8,"turns":4},{"damage":19,"enemies":"downfall:Heads","floor":9,"turns":4},{"damage":15,"enemies":"Lagavulin","floor":10,"turns":6},{"damage":21,"enemies":"Large Slime","floor":11,"turns":10},{"damage":28,"enemies":"Gremlin Nob","floor":12,"turns":4},{"damage":20,"enemies":"3 Sentries","floor":14,"turns":8},{"damage":13,"enemies":"Exordium Thugs","floor":15,"turns":4},{"damage":0,"enemies":"DF_ARCHETYPE_STREAMLINE","floor":16,"turns":10},{"damage":0,"enemies":"Spheric Guardian","floor":19,"turns":2},{"damage":11,"enemies":"Centurion and Healer","floor":20,"turns":6},{"damage":42,"enemies":"3 Cultists","floor":22,"turns":6},{"damage":16,"enemies":"Gremlin Leader","floor":23,"turns":5},{"damage":30,"enemies":"Book of Stabbing","floor":26,"turns":7},{"damage":10,"enemies":"downfall:FleeingMerchant","floor":27,"turns":4},{"damage":7,"enemies":"Snake Plant","floor":28,"turns":3},{"damage":10,"enemies":"downfall:FleeingMerchant","floor":30,"turns":4},{"damage":0,"enemies":"Snecko","floor":31,"turns":5},{"damage":21,"enemies":"Centurion and Healer","floor":32,"turns":5},{"damage":12,"enemies":"WA_ARCHETYPE_CALM","floor":33,"turns":9},{"damage":21,"enemies":"downfall:FleeingMerchant","floor":36,"turns":4},{"damage":7,"enemies":"3 Shapes","floor":37,"turns":4},{"damage":8,"enemies":"3 Darklings","floor":39,"turns":2},{"damage":3,"enemies":"Reptomancer","floor":42,"turns":4},{"damage":5,"enemies":"Giant Head","floor":44,"turns":5},{"damage":6,"enemies":"4 Shapes","floor":45,"turns":2},{"damage":0,"enemies":"Jaw Worm Horde","floor":46,"turns":1},{"damage":16,"enemies":"Spire Growth","floor":47,"turns":4},{"damage":18,"enemies":"2 Orb Walkers","floor":48,"turns":3},{"damage":14,"enemies":"Sphere and 2 Shapes","floor":49,"turns":3},{"damage":5,"enemies":"SI_POISON_ARCHETYPE","floor":50,"turns":4},{"damage":35,"enemies":"downfall:CharBossMerchant","floor":52,"turns":7},{"damage":11,"enemies":"downfall:NeowBoss","floor":55,"turns":10},{"damage":59,"enemies":"downfall:NeowBossFinal","floor":56,"turns":9}],"seed_played":"1097115928410046375","potions_obtained":[{"floor":2,"key":"Guardian:BlockOnCardUsePotion"},{"floor":4,"key":"Strength Potion"},{"floor":8,"key":"CultistPotion"},{"floor":9,"key":"EssenceOfSteel"},{"floor":11,"key":"sneckomod:OffclassReductionPotion"},{"floor":19,"key":"Regen Potion"},{"floor":26,"key":"Dexterity Potion"},{"floor":28,"key":"Regen Potion"},{"floor":32,"key":"Weak Potion"},{"floor":37,"key":"BlessingOfTheForge"},{"floor":39,"key":"SpeedPotion"},{"floor":42,"key":"SteroidPotion"},{"floor":47,"key":"DuplicationPotion"},{"floor":49,"key":"Swift Potion"},{"floor":52,"key":"sneckomod:DiceRollPotion"}],"is_trial":false,"path_per_floor":["R","M","M","M","M","M","T","M","?","E","M","E","R","E","M","B",null,"R","M","M","?","M","E","T","?","E","$","M","T","$","M","M","B",null,"R","$","M","?","M","R","T","E","R","E","M","M","M","?","M","B",null,"E","$","R","B","B",null],"character_chosen":"THE_SNECKO","items_purchased":["Vajra","expansioncontent:StudyTheSpire","Medical Kit","OrangePellets","Bottled Tornado"],"campfire_rested":1,"item_purchase_floors":[27,27,30,36,53],"current_hp_per_floor":[99,99,99,95,88,87,87,87,68,53,32,9,53,33,25,25,99,99,99,88,82,40,24,24,59,29,43,36,36,41,41,20,23,99,99,78,71,71,68,68,68,65,75,70,64,64,48,30,86,81,109,75,90,109,98,68],"gold":61,"neow_bonus":"TEN_PERCENT_HP_BONUS","is_daily":false,"chose_seed":false,"campfire_upgraded":1,"win_rate":0.0,"timestamp":1611728107,"path_taken":["R","M","M","M","M","?","T","M","?","E","M","E","R","E","M","BOSS","R","M","M","?","M","E","T","?","E","$","M","?","$","M","M","BOSS","R","$","M","?","M","R","T","E","R","E","M","M","M","?","M","BOSS","E","$","R","BOSS","BOSS"],"items_purchased_type":["Relic","Card","Relic","Relic","Relic"],"build_version":"2020-12-22","purchased_purges":1,"victory":true,"max_hp_per_floor":[99,99,99,99,99,99,99,99,99,99,99,99,99,99,99,99,99,99,99,99,99,99,99,99,99,99,99,99,99,99,99,99,99,99,99,99,99,99,99,99,99,99,109,109,109,109,109,109,109,109,109,109,109,109,109,109],"card_choices":[{"not_picked":["sneckomod:QuickBite","sneckomod:MasterEye"],"picked":"sneckomod:Unknown0Cost","floor":2},{"not_picked":["sneckomod:DefensiveFlair","sneckomod:UnknownStrike"],"picked":"sneckomod:RainOfDice","floor":3},{"not_picked":["sneckomod:UnknownCommonAttack","sneckomod:RainOfDice"],"picked":"sneckomod:Nope","floor":4},{"not_picked":["sneckomod:Unknown1Cost","sneckomod:UnknownUncommonAttack"],"picked":"sneckomod:SoulDraw","floor":5},{"not_picked":["sneckomod:SoulRoll","sneckomod:UnknownDraw"],"picked":"sneckomod:UnknownUncommonAttack","floor":6},{"not_picked":["sneckomod:DiceBlock","sneckomod:Nope"],"picked":"sneckomod:ImprovisedAttack","floor":8},{"not_picked":["sneckomod:ImprovisedAttack","sneckomod:TrashToTreasure"],"picked":"sneckomod:UnknownBlock","floor":9},{"not_picked":["sneckomod:UnknownDraw","sneckomod:SoulDraw"],"picked":"sneckomod:Unknown3Cost","floor":10},{"not_picked":["sneckomod:Unknown1Cost","sneckomod:DiceBoulder"],"picked":"sneckomod:UnknownBlock","floor":11},{"not_picked":["sneckomod:SlitherStrike","sneckomod:IronFang"],"picked":"sneckomod:UnknownRareSkill","floor":12},{"not_picked":["sneckomod:DiceCrush","sneckomod:Unknown0Cost"],"picked":"sneckomod:UnknownWeak","floor":14},{"not_picked":["sneckomod:UnknownUncommonAttack","sneckomod:IronFang"],"picked":"sneckomod:SerpentIdol","floor":15},{"not_picked":["sneckomod:UnknownRarePower","sneckomod:UnknownBoss"],"picked":"sneckomod:MorePower","floor":16},{"not_picked":["sneckomod:SerpentIdol","sneckomod:UnknownCommonSkill"],"picked":"sneckomod:UnknownBlock+1","floor":19},{"not_picked":["sneckomod:TrashToTreasure+1","sneckomod:UnknownUncommonSkill+1"],"picked":"sneckomod:UnknownRarePower+1","floor":20},{"not_picked":["sneckomod:UnknownUncommonSkill","sneckomod:UnknownUncommonAttack+1"],"picked":"sneckomod:SoulCleanse","floor":20},{"not_picked":["sneckomod:UnknownClassGREEN+1","sneckomod:SnakeSap+1"],"picked":"sneckomod:Unknown2Cost+1","floor":22},{"not_picked":["sneckomod:QuickBite","sneckomod:SoulDraw"],"picked":"sneckomod:DefensiveFlair","floor":22},{"not_picked":["sneckomod:SoulExchange+1","sneckomod:SoulCleanse+1"],"picked":"sneckomod:Nope+1","floor":23},{"not_picked":["sneckomod:UnknownBlock","sneckomod:UnknownUncommonPower"],"picked":"sneckomod:SoulRoll+1","floor":23},{"not_picked":["sneckomod:UnknownBlock+1","sneckomod:UnknownWeak+1"],"picked":"sneckomod:SlitherStrike+1","floor":26},{"not_picked":["sneckomod:DefensiveFlair","sneckomod:UnknownCommonAttack"],"picked":"sneckomod:MorePower","floor":26},{"not_picked":["sneckomod:WideSting+1","sneckomod:UnknownCommonAttack+1"],"picked":"sneckomod:UnknownBoss+1","floor":27},{"not_picked":["sneckomod:UnknownCommonSkill","sneckomod:Nope+1"],"picked":"sneckomod:DiceCrush+1","floor":27},{"not_picked":["sneckomod:Nope+1","sneckomod:SoulRoll+1"],"picked":"sneckomod:ImprovisedGuard+1","floor":28},{"not_picked":["sneckomod:Nope+1","sneckomod:DiceCrush"],"picked":"sneckomod:UnknownClassGREEN+1","floor":28},{"not_picked":["sneckomod:SoulCleanse+1","sneckomod:UnknownBlock+1"],"picked":"sneckomod:QuickMove","floor":30},{"not_picked":["sneckomod:UnknownX+1","sneckomod:UnknownUncommonSkill+1"],"picked":"sneckomod:UnendingSupply+1","floor":31},{"not_picked":["sneckomod:UnknownUncommonSkill+1","sneckomod:SoulRoll+1"],"picked":"sneckomod:UnknownRareSkill+1","floor":31},{"not_picked":["sneckomod:UnknownClassRED","sneckomod:UnknownUncommonAttack+1"],"picked":"sneckomod:SerpentIdol","floor":31},{"not_picked":["sneckomod:Unknown2Cost+1","sneckomod:Unknown1Cost+1"],"picked":"sneckomod:QuickBite+1","floor":32},{"not_picked":["sneckomod:DiceBlock+1","sneckomod:DefensiveFlair+1"],"picked":"sneckomod:UnknownX+1","floor":32},{"not_picked":["sneckomod:IronFang","sneckomod:UnknownExhaust"],"picked":"sneckomod:SnekBeam+1","floor":32},{"not_picked":["sneckomod:DiceCrush+1","sneckomod:Unknown1Cost+1"],"picked":"sneckomod:SoulDraw+1","floor":33},{"not_picked":["sneckomod:Cheat","sneckomod:MorePower"],"picked":"sneckomod:UnknownRarePower","floor":33},{"not_picked":["sneckomod:Unknown2Cost+1","sneckomod:SerpentMind+1"],"picked":"sneckomod:UnlimitedRolls+1","floor":36},{"not_picked":["sneckomod:SnakeSap+1","sneckomod:MasterEye+1"],"picked":"sneckomod:UnknownRareSkill+1","floor":36},{"not_picked":["sneckomod:UnknownUncommonSkill","sneckomod:DefensiveFlair+1","sneckomod:SoulCleanse+1"],"picked":"SKIP","floor":36},{"not_picked":["sneckomod:IronFang+1","sneckomod:DefensiveFlair+1"],"picked":"sneckomod:WideSting+1","floor":37},{"not_picked":["sneckomod:Unknown3Cost","sneckomod:UnknownClassGUARDIAN"],"picked":"sneckomod:SerpentIdol+1","floor":37},{"not_picked":["sneckomod:SoulRoll","sneckomod:Nope","sneckomod:SlitherStrike"],"picked":"SKIP","floor":39},{"not_picked":["sneckomod:UnknownBlock+1","sneckomod:Cheat+1"],"picked":"sneckomod:ImprovisedAttack+1","floor":42},{"not_picked":["sneckomod:QuickBite+1","sneckomod:UnknownCommonSkill+1","sneckomod:UnknownBlock"],"picked":"SKIP","floor":42},{"not_picked":["sneckomod:RainOfDice","sneckomod:QuickMove","sneckomod:SnakeSap"],"picked":"SKIP","floor":44},{"not_picked":["sneckomod:Nope+1","sneckomod:SerpentIdol+1"],"picked":"sneckomod:SlitherStrike+1","floor":45},{"not_picked":["sneckomod:UnknownClassRED+1","sneckomod:Unknown0Cost+1","sneckomod:WideSting+1"],"picked":"SKIP","floor":45},{"not_picked":["sneckomod:UnknownCommonSkill","sneckomod:Unknown0Cost+1","sneckomod:SerpentIdol+1"],"picked":"SKIP","floor":46},{"not_picked":["sneckomod:Unknown0Cost+1","sneckomod:RainOfDice+1"],"picked":"sneckomod:SerpentMind+1","floor":47},{"not_picked":["sneckomod:ImprovisedGuard+1","sneckomod:Unknown0Cost+1"],"picked":"sneckomod:UnknownRareAttack+1","floor":47},{"not_picked":["sneckomod:QuickBite+1","sneckomod:Unknown3Cost"],"picked":"sneckomod:QuickMove+1","floor":47},{"not_picked":["sneckomod:UnknownClassGUARDIAN+1","sneckomod:Unknown1Cost","sneckomod:UnknownClassRED+1"],"picked":"SKIP","floor":49},{"not_picked":["sneckomod:UnknownDraw+1","sneckomod:DiceCrush+1"],"picked":"sneckomod:SnekBeam+1","floor":52},{"not_picked":["sneckomod:UnknownCommonAttack+1","sneckomod:Nope+1"],"picked":"sneckomod:QuickBite+1","floor":52}],"player_experience":1103064,"relics_obtained":[{"floor":7,"key":"Tiny Chest"},{"floor":10,"key":"Toy Ornithopter"},{"floor":12,"key":"Regal Pillow"},{"floor":14,"key":"Potion Belt"},{"floor":23,"key":"Girya"},{"floor":24,"key":"Blue Candle"},{"floor":26,"key":"Centennial Puzzle"},{"floor":29,"key":"MealTicket"},{"floor":42,"key":"Ginger"},{"floor":44,"key":"Gremlin Horn"},{"floor":48,"key":"Turnip"},{"floor":52,"key":"Eternal Feather"}],"event_choices":[{"damage_healed":0,"gold_gain":0,"player_choice":"Fight","damage_taken":0,"max_hp_gain":0,"max_hp_loss":0,"event_name":"Mysterious Sphere","floor":48,"gold_loss":0}],"is_beta":false,"boss_relics":[{"not_picked":["Busted Crown","SlaversCollar"],"picked":"Cursed Key"},{"not_picked":["Sozu","SacredBark"],"picked":"Fusion Hammer"}],"items_purged_floors":[36],"is_endless":false,"potions_floor_spawned":[2,4,8,9,11,19,26,28,32,37,39,42,47,49,52],"ascension_level":0}}