{"host":"1z4hbl9vfqrhg136","time":1611771346,"event":{"mods":["BaseMod","Minty Spire (QoL Compilation)"],"gold_per_floor":[115,115,132,147,222,222,250,250,250,250,276,276,288,317,317,392,392,409,422,451,451,475,510,510,510,510],"floor_reached":25,"language":"ENG","playtime":1423,"items_purged":[],"score":474,"play_id":"2c418942-bbde-493c-8376-63ad641766e1","local_time":"20210127181546","is_ascension_mode":true,"campfire_choices":[{"data":"Iron Wave","floor":6.0,"key":"SMITH"},{"floor":8.0,"key":"REST"},{"data":"Mind Blast","floor":10.0,"key":"SMITH"},{"floor":15,"key":"REST"},{"data":"Metallicize","floor":24,"key":"SMITH"}],"circlet_count":0,"master_deck":["AscendersBane","Strike_R","Strike_R","Strike_R","Strike_R","Strike_R","Defend_R","Defend_R","Defend_R","Defend_R","Bash","Mind Blast+1","Wild Strike","Iron Wave+1","Thunderclap","Clothesline","Double Tap","Metallicize+1","Dual Wield","Corruption","Evolve","Inflame","J.A.X.","Rage"],"relics":["Burning Blood","Mercury Hourglass","Darkstone Periapt","Regal Pillow","Smiling Mask","Meat on the Bone","Mark of Pain","Red Mask","Vajra","StrikeDummy"],"acts_visited":["Exordium","TheCity"],"potions_floor_usage":[23],"damage_taken":[{"damage":8.0,"enemies":"Cultist","floor":1.0,"turns":5.0},{"damage":7.0,"enemies":"Small Slimes","floor":3.0,"turns":3.0},{"damage":4.0,"enemies":"Jaw Worm","floor":4.0,"turns":4.0},{"damage":23.0,"enemies":"Lagavulin","floor":7.0,"turns":7.0},{"damage":13.0,"enemies":"3 Sentries","floor":11.0,"turns":6.0},{"damage":10,"enemies":"Gremlin Gang","floor":13,"turns":4},{"damage":30,"enemies":"Lagavulin","floor":14,"turns":7},{"damage":26,"enemies":"The Guardian","floor":16,"turns":17},{"damage":18,"enemies":"Spheric Guardian","floor":18,"turns":4},{"damage":25,"enemies":"Chosen","floor":19,"turns":4},{"damage":40,"enemies":"Masked Bandits","floor":20,"turns":5},{"damage":5,"enemies":"Slavers","floor":23,"turns":3},{"damage":38,"enemies":"Book of Stabbing","floor":25,"turns":4}],"seed_played":"-304642453150475052","potions_obtained":[{"floor":1.0,"key":"SteroidPotion"},{"floor":4.0,"key":"EssenceOfSteel"},{"floor":7.0,"key":"Fire Potion"},{"floor":20,"key":"AttackPotion"}],"is_trial":false,"path_per_floor":["M","?","M","M","?","R","E","R","T","R","E","?","M","E","R","B",null,"M","M","?","?","T","E","R","E"],"character_chosen":"IRONCLAD","items_purchased":[],"campfire_rested":2,"item_purchase_floors":[],"current_hp_per_floor":[66,48,47,49,38,38,21,43,43,43,36,36,32,8,45,37,66,54,47,25,25,25,38,38,0,0],"gold":510,"neow_bonus":"RANDOM_COLORLESS","is_daily":false,"chose_seed":false,"campfire_upgraded":3,"win_rate":0.0,"timestamp":1611771346,"path_taken":["M","?","M","M","?","R","E","R","T","R","E","?","?","E","R","BOSS","M","?","?","?","?","E","R","E"],"items_purchased_type":[],"build_version":"2020-12-22","purchased_purges":0,"victory":false,"max_hp_per_floor":[75,75,75,75,75,75,75,75,75,75,75,75,75,75,75,75,75,75,75,75,75,75,75,75,75,75],"card_choices":[{"not_picked":["Deep Breath","Madness"],"picked":"Mind Blast","floor":0.0},{"not_picked":["Clash","Armaments"],"picked":"Wild Strike","floor":1.0},{"not_picked":["Shrug It Off","Perfected Strike"],"picked":"Iron Wave","floor":3.0},{"not_picked":["Wild Strike","Flex"],"picked":"Thunderclap","floor":4.0},{"not_picked":["Anger","Juggernaut"],"picked":"Clothesline","floor":7.0},{"not_picked":["Clash","Searing Blow"],"picked":"Double Tap","floor":11.0},{"not_picked":["Pommel Strike","Shrug It Off"],"picked":"Metallicize","floor":13},{"not_picked":["Twin Strike","Rampage"],"picked":"Dual Wield","floor":14},{"not_picked":["Berserk","Brutality"],"picked":"Corruption","floor":16},{"not_picked":["Rampage","Warcry","Heavy Blade"],"picked":"SKIP","floor":18},{"not_picked":["Thunderclap","Sword Boomerang"],"picked":"Evolve","floor":19},{"not_picked":["Entrench","Dual Wield"],"picked":"Inflame","floor":20},{"not_picked":["Bloodletting","Exhume"],"picked":"Rage","floor":23}],"player_experience":1918238,"relics_obtained":[{"floor":7.0,"key":"Darkstone Periapt"},{"floor":9.0,"key":"Regal Pillow"},{"floor":11.0,"key":"Smiling Mask"},{"floor":14,"key":"Meat on the Bone"},{"floor":20,"key":"Red Mask"},{"floor":22,"key":"Vajra"},{"floor":23,"key":"StrikeDummy"}],"event_choices":[{"damage_healed":0.0,"max_hp_gain":0.0,"max_hp_loss":0.0,"gold_gain":0.0,"event_name":"Scrap Ooze","player_choice":"Success","floor":2.0,"gold_loss":0.0,"damage_taken":18.0,"relics_obtained":["Mercury Hourglass"]},{"damage_healed":0.0,"max_hp_gain":0.0,"max_hp_loss":0.0,"gold_gain":75.0,"event_name":"World of Goop","player_choice":"Gather Gold","floor":5.0,"gold_loss":0.0,"damage_taken":11.0},{"damage_healed":0.0,"max_hp_gain":0.0,"max_hp_loss":0.0,"gold_gain":0.0,"event_name":"Shining Light","player_choice":"Ignored","floor":12.0,"gold_loss":0.0,"damage_taken":0.0},{"damage_healed":0,"gold_gain":0,"player_choice":"Fought Bandits","damage_taken":0,"max_hp_gain":0,"max_hp_loss":0,"event_name":"Masked Bandits","floor":20,"gold_loss":0},{"damage_healed":0,"gold_gain":0,"player_choice":"Obtain J.A.X.","damage_taken":0,"max_hp_gain":0,"max_hp_loss":0,"event_name":"Drug Dealer","floor":21,"gold_loss":0,"cards_obtained":["J.A.X."]}],"is_beta":false,"boss_relics":[{"not_picked":["Velvet Choker","Sozu"],"picked":"Mark of Pain"}],"items_purged_floors":[],"is_endless":false,"potions_floor_spawned":[1,4,7,20],"killed_by":"Book of Stabbing","ascension_level":20}}