{"host":"gzk4gkgy3zij1c51","time":1611767339,"event":{"mods":["BaseMod","Colored Map","Downfall","Highlight Path","Marked Mod","Minty Spire (QoL Compilation)","Relic Stats","StSLib","everything is the same but u backflip on backflip"],"gold_per_floor":[99,116,128,144,48,48,48,48,48,74,91,191,221,236,253,253,253,253],"floor_reached":16,"language":"ENG","playtime":1128,"items_purged":[],"score":313,"play_id":"821506ea-b7fb-43c7-9a29-579a828c28b9","local_time":"20210127170859","is_ascension_mode":true,"campfire_choices":[{"floor":1,"key":"RECALL"},{"data":"Guardian:SentryBeam","floor":6,"key":"SMITH"},{"data":"Guardian:FuturePlans","floor":8,"key":"SMITH"}],"circlet_count":0,"master_deck":["AscendersBane","Guardian:Strike_Guardian","Guardian:Strike_Guardian","Guardian:Strike_Guardian","Guardian:Strike_Guardian","Guardian:Defend_Guardian","Guardian:Defend_Guardian","Guardian:Defend_Guardian","Guardian:Defend_Guardian","Guardian:CurlUp","Guardian:TwinSlam","Guardian:PrimingBeam","Guardian:SentryBeam+1","Guardian:Harden","Guardian:Planning","Guardian:FuturePlans+1","Guardian:ChargeUp","Guardian:Gem_Lightblue","downfall:Haunted","downfall:Haunted","downfall:Haunted","downfall:Icky","Writhe","Guardian:SphericShield","Guardian:PolyBeam","Guardian:Incinerate","Guardian:EvasiveProtocol"],"relics":["Guardian:ModeShifter","Potion Belt","Orichalcum","Odd Mushroom","Darkstone Periapt","Mercury Hourglass"],"acts_visited":["Exordium"],"potions_floor_usage":[11,11,11,11,13,14,16],"damage_taken":[{"damage":11,"enemies":"Small Slimes","floor":2,"turns":5},{"damage":7,"enemies":"Jaw Worm","floor":3,"turns":4},{"damage":8,"enemies":"2 Louse","floor":4,"turns":3},{"damage":10,"enemies":"downfall:FleeingMerchant","floor":5,"turns":4},{"damage":6,"enemies":"The Mushroom Lair","floor":10,"turns":5},{"damage":6,"enemies":"Exordium Thugs","floor":11,"turns":4},{"damage":29,"enemies":"3 Sentries","floor":13,"turns":11},{"damage":0,"enemies":"Exordium Wildlife","floor":14,"turns":3},{"damage":15,"enemies":"3 Louse","floor":15,"turns":3},{"damage":38,"enemies":"WA_ARCHETYPE_RETAIN","floor":16,"turns":7}],"seed_played":"-292623843610835464","potions_obtained":[{"floor":10,"key":"EntropicBrew"},{"floor":11,"key":"DistilledChaos"},{"floor":13,"key":"hexamod:SoulburnPotion"},{"floor":15,"key":"Regen Potion"}],"is_trial":false,"path_per_floor":["R","M","M","M","$","R","T","R","?","?","M","?","E","M","M","B"],"character_chosen":"GUARDIAN","items_purchased":["Guardian:FuturePlans"],"campfire_rested":0,"item_purchase_floors":[5],"current_hp_per_floor":[72,61,54,46,36,36,36,36,29,23,29,64,35,35,20,0,0,0],"gold":253,"neow_bonus":"RANDOM_COMMON_RELIC","is_daily":false,"chose_seed":false,"campfire_upgraded":2,"win_rate":0.0,"timestamp":1611767339,"path_taken":["R","M","M","M","$","R","T","R","?","?","M","?","E","M","M","BOSS"],"items_purchased_type":["Card"],"build_version":"2020-12-22","purchased_purges":0,"victory":false,"max_hp_per_floor":[80,80,80,80,80,80,80,80,80,80,80,115,115,115,115,115,115,115],"relic_stats":{"Darkstone Periapt":30,"counters":[10,49],"Orichalcum":[6],"obtain_stats":[{"Potion Belt":0,"Darkstone Periapt":12,"Guardian:ModeShifter":0,"Orichalcum":9,"Odd Mushroom":10,"Mercury Hourglass":13},{"Potion Belt":0,"Darkstone Periapt":6,"Guardian:ModeShifter":0,"Orichalcum":4,"Odd Mushroom":5,"Mercury Hourglass":7},{"Potion Belt":0,"Darkstone Periapt":25,"Guardian:ModeShifter":0,"Orichalcum":16,"Odd Mushroom":21,"Mercury Hourglass":36}],"Mercury Hourglass":[43]},"card_choices":[{"not_picked":["Guardian:Suspension","Guardian:VentSteam"],"picked":"Guardian:PrimingBeam","floor":2},{"not_picked":["Guardian:RollAttack","Guardian:BronzeOrb"],"picked":"Guardian:SentryBeam","floor":3},{"not_picked":["Guardian:SentryBeam","Guardian:PrimingBeam"],"picked":"Guardian:Harden","floor":4},{"not_picked":["Guardian:Gem_Yellow","Guardian:ShieldSpikes"],"picked":"Guardian:Planning","floor":5},{"not_picked":["Guardian:PrismaticBeam","Guardian:Gem_Green"],"picked":"Guardian:ChargeUp","floor":10},{"not_picked":["Guardian:Planning","Guardian:Gem_Fragmented"],"picked":"Guardian:Gem_Lightblue","floor":11},{"not_picked":["Guardian:VentSteam","Guardian:BronzeOrb"],"picked":"Guardian:PolyBeam","floor":13},{"not_picked":["Guardian:Harden","Guardian:PrismaticBeam"],"picked":"Guardian:Incinerate","floor":14},{"not_picked":["Guardian:Clone","Guardian:CrystalBeam"],"picked":"Guardian:EvasiveProtocol","floor":15}],"player_experience":1077689,"relics_obtained":[{"floor":10,"key":"Odd Mushroom"},{"floor":13,"key":"Mercury Hourglass"}],"event_choices":[{"damage_healed":0,"gold_gain":0,"player_choice":"Success","damage_taken":7,"relics_obtained":["Orichalcum"],"max_hp_gain":0,"max_hp_loss":0,"event_name":"Scrap Ooze","floor":9,"gold_loss":0},{"damage_healed":0,"gold_gain":0,"player_choice":"Fought Mushrooms","damage_taken":0,"max_hp_gain":0,"max_hp_loss":0,"event_name":"Mushrooms","floor":10,"gold_loss":0}],"is_beta":false,"boss_relics":[],"items_purged_floors":[],"is_endless":false,"potions_floor_spawned":[10,11,13,15],"killed_by":"WA_ARCHETYPE_RETAIN","ascension_level":12}}