{"host":"kg61lsvem4dxoat8","time":1611726331,"event":{"mods":["BaseMod","Colored Powertips","Minty Spire (QoL Compilation)","Quick Restart","Rare Cards Sparkle","Relic Stats","slay the spire mod where everything is the same but ironclad has a cowboy hat"],"gold_per_floor":[114,64,64,81,81,81,111,111],"floor_reached":7,"language":"ENG","playtime":49,"items_purged":[],"score":104,"play_id":"0489b2c5-e676-4fba-b963-6588b38ef1c5","local_time":"20210127134531","is_ascension_mode":true,"campfire_choices":[{"data":"Bash","floor":6,"key":"SMITH"}],"circlet_count":0,"master_deck":["Strike_R","Strike_R","Strike_R","Strike_R","Defend_R","Defend_R","Defend_R","Defend_R","Bash+1"],"relics":["Burning Blood","NeowsBlessing","Magic Flower","Torii"],"acts_visited":["Exordium"],"potions_floor_usage":[],"damage_taken":[{"damage":0,"enemies":"Small Slimes","floor":1,"turns":1},{"damage":0,"enemies":"Jaw Worm","floor":4,"turns":1},{"damage":0,"enemies":"3 Sentries","floor":7,"turns":1}],"seed_played":"-1454607886042630695","potions_obtained":[],"is_trial":false,"path_per_floor":["M","?","?","M","$","R","E"],"character_chosen":"IRONCLAD","items_purchased":[],"campfire_rested":0,"item_purchase_floors":[],"current_hp_per_floor":[78,78,66,75,75,75,80,80],"gold":111,"neow_bonus":"THREE_ENEMY_KILL","is_daily":false,"chose_seed":false,"campfire_upgraded":1,"win_rate":0.0,"timestamp":1611726331,"path_taken":["M","?","?","?","$","R","E"],"items_purchased_type":[],"build_version":"2020-12-22","purchased_purges":0,"victory":false,"max_hp_per_floor":[80,80,80,80,80,80,80,80],"relic_stats":{"Torii":0,"counters":[3,3],"Magic Flower":[3],"obtain_stats":[{"NeowsBlessing":0,"Torii":7,"Magic Flower":3,"Burning Blood":0},{"NeowsBlessing":0,"Torii":3,"Magic Flower":1,"Burning Blood":0},{"NeowsBlessing":0,"Torii":3,"Magic Flower":1,"Burning Blood":0}],"Burning Blood":20},"card_choices":[{"not_picked":["Havoc","Warcry","Iron Wave"],"picked":"SKIP","floor":1},{"not_picked":["Pommel Strike","Thunderclap","Combust"],"picked":"SKIP","floor":4}],"player_experience":1403068,"relics_obtained":[{"floor":7,"key":"Torii"}],"event_choices":[{"cards_removed":["Strike_R"],"damage_healed":0,"gold_gain":0,"player_choice":"Card Removal","damage_taken":0,"max_hp_gain":0,"max_hp_loss":0,"event_name":"The Cleric","floor":2,"gold_loss":50},{"damage_healed":0,"gold_gain":0,"player_choice":"Success","damage_taken":12,"relics_obtained":["Magic Flower"],"max_hp_gain":0,"max_hp_loss":0,"event_name":"Scrap Ooze","floor":3,"gold_loss":0}],"is_beta":false,"boss_relics":[],"items_purged_floors":[],"is_endless":false,"potions_floor_spawned":[],"killed_by":"3 Sentries","ascension_level":8}}