{"host":"6ayekdpky30mcb5q","time":1611720483,"event":{"mods":["Act Like it!","BaseMod","Colored Map","Downfall","GifTheSpireLib","Highlight Path","Minty Spire (QoL Compilation)","StSLib","WoW Paladin Mod"],"gold_per_floor":[99,117,127,127,144,144,168,181,140,152,167,7,18,38,48,150,150,150,163,182,192,72,90,90,117,129,126,148,160,52,70,83,179,179,179,192,210,222,19,19,46,63,75,75,75,30,30,41,56,56],"floor_reached":51,"language":"ENG","playtime":4998,"items_purged":[],"score":626,"play_id":"92c49ad0-82b5-4d03-9a79-677504570d2e","local_time":"20210126220803","is_ascension_mode":false,"campfire_choices":[{"data":"Guardian:CurlUp","floor":1,"key":"SMITH"},{"data":"Guardian:Recover","floor":6,"key":"SMITH"},{"data":"Guardian:MultiBeam","floor":18,"key":"SMITH"},{"data":"Guardian:ConstructionForm","floor":26,"key":"SMITH"},{"data":"Mayhem","floor":35,"key":"SMITH"},{"data":"Guardian:StasisField","floor":44,"key":"SMITH"},{"data":"Guardian:PiercingHide","floor":47,"key":"SMITH"}],"circlet_count":0,"master_deck":["Guardian:Strike_Guardian","Guardian:Strike_Guardian","Guardian:Defend_Guardian","Guardian:Defend_Guardian","Guardian:Defend_Guardian","Guardian:Defend_Guardian","Guardian:CurlUp+1","Guardian:TwinSlam","Guardian:ChargeCore+1","Guardian:ShieldSpikes","Guardian:Planning","Guardian:Recover+1","Guardian:ExploitGems","Guardian:TemporalStrike","Guardian:RollAttack","Guardian:MultiBeam+1","Guardian:Preprogram","Guardian:AncientConstruct","Guardian:RevengeProtocol","Guardian:TemporalStrike","Guardian:ConstructionForm+1","Guardian:PiercingHide+1","Guardian:StasisStrike","Mayhem+1","Guardian:FloatingOrbs+1","Guardian:SpikerProtocol","Guardian:CrystalBeam","Guardian:TemporalStrike+1","Guardian:PiercingHide","Normality","Guardian:StasisField+1","Guardian:SpikerProtocol","Guardian:CrystalBeam","Guardian:Harden"],"relics":["Guardian:ModeShifter","Whetstone","Sling","SlaversCollar","Darkstone Periapt","MawBank","PreservedInsect","Lee\u0027s Waffle","Cursed Key","Happy Flower","Smiling Mask"],"acts_visited":["Exordium","TheCity","TheBeyond"],"potions_floor_usage":[16,27,30,42],"damage_taken":[{"damage":6,"enemies":"Jaw Worm","floor":2,"turns":5},{"damage":0,"enemies":"Cultist","floor":3,"turns":5},{"damage":2,"enemies":"2 Louse","floor":5,"turns":4},{"damage":4,"enemies":"Exordium Wildlife","floor":8,"turns":7},{"damage":0,"enemies":"downfall:FleeingMerchant","floor":9,"turns":4},{"damage":4,"enemies":"Gremlin Gang","floor":10,"turns":4},{"damage":2,"enemies":"Large Slime","floor":11,"turns":6},{"damage":3,"enemies":"downfall:FleeingMerchant","floor":12,"turns":4},{"damage":0,"enemies":"Blue Slaver","floor":13,"turns":4},{"damage":1,"enemies":"Red Slaver","floor":14,"turns":3},{"damage":0,"enemies":"2 Fungi Beasts","floor":15,"turns":3},{"damage":58,"enemies":"DF_ARCHETYPE_STREAMLINE","floor":16,"turns":13},{"damage":2,"enemies":"Spheric Guardian","floor":19,"turns":5},{"damage":0,"enemies":"3 Byrds","floor":20,"turns":4},{"damage":12,"enemies":"Snecko","floor":21,"turns":5},{"damage":0,"enemies":"downfall:FleeingMerchant","floor":22,"turns":4},{"damage":14,"enemies":"Snake Plant","floor":23,"turns":7},{"damage":0,"enemies":"downfall:FleeingMerchant","floor":27,"turns":4},{"damage":2,"enemies":"Chosen and Byrds","floor":28,"turns":4},{"damage":22,"enemies":"downfall:FleeingMerchant","floor":30,"turns":3},{"damage":3,"enemies":"Centurion and Healer","floor":31,"turns":8},{"damage":16,"enemies":"Snake Plant","floor":32,"turns":7},{"damage":13,"enemies":"WA_ARCHETYPE_CALM","floor":33,"turns":8},{"damage":0,"enemies":"Orb Walker","floor":36,"turns":4},{"damage":14,"enemies":"3 Darklings","floor":37,"turns":4},{"damage":20,"enemies":"Transient","floor":38,"turns":5},{"damage":0,"enemies":"Jaw Worm Horde","floor":42,"turns":3},{"damage":24,"enemies":"3 Darklings","floor":43,"turns":7},{"damage":12,"enemies":"Spire Growth","floor":48,"turns":4},{"damage":7,"enemies":"4 Shapes","floor":49,"turns":4},{"damage":44,"enemies":"SI_POISON_ARCHETYPE","floor":50,"turns":14}],"seed_played":"-7724833570931572562","potions_obtained":[{"floor":5,"key":"Fire Potion"},{"floor":8,"key":"Weak Potion"},{"floor":10,"key":"SkillPotion"},{"floor":16,"key":"Dexterity Potion"},{"floor":31,"key":"Fire Potion"},{"floor":32,"key":"SneckoOil"},{"floor":38,"key":"DuplicationPotion"},{"floor":48,"key":"Guardian:StasisDiscoveryPotion"}],"is_trial":false,"path_per_floor":["R","M","M","?","M","R","T","M","$","M","M","$","M","M","M","B",null,"R","M","M","M","$","M","T","T","R","$","M","?","$","M","M","B",null,"R","M","M","M","$","?","T","M","M","R","?","$","R","M","M","B",null],"character_chosen":"GUARDIAN","items_purchased":["Guardian:TemporalStrike","Sling","Guardian:Gem_Yellow","Guardian:Gem_Cyan","Mayhem","PreservedInsect","Lee\u0027s Waffle","Guardian:PiercingHide","Happy Flower","Guardian:CrystalBeam"],"campfire_rested":0,"item_purchase_floors":[9,12,22,22,30,30,30,39,39,46],"current_hp_per_floor":[88,82,82,82,80,80,80,76,76,72,70,67,67,66,66,8,88,88,86,86,74,74,60,60,60,60,60,58,58,95,92,76,63,95,95,95,81,61,61,61,67,67,43,43,88,88,88,76,69,25],"gold":56,"neow_bonus":"TEN_PERCENT_HP_BONUS","is_daily":false,"chose_seed":false,"campfire_upgraded":7,"win_rate":0.0,"timestamp":1611720483,"path_taken":["R","M","M","?","M","R","T","M","$","?","M","$","M","M","M","BOSS","R","M","M","M","?","M","T","?","R","$","M","?","$","?","M","BOSS","R","M","M","M","$","?","T","?","M","R","?","$","R","M","M","BOSS"],"items_purchased_type":["Card","Relic","Card","Card","Card","Relic","Relic","Card","Relic","Card"],"build_version":"2020-12-22","purchased_purges":0,"victory":true,"max_hp_per_floor":[88,88,88,88,88,88,88,88,88,88,88,88,88,88,88,88,88,88,88,88,88,88,88,88,88,88,88,88,88,95,95,95,95,95,95,95,95,95,95,95,101,101,101,101,88,88,88,88,88,88],"card_choices":[{"not_picked":["Guardian:BodySlam","Guardian:Reroute"],"picked":"Guardian:ChargeCore","floor":2},{"not_picked":["Guardian:RollAttack","Guardian:TemporalStrike"],"picked":"Guardian:ShieldSpikes","floor":3},{"not_picked":["Guardian:Preprogram","Guardian:ShieldCharger"],"picked":"Guardian:Recover","floor":5},{"not_picked":["Guardian:Planning","Guardian:Harden"],"picked":"Guardian:ExploitGems","floor":8},{"not_picked":["Guardian:DecasProtection","Guardian:StasisField"],"picked":"Guardian:Gem_Crimson","floor":9},{"not_picked":["Guardian:Gem_Red","Guardian:PrimingBeam"],"picked":"Guardian:Gem_Yellow","floor":10},{"not_picked":["Guardian:WalkerClaw","Guardian:Incinerate","Guardian:Emergency"],"picked":"SKIP","floor":11},{"not_picked":["Guardian:Incinerate","Guardian:Planning"],"picked":"Guardian:RollAttack","floor":12},{"not_picked":["Guardian:CrystalBeam","Guardian:ShieldCharger"],"picked":"Guardian:MultiBeam","floor":13},{"not_picked":["Guardian:EvasiveProtocol","Guardian:TimeCapacitor"],"picked":"Guardian:Preprogram","floor":14},{"not_picked":["Guardian:Suspension","Guardian:Reroute"],"picked":"Guardian:AncientConstruct","floor":15},{"not_picked":["Guardian:FastForward","Guardian:BaubleBeam"],"picked":"Guardian:RevengeProtocol","floor":16},{"not_picked":["Guardian:Gem_White","Guardian:ChargeCore+1"],"picked":"Guardian:TemporalStrike","floor":19},{"not_picked":["Guardian:Preprogram","Guardian:EvasiveProtocol"],"picked":"Guardian:Gem_Lightblue","floor":20},{"not_picked":["Guardian:Harden","Guardian:FloatingOrbs"],"picked":"Guardian:Gem_Red","floor":21},{"not_picked":["Guardian:Clone","Guardian:PrismaticBeam+1"],"picked":"Guardian:ConstructionForm","floor":22},{"not_picked":["Guardian:Gem_Lightblue","Guardian:TimeCapacitor"],"picked":"Guardian:Gem_Crimson","floor":23},{"not_picked":["Guardian:DecasProtection","Guardian:Gem_Red"],"picked":"Guardian:PiercingHide","floor":27},{"not_picked":["Guardian:RollAttack+1","Guardian:Gem_Lightblue"],"picked":"Guardian:StasisStrike","floor":28},{"not_picked":["Guardian:Planning+1","Guardian:Incinerate"],"picked":"Guardian:Gem_Cyan","floor":30},{"not_picked":["Guardian:CrystalBeam","Guardian:Preprogram+1"],"picked":"Guardian:FloatingOrbs+1","floor":31},{"not_picked":["Guardian:BronzeArmor","Guardian:Planning"],"picked":"Guardian:SpikerProtocol","floor":32},{"not_picked":["Guardian:StasisField","Guardian:BaubleBeam"],"picked":"Guardian:Gem_Synthetic","floor":33},{"not_picked":["Guardian:WalkerClaw+1","Guardian:Gem_Red"],"picked":"Guardian:Gem_White","floor":36},{"not_picked":["Guardian:Gem_Green","Guardian:Recover+1"],"picked":"Guardian:CrystalBeam","floor":37},{"not_picked":["Guardian:Planning+1","Guardian:Gem_Red"],"picked":"Guardian:TemporalStrike+1","floor":38},{"not_picked":["Guardian:Gem_Lightblue","Guardian:TemporalStrike"],"picked":"Guardian:StasisField","floor":42},{"not_picked":["Guardian:Emergency","Guardian:MultiBeam+1"],"picked":"Guardian:SpikerProtocol","floor":43},{"not_picked":["Guardian:RollAttack","Guardian:Suspension","Guardian:PiercingHide+1"],"picked":"SKIP","floor":48},{"not_picked":["Guardian:SpikerProtocol+1","Guardian:DonusPower"],"picked":"Guardian:Harden","floor":49}],"player_experience":607202,"relics_obtained":[{"floor":7,"key":"Whetstone"},{"floor":24,"key":"Darkstone Periapt"},{"floor":25,"key":"MawBank"},{"floor":41,"key":"Smiling Mask"}],"event_choices":[],"is_beta":false,"boss_relics":[{"not_picked":["Tiny House","Astrolabe"],"picked":"SlaversCollar"},{"not_picked":["Pandora\u0027s Box","SacredBark"],"picked":"Cursed Key"}],"items_purged_floors":[],"is_endless":false,"potions_floor_spawned":[5,8,10,13,14,16,19,20,31,32,33,37,38,48],"ascension_level":0}}