{"host":"o6j8h35axmoodbwy","time":1611754500,"event":{"mods":["2.2 Compatiblity","Act Like it!","BaseMod","Colored Map","Colored Powertips","Gensokyo","MarisaÅiñ∂âJÅ@ñÇóùçπÅj","Minty Spire (QoL Compilation)","Prisma Mod","Quick Restart","Shop Mod","StSLib","SuperFastMode","Td1madao Mod"],"gold_per_floor":[112,187,63,63,63,76,76,97,170,170,189,189,189],"floor_reached":12,"language":"JPN","playtime":376,"items_purged":[],"score":116,"play_id":"fec9ab15-19b9-4f2e-bbfb-835c7dd5732f","local_time":"20210127223500","is_ascension_mode":true,"campfire_choices":[{"data":"Searing Blow","floor":7,"key":"SMITH"},{"data":"Searing Blow+1","floor":10,"key":"SMITH"}],"circlet_count":0,"master_deck":["AscendersBane","Strike_R","Strike_R","Strike_R","Strike_R","Defend_R","Defend_R","Defend_R","Defend_R","Bash","Burning Pact","Searing Blow+2","Shrug It Off","Second Wind","Dark Embrace+1"],"relics":["Burning Blood","Bag of Preparation","Golden Idol","Frozen Egg 2"],"acts_visited":["Exordium"],"potions_floor_usage":[],"damage_taken":[{"damage":6,"enemies":"Jaw Worm","floor":1,"turns":5},{"damage":4,"enemies":"2 Louse","floor":6,"turns":5},{"damage":10,"enemies":"Small Slimes","floor":8,"turns":5},{"damage":14,"enemies":"Exordium Wildlife","floor":11,"turns":6},{"damage":29,"enemies":"Gremlin Nob","floor":12,"turns":3}],"seed_played":"-6529497835627792799","potions_obtained":[],"is_trial":false,"path_per_floor":["M","?","$","?","?","M","R","M","T","R","M","E"],"character_chosen":"IRONCLAD","items_purchased":["Searing Blow","Shrug It Off"],"campfire_rested":0,"item_purchase_floors":[3,3],"current_hp_per_floor":[68,57,57,39,32,34,34,30,30,30,22,0,0],"gold":189,"neow_bonus":"RANDOM_COMMON_RELIC","is_daily":false,"chose_seed":false,"campfire_upgraded":2,"win_rate":0.0,"timestamp":1611754500,"path_taken":["M","?","$","?","?","M","R","M","T","R","M","E"],"items_purchased_type":["Card","Card"],"build_version":"2020-12-22","purchased_purges":0,"victory":false,"max_hp_per_floor":[75,75,75,75,75,75,75,75,75,75,75,75,75],"card_choices":[{"not_picked":["Armaments","Perfected Strike"],"picked":"Burning Pact","floor":1},{"not_picked":["Warcry","Heavy Blade","Rage"],"picked":"SKIP","floor":6},{"not_picked":["Clothesline","Spot Weakness"],"picked":"Second Wind","floor":8},{"not_picked":["Clash","Clothesline"],"picked":"Dark Embrace+1","floor":11}],"player_experience":594896,"relics_obtained":[{"floor":9,"key":"Frozen Egg 2"}],"event_choices":[{"damage_healed":0,"gold_gain":75,"player_choice":"Gather Gold","damage_taken":11,"max_hp_gain":0,"max_hp_loss":0,"event_name":"World of Goop","floor":2,"gold_loss":0},{"damage_healed":0,"gold_gain":0,"player_choice":"Take Damage","damage_taken":18,"relics_obtained":["Golden Idol"],"max_hp_gain":0,"max_hp_loss":0,"event_name":"Golden Idol","floor":4,"gold_loss":0},{"cards_removed":["Strike_R"],"damage_healed":0,"gold_gain":0,"player_choice":"Card Removal","damage_taken":7,"max_hp_gain":0,"max_hp_loss":0,"event_name":"Golden Wing","floor":5,"gold_loss":0}],"is_beta":false,"boss_relics":[],"items_purged_floors":[],"is_endless":false,"potions_floor_spawned":[],"killed_by":"Gremlin Nob","ascension_level":14}}