{"host":"w4itzgfiflucot85","time":1611721241,"event":{"mods":["2.2 Compatiblity","BaseMod","Bestiary","Better Note","BetterRewards","Colored Map","Conspire","Highlight Path","Infinite Spire","Minty Spire (QoL Compilation)","Permanent Neow","Replay The Spire","StSLib","The Bug Knight","The Dragon Tamer","The Jungle"],"gold_per_floor":[117,132,150,164,164,194,194,226,226,260,260,286,299,399,399,504,504,520,537,392,392],"floor_reached":20,"language":"ENG","playtime":832,"items_purged":[],"score":292,"play_id":"f0c1b5d2-b6ed-4fa4-b74a-b5c967373739","local_time":"20210126232041","is_ascension_mode":true,"campfire_choices":[{"data":"Eruption","floor":7,"key":"SMITH"},{"data":"LessonLearned","floor":11,"key":"SMITH"},{"data":"BattleHymn","floor":15,"key":"SMITH"}],"circlet_count":0,"master_deck":["Strike_P","Strike_P+1","Strike_P+1","Strike_P","Defend_P","Defend_P","Defend_P+1","Defend_P","Eruption+1","Vigilance","Indignation+1","FlurryOfBlows","BattleHymn+1","Adaptation","LessonLearned+1","ReplayTheSpireMod:Black Plague","Crescendo+1","TalkToTheHand","Conclude+1"],"relics":["Replay:Antivirus Software","Thread and Needle","DTMod:PactStone","Magic Flower","ReplayTheSpireMod:Spearhead","DTMod:BindingString","infinitespire:Chaos"],"acts_visited":["Exordium","theJungle:Jungle"],"potions_floor_usage":[],"damage_taken":[{"damage":0,"enemies":"Cultist","floor":1,"turns":2},{"damage":0,"enemies":"Small Slimes","floor":2,"turns":2},{"damage":0,"enemies":"Jaw Worm","floor":3,"turns":2},{"damage":13,"enemies":"Red Slaver","floor":4,"turns":4},{"damage":16,"enemies":"Gremlin Nob","floor":6,"turns":3},{"damage":0,"enemies":"Lagavulin","floor":8,"turns":4},{"damage":10,"enemies":"Gremlin Nob","floor":10,"turns":3},{"damage":0,"enemies":"Lagavulin","floor":12,"turns":4},{"damage":0,"enemies":"Exordium Wildlife","floor":13,"turns":3},{"damage":2,"enemies":"Hexaghost","floor":16,"turns":7},{"damage":12,"enemies":"theJungle:MUSHROOMGANG","floor":18,"turns":3},{"damage":9,"enemies":"theJungle:5_Spyders","floor":19,"turns":5}],"seed_played":"7075552128847171271","potions_obtained":[{"floor":1,"key":"PowerPotion"},{"floor":4,"key":"Regen Potion"},{"floor":8,"key":"Dexterity Potion"}],"is_trial":false,"path_per_floor":["M","M","M","M","?","E","R","E","T","E","R","E","M","?","R","B",null,"M","M","$"],"character_chosen":"WATCHER","items_purchased":["infinitespire:Chaos"],"campfire_rested":0,"item_purchase_floors":[20],"current_hp_per_floor":[72,72,72,59,41,32,32,32,32,22,31,31,31,31,40,38,79,67,58,58,58],"gold":392,"neow_bonus":"THREE_CARDS","is_daily":false,"chose_seed":false,"campfire_upgraded":3,"win_rate":0.0,"timestamp":1611721241,"path_taken":["M","M","?","M","?","E","R","E","T","E","R","E","M","?","R","BOSS","M","M","$"],"items_purchased_type":["Relic"],"build_version":"2020-12-22","purchased_purges":0,"victory":false,"max_hp_per_floor":[72,72,72,72,72,79,79,79,79,79,79,79,79,79,79,79,79,79,79,79,79],"card_choices":[{"not_picked":["Prostrate","FlurryOfBlows"],"picked":"Indignation","floor":0},{"not_picked":["WreathOfFlame","Replay:Cycle"],"picked":"FlurryOfBlows","floor":1},{"not_picked":["Consecrate","EmptyFist"],"picked":"BattleHymn","floor":2},{"not_picked":["Replay:DivineShield","Conclude"],"picked":"Adaptation","floor":3},{"not_picked":["WindmillStrike","Vengeance"],"picked":"LessonLearned","floor":4},{"not_picked":["infinitespire:DeathsTouch","Replay:Fractal Strike"],"picked":"ReplayTheSpireMod:Black Plague","floor":5},{"not_picked":["Replay:ManipulateFuture","Prostrate","PathToVictory"],"picked":"SKIP","floor":6},{"not_picked":["Replay:ManipulateFuture","BowlingBash"],"picked":"Crescendo","floor":8},{"not_picked":["EmptyFist","ForeignInfluence","Consecrate"],"picked":"SKIP","floor":10},{"not_picked":["EmptyFist","Wireheading"],"picked":"TalkToTheHand","floor":12},{"not_picked":["Prostrate","Replay:Vibes","SashWhip"],"picked":"SKIP","floor":13},{"not_picked":["BowlingBash","Meditate+1"],"picked":"Conclude+1","floor":18},{"not_picked":["PathToVictory+1","Swivel+1","Crescendo"],"picked":"SKIP","floor":19}],"player_experience":141672,"relics_obtained":[{"floor":6,"key":"Strawberry"},{"floor":8,"key":"Eternal Feather"},{"floor":10,"key":"Counterbalance"},{"floor":12,"key":"War Paint"}],"event_choices":[{"damage_healed":0,"gold_gain":100,"player_choice":"Pray","damage_taken":0,"max_hp_gain":0,"max_hp_loss":0,"event_name":"Golden Shrine","floor":14,"gold_loss":0}],"is_beta":false,"boss_relics":[{"not_picked":["Replay:Bronze Core","Astrolabe"],"picked":"Fusion Hammer"}],"items_purged_floors":[],"is_endless":false,"potions_floor_spawned":[1,4,8,13,16],"ascension_level":3}}