{"host":"6koe3tp991t999dm","time":1611742373,"event":{"mods":["100% Spire Juice","Act Like it!","Arknights The Spire","Astrologer","BaseMod","Bestiary","Better Third Choice","CapriCore","Colored Powertips","DeckTracker","Downfall","Gensokyo","Halation","Highlight Path","Hubris","Infinite Spire","KinomotoSakuraMod(木之本?)","Koishi","Lobotomy","LobotomyExtend","Marisa（霧雨　魔理沙）","Minty Spire (QoL Compilation)","Quick Restart","Rare Cards Sparkle","Relic Stats","Remilia（蕾米莉?）","Replay The Spire","RumiaBox-露米?的神秘盒子","StSLib","The Alterego","The Immortal","The Jungle","The Mystic","The Senshi","WarShipGirlsR/??少女R mod","Yakumo Yukari mod","Youmu（魂魄妖梦）","vexMod"],"gold_per_floor":[118,118,133,133,33,63,63,80,106,106,118,118,31,50,50,146,146,159,39,49,28,28,28,63,63,63,92,92,70,70],"floor_reached":29,"language":"ENG","playtime":1820,"items_purged":[],"score":271,"play_id":"b2b20acd-bbec-4bb9-9401-7bb326c6ad29","local_time":"20210127111253","is_ascension_mode":false,"campfire_choices":[{"data":"Moonworks:AwakeningOfTalent","floor":7.0,"key":"SMITH"},{"floor":15.0,"key":"REST"},{"data":"Moonworks:MetallicMonocoque","floor":23,"key":"SMITH"},{"floor":25,"key":"REST"}],"circlet_count":0,"master_deck":["Moonworks:Strike","Moonworks:Strike","Moonworks:Strike","Moonworks:Defend","Moonworks:Defend","Moonworks:Defend","Moonworks:Defend","Moonworks:Ambush","Moonworks:LongDistanceShot+1","Moonworks:AwakeningOfTalent+1","Moonworks:TacticalRetreat","Moonworks:LulusLuckyEgg","Moonworks:IndiscriminateFireSupport","Moonworks:SakisCookie","Moonworks:LulusLuckyEgg","Moonworks:CloudOfSeagulls","Moonworks:BackdoorTrade","Moonworks:CloudOfSeagulls","Moonworks:MetallicMonocoque+1","Moonworks:BigBangBell","Moonworks:CloudOfSeagulls+1","Moonworks:JonathanRush","Moonworks:EvilSpyWorkPreparation","Moonworks:LulusLuckyEgg","Moonworks:ImOnFire"],"relics":["Moonworks:BrokenBomb","Moonworks:Homemark","ScarletDevilRocket","LetterFromLob","Simple Rune","halation:PrussianBluePaint","halation:SmartPhone","Mummified Hand","hubris:CrystalStatue"],"acts_visited":["Exordium","TheCity"],"potions_floor_usage":[24,27],"damage_taken":[{"damage":0.0,"enemies":"Small Slimes","floor":1.0,"turns":2.0},{"damage":0.0,"enemies":"Cultist","floor":3.0,"turns":4.0},{"damage":0.0,"enemies":"2 Louse","floor":5.0,"turns":3.0},{"damage":3.0,"enemies":"Replay:BlueRogue","floor":6.0,"turns":8.0},{"damage":0.0,"enemies":"2 Fungi Beasts","floor":8.0,"turns":2.0},{"damage":0.0,"enemies":"Exordium Thugs","floor":11.0,"turns":3.0},{"damage":12.0,"enemies":"Gremlin Nob","floor":13.0,"turns":5.0},{"damage":0.0,"enemies":"Large Slime","floor":14.0,"turns":2.0},{"damage":9.0,"enemies":"Hexaghost","floor":16.0,"turns":12.0},{"damage":2,"enemies":"3 Byrds","floor":18,"turns":5},{"damage":5,"enemies":"Chosen","floor":20,"turns":5},{"damage":25,"enemies":"Book of Stabbing","floor":24,"turns":7},{"damage":28,"enemies":"Nightmare","floor":27,"turns":8}],"seed_played":"1420579718260770114","potions_obtained":[{"floor":3.0,"key":"champ:CounterPotion"},{"floor":5.0,"key":"sneckomod:MuddlingPotion"},{"floor":8.0,"key":"Cursed Concoction"},{"floor":10.0,"key":"LifebloodPotion"},{"floor":10.0,"key":"EntropicBrew"},{"floor":13.0,"key":"Dexterity Potion"},{"floor":18,"key":"Languid Potion"}],"is_trial":false,"path_per_floor":["M","?","M","?","M","E","R","M","T","?","M","?","E","M","R","B",null,"M","?","M","?","?","R","E","R","T","NM","?","$"],"character_chosen":"THE_STARBREAKER","items_purchased":["Moonworks:ImOnFire"],"campfire_rested":2,"item_purchase_floors":[29],"current_hp_per_floor":[60,60,60,48,48,45,45,45,45,45,45,45,33,33,51,42,60,53,53,48,48,48,48,25,43,43,11,5,0,0],"gold":70,"neow_bonus":"RANDOM_EVENT","is_daily":false,"chose_seed":false,"campfire_upgraded":2,"win_rate":0.0,"timestamp":1611742373,"path_taken":["M","?","?","?","M","E","R","M","T","?","?","?","E","M","R","BOSS","M","?","M","?","?","R","E","R","T","NM","?","$"],"items_purchased_type":["Card"],"build_version":"2020-12-22","purchased_purges":0,"victory":false,"max_hp_per_floor":[60,60,60,60,60,60,60,60,60,60,60,60,60,60,60,60,60,60,60,60,60,60,60,60,60,60,60,60,60,60],"relic_stats":{"counters":[13,66],"Mummified Hand":[1],"obtain_stats":[{"halation:SmartPhone":17,"ScarletDevilRocket":6,"hubris:CrystalStatue":26,"halation:PrussianBluePaint":13,"Mummified Hand":24,"Moonworks:Homemark":0,"Simple Rune":9,"LetterFromLob":6,"Moonworks:BrokenBomb":0},{"halation:SmartPhone":9,"ScarletDevilRocket":4,"hubris:CrystalStatue":12,"halation:PrussianBluePaint":7,"Mummified Hand":12,"Moonworks:Homemark":0,"Simple Rune":5,"LetterFromLob":4,"Moonworks:BrokenBomb":0},{"halation:SmartPhone":41,"ScarletDevilRocket":17,"hubris:CrystalStatue":58,"halation:PrussianBluePaint":27,"Mummified Hand":58,"Moonworks:Homemark":0,"Simple Rune":19,"LetterFromLob":17,"Moonworks:BrokenBomb":0}]},"card_choices":[{"not_picked":["Moonworks:ScrambledEve","Moonworks:UnluckyCharm"],"picked":"Moonworks:TacticalRetreat","floor":1.0},{"not_picked":["Moonworks:RagingMadness","Moonworks:Poppoformation"],"picked":"Moonworks:LulusLuckyEgg","floor":3.0},{"not_picked":["Moonworks:EvilSpyWorkPreparation","Moonworks:CloudOfSeagulls"],"picked":"Moonworks:IndiscriminateFireSupport","floor":5.0},{"not_picked":["Moonworks:BigMagnum","Moonworks:JonathanRush"],"picked":"Moonworks:SakisCookie","floor":6.0},{"not_picked":["Moonworks:Flamethrower","Moonworks:ImOnFire"],"picked":"Moonworks:LulusLuckyEgg","floor":8.0},{"not_picked":["Moonworks:JonathanRush","Moonworks:ImOnFire"],"picked":"Moonworks:CloudOfSeagulls","floor":11.0},{"not_picked":["Moonworks:ForcedRevival","Moonworks:TreasureThief"],"picked":"Moonworks:BackdoorTrade","floor":13.0},{"not_picked":["Moonworks:BigMagnum","Moonworks:LulusLuckyEgg"],"picked":"Moonworks:CloudOfSeagulls","floor":14.0},{"not_picked":["Moonworks:OutOfAmmo","Moonworks:FinalBattle"],"picked":"Moonworks:MetallicMonocoque","floor":16.0},{"not_picked":["Moonworks:Dinner","Moonworks:ReproductionOfRecords"],"picked":"Moonworks:BigBangBell","floor":18},{"not_picked":["Moonworks:JonathanRush+1","Moonworks:ImOnFire"],"picked":"Moonworks:CloudOfSeagulls+1","floor":20},{"not_picked":["Moonworks:TreasureThief","Moonworks:EvilSpyWorkPreparation+1"],"picked":"Moonworks:JonathanRush","floor":24},{"not_picked":["Moonworks:NicePresent","Moonworks:JonathanRush"],"picked":"Moonworks:EvilSpyWorkPreparation","floor":27}],"player_experience":35846,"relics_obtained":[{"floor":6.0,"key":"ScarletDevilRocket"},{"floor":6.0,"key":"LetterFromLob"},{"floor":9.0,"key":"Simple Rune"},{"floor":13.0,"key":"halation:PrussianBluePaint"},{"floor":24,"key":"Mummified Hand"},{"floor":26,"key":"hubris:CrystalStatue"}],"event_choices":[{"damage_healed":0.0,"max_hp_gain":0.0,"max_hp_loss":0.0,"gold_gain":0.0,"event_name":"NoteForYourself","player_choice":"Ignored","floor":2.0,"gold_loss":0.0,"damage_taken":0.0},{"damage_healed":60.0,"max_hp_gain":0.0,"max_hp_loss":60.0,"gold_gain":0.0,"event_name":"betterThird:BetterShining","player_choice":"Upgrade","floor":4.0,"gold_loss":0.0,"damage_taken":12.0,"cards_upgraded":["Moonworks:LongDistanceShot","Moonworks:Defend"]},{"damage_healed":0.0,"max_hp_gain":0.0,"max_hp_loss":0.0,"gold_gain":0.0,"event_name":"Lab","player_choice":"Got Potions","floor":10.0,"gold_loss":0.0,"damage_taken":0.0},{"damage_healed":0,"gold_gain":0,"player_choice":"Ignored","damage_taken":0,"max_hp_gain":0,"max_hp_loss":0,"event_name":"Beggar","floor":19,"gold_loss":0},{"damage_healed":0,"gold_gain":99,"player_choice":"Steal","damage_taken":0,"max_hp_gain":0,"max_hp_loss":0,"event_name":"betterThird:BetterNest","floor":21,"gold_loss":0},{"damage_healed":0,"gold_gain":0,"cards_transformed":["Moonworks:Strike"],"player_choice":"Transformed","damage_taken":0,"max_hp_gain":0,"max_hp_loss":0,"event_name":"Transmorgrifier","floor":28,"gold_loss":0,"cards_obtained":["Moonworks:LulusLuckyEgg"]}],"is_beta":false,"boss_relics":[{"not_picked":["hubris:Stopwatch","halation:PlatinumPhoenix"],"picked":"halation:SmartPhone"}],"items_purged_floors":[],"is_endless":false,"potions_floor_spawned":[3,5,8,11,13,18],"ascension_level":0}}