{"host":"hc8xbdd8p6sd75vx","time":1611769486,"event":{"mods":["AchievementEnabler","AlwaysNeverKeys","BaseMod","Better Altar","Better Match","Better Sensory Stone","Better Skull","Better Third Choice","Colored Map","Hermit","Minty Spire (QoL Compilation)","Quick Restart","Shade Mod","Shop Mod","Spicy Shops","StSLib","The Servant 0.9.4"],"gold_per_floor":[118,135,108,108,127,152,152,186,209,237,248,260,260,278,278,374,374,389,389,389,20,39,71,71,104,129,164,177,35,35,64,64,167,167,182,192,202,216,216,241,241,267,290,290,320,2,2,17,17,17,17,17,16,48,48],"floor_reached":56,"language":"ENG","playtime":2941,"items_purged":[],"score":1739,"play_id":"1178d4f6-3beb-4b89-8f80-425062df7a08","local_time":"20210127094446","is_ascension_mode":true,"campfire_choices":[{"data":"Crippling Poison","floor":15.0,"key":"SMITH"},{"data":"Noxious Fumes","floor":24.0,"key":"SMITH"},{"data":"Poisoned Stab","floor":32.0,"key":"SMITH"},{"data":"Catalyst","floor":41.0,"key":"SMITH"},{"data":"Sadistic Nature","floor":47,"key":"SMITH"},{"data":"Bouncing Flask","floor":49,"key":"SMITH"},{"data":"After Image","floor":52,"key":"SMITH"}],"circlet_count":0,"master_deck":["Strike_G","Strike_G","Strike_G","Strike_G","Strike_G","Defend_G","Defend_G","Defend_G","Defend_G","Survivor","Neutralize","Bouncing Flask+1","Cloak And Dagger","Blade Dance","Finisher","Crippling Poison+1","After Image+1","Catalyst+1","Envenom","Sucker Punch","Sadistic Nature+1","Noxious Fumes+1","Panache","Infinite Blades","Poisoned Stab","Phantasmal Killer","Cloak And Dagger","Infinite Blades+1","Poisoned Stab+1","Cloak And Dagger","Riddle With Holes","Backflip+1","Backstab","Noxious Fumes+1","Terror+1","Dash","Deflect","Cloak And Dagger+1","Caltrops+1","Deadly Poison+1","Noxious Fumes+1","Blade Dance","Dagger Spray","Blade Dance+1"],"relics":["Ring of the Snake","NeowsBlessing","betterThird:SlimedRelic","Anchor","Oddly Smooth Stone","GremlinMask","Akabeko","MerchantsRug","Snake Skull","FossilizedHelix","Shuriken","Boot","Ornamental Fan","Membership Card","Dead Branch","Unceasing Top","Letter Opener","Bronze Scales","Calipers"],"acts_visited":["Exordium","TheCity","TheBeyond","TheEnding"],"potions_floor_usage":[45],"damage_taken":[{"damage":0.0,"enemies":"Small Slimes","floor":1.0,"turns":1.0},{"damage":0.0,"enemies":"Jaw Worm","floor":2.0,"turns":3.0},{"damage":0.0,"enemies":"2 Louse","floor":5.0,"turns":3.0},{"damage":15.0,"enemies":"3 Sentries","floor":6.0,"turns":12.0},{"damage":2.0,"enemies":"Lagavulin","floor":8.0,"turns":7.0},{"damage":17.0,"enemies":"3 Sentries","floor":10.0,"turns":3.0},{"damage":0.0,"enemies":"Exordium Thugs","floor":11.0,"turns":3.0},{"damage":0.0,"enemies":"Large Slime","floor":12.0,"turns":8.0},{"damage":0.0,"enemies":"3 Louse","floor":14.0,"turns":5.0},{"damage":11.0,"enemies":"The Guardian","floor":16.0,"turns":8.0},{"damage":0.0,"enemies":"3 Byrds","floor":18.0,"turns":6.0},{"damage":0.0,"enemies":"Chosen","floor":22.0,"turns":6.0},{"damage":32.0,"enemies":"Book of Stabbing","floor":23.0,"turns":7.0},{"damage":55.0,"enemies":"Gremlin Leader","floor":25.0,"turns":6.0},{"damage":7.0,"enemies":"Slavers","floor":27.0,"turns":4.0},{"damage":6.0,"enemies":"Centurion and Healer","floor":28.0,"turns":6.0},{"damage":20.0,"enemies":"Gremlin Leader","floor":31.0,"turns":6.0},{"damage":25.0,"enemies":"Automaton","floor":33.0,"turns":8.0},{"damage":2.0,"enemies":"3 Darklings","floor":35.0,"turns":5.0},{"damage":0.0,"enemies":"Orb Walker","floor":36.0,"turns":4.0},{"damage":50.0,"enemies":"Sphere and 2 Shapes","floor":37.0,"turns":5.0},{"damage":21.0,"enemies":"Maw","floor":38.0,"turns":8.0},{"damage":17.0,"enemies":"Giant Head","floor":40.0,"turns":8.0},{"damage":0,"enemies":"Nemesis","floor":42,"turns":3},{"damage":15,"enemies":"Reptomancer","floor":45,"turns":6},{"damage":0,"enemies":"3 Darklings","floor":48,"turns":3},{"damage":0,"enemies":"Time Eater","floor":50,"turns":6},{"damage":0,"enemies":"Shield and Spear","floor":54,"turns":3},{"damage":0,"enemies":"The Heart","floor":55,"turns":4}],"seed_played":"-8805764361819676976","potions_obtained":[{"floor":1.0,"key":"Strength Potion"},{"floor":5.0,"key":"PowerPotion"},{"floor":8.0,"key":"EssenceOfSteel"},{"floor":22.0,"key":"SpeedPotion"},{"floor":25.0,"key":"Energy Potion"},{"floor":27.0,"key":"Regen Potion"},{"floor":36.0,"key":"PowerPotion"},{"floor":45,"key":"LiquidBronze"}],"is_trial":false,"path_per_floor":["M","M","?","?","M","E","?","E","T","E","M","M","?","M","R","B",null,"M","?","?","$","M","E","R","E","T","E","M","$","?","E","R","B",null,"M","M","M","M","?","E","R","E","T","?","E","$","R","M","R","B",null,"R","$","E","B",null],"character_chosen":"THE_SILENT","items_purchased":["MerchantsRug","Noxious Fumes","Panache","Infinite Blades+1","Medical Kit","Poisoned Stab","Membership Card","Dead Branch","Caltrops+1","Unceasing Top","Letter Opener","Bronze Scales","Noxious Fumes+1","Blade Dance","Dagger Spray"],"campfire_rested":0,"item_purchase_floors":[21,21,21,29,29,29,46,46,46,46,53,53,53,53,53],"current_hp_per_floor":[70,70,59,59,59,70,70,70,70,70,70,70,70,70,70,70,70,70,70,70,70,70,70,70,70,70,63,70,70,70,70,70,70,70,70,70,70,70,70,70,70,70,70,70,55,55,70,70,70,70,70,70,70,70,70],"gold":48,"neow_bonus":"THREE_ENEMY_KILL","is_daily":false,"chose_seed":false,"campfire_upgraded":7,"win_rate":0.0,"timestamp":1611769486,"path_taken":["M","M","?","?","M","E","?","E","T","E","M","M","?","?","R","BOSS","M","?","?","$","?","E","R","E","T","E","M","$","?","E","R","BOSS","M","?","M","M","?","E","R","E","T","?","E","?","R","M","R","BOSS","R","$","E","BOSS"],"items_purchased_type":["Relic","Card","Card","Card","Relic","Card","Relic","Relic","Card","Relic","Relic","Relic","Card","Card","Card"],"build_version":"2020-12-22","purchased_purges":0,"victory":true,"max_hp_per_floor":[70,70,70,70,70,70,70,70,70,70,70,70,70,70,70,70,70,70,70,70,70,70,70,70,70,70,70,70,70,70,70,70,70,70,70,70,70,70,70,70,70,70,70,70,70,70,70,70,70,70,70,70,70,70,70],"card_choices":[{"not_picked":["Deflect","Heel Hook"],"picked":"Bouncing Flask","floor":1.0},{"not_picked":["Underhanded Strike","Outmaneuver"],"picked":"Deflect","floor":2.0},{"not_picked":["Dagger Spray","Adrenaline"],"picked":"Cloak And Dagger","floor":5.0},{"not_picked":["Calculated Gamble","Acrobatics"],"picked":"Blade Dance","floor":6.0},{"not_picked":["Underhanded Strike","Escape Plan"],"picked":"Finisher","floor":8.0},{"not_picked":["Well Laid Plans","Expertise"],"picked":"Crippling Poison","floor":10.0},{"not_picked":["Cloak And Dagger","Caltrops"],"picked":"After Image","floor":11.0},{"not_picked":["Concentrate","PiercingWail","Dagger Throw"],"picked":"SKIP","floor":12.0},{"not_picked":["Dodge and Roll","Terror"],"picked":"Catalyst","floor":14.0},{"not_picked":["Die Die Die","After Image"],"picked":"Envenom","floor":16.0},{"not_picked":["Skewer","Slice+1"],"picked":"Sucker Punch","floor":18.0},{"not_picked":["Good Instincts","Jack Of All Trades"],"picked":"Sadistic Nature","floor":19.0},{"not_picked":["Acrobatics","Concentrate+1"],"picked":"Infinite Blades","floor":22.0},{"not_picked":["Slice","PiercingWail+1"],"picked":"Poisoned Stab","floor":23.0},{"not_picked":["Flying Knee+1","Reflex","Setup"],"picked":"SKIP","floor":25.0},{"not_picked":["All Out Attack","Slice+1"],"picked":"Phantasmal Killer","floor":27.0},{"not_picked":["Dagger Throw","Distraction"],"picked":"Cloak And Dagger","floor":28.0},{"not_picked":["Backflip+1","Reflex"],"picked":"Riddle With Holes","floor":31.0},{"not_picked":["Underhanded Strike+1","Dagger Throw"],"picked":"Backflip+1","floor":35.0},{"not_picked":["Outmaneuver+1","Deflect"],"picked":"Backstab","floor":36.0},{"not_picked":["Cloak And Dagger","Slice+1"],"picked":"Noxious Fumes+1","floor":37.0},{"not_picked":["Leg Sweep","Dagger Throw"],"picked":"Terror+1","floor":38.0},{"not_picked":["Tactician","Dagger Throw"],"picked":"Dash","floor":40.0},{"not_picked":["Prepared","Underhanded Strike+1"],"picked":"Deflect","floor":42},{"not_picked":["Blade Dance","Skewer"],"picked":"Cloak And Dagger+1","floor":45},{"not_picked":["Unload","Backstab+1"],"picked":"Deadly Poison+1","floor":48},{"not_picked":["Slice","Sucker Punch+1"],"picked":"Blade Dance+1","floor":54}],"player_experience":235311,"relics_obtained":[{"floor":6.0,"key":"Happy Flower"},{"floor":8.0,"key":"Anchor"},{"floor":9.0,"key":"Oddly Smooth Stone"},{"floor":10.0,"key":"Centennial Puzzle"},{"floor":23.0,"key":"MealTicket"},{"floor":25.0,"key":"Snake Skull"},{"floor":26.0,"key":"Omamori"},{"floor":27.0,"key":"Frozen Egg 2"},{"floor":31.0,"key":"Eternal Feather"},{"floor":40.0,"key":"FossilizedHelix"},{"floor":40.0,"key":"Shuriken"},{"floor":42,"key":"Gambling Chip"},{"floor":42,"key":"Boot"},{"floor":43,"key":"Juzu Bracelet"},{"floor":45,"key":"Orichalcum"},{"floor":45,"key":"Ornamental Fan"},{"floor":54,"key":"Calipers"}],"event_choices":[{"damage_healed":0.0,"max_hp_gain":0.0,"max_hp_loss":0.0,"gold_gain":0.0,"event_name":"betterThird:BetterGoop","player_choice":"Slimed","floor":3.0,"gold_loss":27.0,"damage_taken":11.0},{"damage_healed":0.0,"max_hp_gain":0.0,"max_hp_loss":0.0,"gold_gain":0.0,"event_name":"The Cleric","player_choice":"Leave","floor":4.0,"gold_loss":0.0,"damage_taken":0.0},{"damage_healed":0.0,"max_hp_gain":0.0,"max_hp_loss":0.0,"gold_gain":0.0,"event_name":"Golden Wing","player_choice":"Ignored","floor":7.0,"gold_loss":0.0,"damage_taken":0.0},{"damage_healed":0.0,"max_hp_gain":0.0,"max_hp_loss":0.0,"gold_gain":0.0,"event_name":"FaceTrader","player_choice":"Trade","floor":13.0,"gold_loss":0.0,"damage_taken":0.0,"relics_obtained":["GremlinMask"]},{"damage_healed":0.0,"max_hp_gain":0.0,"max_hp_loss":0.0,"gold_gain":2.0,"event_name":"betterStone:BetterStone","player_choice":"1","floor":19.0,"gold_loss":0.0,"damage_taken":0.0},{"damage_healed":0.0,"max_hp_gain":0.0,"max_hp_loss":0.0,"gold_gain":0.0,"event_name":"WeMeetAgain","player_choice":"Gave Potion","floor":20.0,"gold_loss":0.0,"damage_taken":0.0,"relics_obtained":["Akabeko"]},{"damage_healed":0.0,"max_hp_gain":0.0,"max_hp_loss":0.0,"gold_gain":0.0,"cards_transformed":["Deflect"],"event_name":"Transmorgrifier","player_choice":"Transformed","floor":30.0,"gold_loss":0.0,"damage_taken":0.0,"cards_obtained":["Cloak And Dagger"]},{"damage_healed":0.0,"max_hp_gain":0.0,"max_hp_loss":0.0,"gold_gain":0.0,"event_name":"Tomb of Lord Red Mask","player_choice":"Ignored","floor":39.0,"gold_loss":0.0,"damage_taken":0.0},{"cards_removed":["Defend_G"],"damage_healed":0,"gold_gain":0,"player_choice":"Removed Skill","damage_taken":0,"max_hp_gain":0,"max_hp_loss":0,"event_name":"Falling","floor":44,"gold_loss":0}],"is_beta":false,"boss_relics":[{"not_picked":["Cursed Key","Fusion Hammer","Snecko Eye"]},{"not_picked":["Calling Bell","Astrolabe"],"picked":"Black Star"}],"items_purged_floors":[],"is_endless":false,"potions_floor_spawned":[1,5,8,12,22,25,27,31,33,36,37,38,45],"ascension_level":3}}