{"host":"zksvs3x2ysy9npnz","time":1611765514,"event":{"mods":["Aspiration","BaseMod","Beaked The Cultist","BetterRewards","Clockwork Mod","Colored Map","Conspire","Downfall","Duelist Mod","Halation","Highlight Path","Hubris","Infinite Spire","Jedi Mod","Magitek Elite","Minty Spire (QoL Compilation)","Permanent Neow","Quick Restart","Relic Stats","Shop Mod","StSLib","The Runesmith","The Witch"],"gold_per_floor":[215,215,215,390,12,12,43,43,70,70,99,140,140,169,169,278,278,302,302,302,302,327,327,368,368,395,395,423,464,26,40,40,154,154,174,17,39,39,39,39,39,39,65,85,108,108,137,176,176,176,176],"floor_reached":50,"language":"FRA","playtime":5147,"items_purged":["Doubt"],"score":568,"play_id":"0c6ebfd0-dade-437c-b116-d7cbe7d368cc","local_time":"20210127173834","is_ascension_mode":true,"campfire_choices":[{"data":"Vigilance","floor":6.0,"key":"SMITH"},{"data":"Eruption","floor":8.0,"key":"SMITH"},{"data":"Perseverance","floor":13.0,"key":"SMITH"},{"data":"ThirdEye","floor":15.0,"key":"SMITH"},{"data":"Establishment","floor":23.0,"key":"SMITH"},{"data":"ForeignInfluence","floor":25.0,"key":"SMITH"},{"data":"Meditate","floor":27.0,"key":"SMITH"},{"data":"Judgement","floor":32.0,"key":"SMITH"},{"data":"LikeWater","floor":38.0,"key":"SMITH"},{"data":"Protect","floor":40,"key":"SMITH"},{"data":"Evaluate","floor":42,"key":"SMITH"},{"floor":46,"key":"RECALL"},{"data":"PathToVictory","floor":49,"key":"SMITH"}],"circlet_count":0,"master_deck":["Strike_P","Strike_P","Strike_P","Strike_P","Defend_P","Defend_P","Defend_P","Defend_P","Eruption+1","Vigilance+1","ReachHeaven","FlurryOfBlows","Conclude","LikeWater+1","Evaluate+1","Perseverance+1","ThirdEye+1","Swivel","Establishment+1","ForeignInfluence+1","Protect+1","Meditate+1","SandsOfTime+1","Judgement+1","PathToVictory+1","DeusExMachina","Protect+1","Evaluate+1","beaked:Insight+1","beaked:BraceForImpact+1","beaked:BraceForImpact+1","ThirdEye"],"relics":["PureWater","hubris:Icosahedron","hubris:Towel","aspiration:Lifesprig","Tintinnabulum","CeramicFish","jedi:arcanewood","Coffee Dripper","Mythril_Glove","aspiration:RitualStick","Red Mask","Blood Vial","Bag of Preparation","Bronze Scales","TeardropLocket","aspiration:BeakedSkillbook","Membership Card","Pantograph","Akabeko"],"acts_visited":["Exordium","TheCity","TheBeyond"],"potions_floor_usage":[47,47,48],"damage_taken":[{"damage":4.0,"enemies":"2 Louse","floor":1.0,"turns":3.0},{"damage":12.0,"enemies":"3 Sentries","floor":7.0,"turns":13.0},{"damage":0.0,"enemies":"Small Slimes","floor":11.0,"turns":3.0},{"damage":40.0,"enemies":"Lagavulin","floor":12.0,"turns":6.0},{"damage":0.0,"enemies":"conspire:RoseBush","floor":14.0,"turns":5.0},{"damage":7.0,"enemies":"Hexaghost","floor":16.0,"turns":10.0},{"damage":5.0,"enemies":"2 Thieves","floor":18.0,"turns":4.0},{"damage":0.0,"enemies":"conspire:FuzzyDice","floor":22.0,"turns":7.0},{"damage":10.0,"enemies":"Masked Bandits","floor":24.0,"turns":5.0},{"damage":0.0,"enemies":"conspire:HollyBat","floor":28.0,"turns":8.0},{"damage":4.0,"enemies":"conspire:Head Lice","floor":29.0,"turns":7.0},{"damage":1.0,"enemies":"Snecko","floor":31.0,"turns":3.0},{"damage":40.0,"enemies":"hubris:MusketHawk","floor":33.0,"turns":7.0},{"damage":0.0,"enemies":"Orb Walker","floor":35.0,"turns":3.0},{"damage":6.0,"enemies":"3 Darklings","floor":37.0,"turns":5.0},{"damage":0,"enemies":"Writhing Mass","floor":44,"turns":8},{"damage":11,"enemies":"Spire Growth","floor":45,"turns":6},{"damage":32,"enemies":"Transient","floor":47,"turns":5},{"damage":13,"enemies":"Reptomancer","floor":48,"turns":10},{"damage":64,"enemies":"Time Eater","floor":50,"turns":15}],"seed_played":"-1117007582244575692","potions_obtained":[{"floor":7.0,"key":"conspire:TimeTravelPotion"},{"floor":11.0,"key":"LiquidBronze"},{"floor":14.0,"key":"hexamod:SoulburnPotion"},{"floor":16.0,"key":"Block Potion"},{"floor":18.0,"key":"Strength Potion"},{"floor":24.0,"key":"PowerPotion"},{"floor":28.0,"key":"Explosive Potion"},{"floor":35.0,"key":"Regen Potion"},{"floor":44,"key":"BottledMiracle"},{"floor":45,"key":"Guardian:BlockOnCardUsePotion"},{"floor":48,"key":"jedi:wingpotion"}],"is_trial":false,"path_per_floor":["M","?","?","?","$","R","E","R","T","?","M","E","R","M","R","B",null,"M","?","?","?","M","R","?","R","T","R","M","E","$","M","R","B",null,"M","$","M","R","?","R","$","R","T","M","M","R","M","E","R","B"],"character_chosen":"WATCHER","items_purchased":["FlurryOfBlows","aspiration:Lifesprig","Conclude","LikeWater","Bronze Scales","TeardropLocket","PathToVictory","Membership Card","Pantograph"],"campfire_rested":0,"item_purchase_floors":[5,5,5,5,30,30,30,36,41],"current_hp_per_floor":[68,68,68,68,68,68,56,57,58,59,60,61,62,63,64,58,72,67,68,69,56,57,58,49,50,51,52,55,54,55,57,58,21,72,72,72,66,67,68,69,54,55,56,59,51,52,38,28,29,0,0],"gold":176,"neow_bonus":"HUNDRED_GOLD","is_daily":false,"chose_seed":false,"campfire_upgraded":12,"win_rate":0.0,"timestamp":1611765514,"path_taken":["M","?","?","?","$","R","E","R","T","?","M","E","R","M","R","BOSS","M","?","?","?","?","R","?","R","T","R","M","E","$","M","R","BOSS","M","?","M","?","?","R","?","R","T","M","M","R","M","E","R","BOSS"],"items_purchased_type":["Card","Relic","Card","Card","Relic","Relic","Card","Relic","Relic"],"build_version":"2020-12-22","purchased_purges":1,"victory":false,"max_hp_per_floor":[72,72,72,72,72,72,72,72,72,72,72,72,72,72,72,72,72,72,72,72,72,72,72,72,72,72,72,72,72,72,72,72,72,72,72,72,72,72,72,72,72,72,72,72,72,72,72,72,72,72,72],"relic_stats":{"Blood Vial":18,"counters":[20,133],"CeramicFish":153,"Bronze Scales":[213],"Pantograph":25,"Bag of Preparation":[18],"obtain_stats":[{"aspiration:Lifesprig":5,"CeramicFish":9,"Bag of Preparation":29,"Mythril_Glove":20,"TeardropLocket":30,"hubris:Towel":3,"aspiration:RitualStick":21,"Akabeko":48,"Blood Vial":26,"hubris:Icosahedron":2,"Bronze Scales":30,"Pantograph":41,"Tintinnabulum":7,"Coffee Dripper":17,"Red Mask":24,"Membership Card":36,"PureWater":0,"jedi:arcanewood":12,"aspiration:BeakedSkillbook":34},{"aspiration:Lifesprig":1,"CeramicFish":2,"Bag of Preparation":11,"Mythril_Glove":7,"TeardropLocket":11,"hubris:Towel":1,"aspiration:RitualStick":7,"Akabeko":19,"Blood Vial":9,"hubris:Icosahedron":1,"Bronze Scales":11,"Pantograph":15,"Tintinnabulum":2,"Coffee Dripper":6,"Red Mask":9,"Membership Card":14,"PureWater":0,"jedi:arcanewood":4,"aspiration:BeakedSkillbook":13},{"aspiration:Lifesprig":3,"CeramicFish":16,"Bag of Preparation":71,"Mythril_Glove":44,"TeardropLocket":71,"hubris:Towel":3,"aspiration:RitualStick":44,"Akabeko":118,"Blood Vial":56,"hubris:Icosahedron":3,"Bronze Scales":71,"Pantograph":89,"Tintinnabulum":16,"Coffee Dripper":40,"Red Mask":56,"Membership Card":84,"PureWater":0,"jedi:arcanewood":25,"aspiration:BeakedSkillbook":81}],"aspiration:RitualStick":[6]},"card_choices":[{"not_picked":["EmptyMind","EmptyFist"],"picked":"ReachHeaven","floor":1.0},{"not_picked":["ThirdEye","Omniscience"],"picked":"Evaluate","floor":7.0},{"not_picked":["Prostrate","Brilliance"],"picked":"Perseverance","floor":11.0},{"not_picked":["ConjureBlade","CarveReality"],"picked":"ThirdEye","floor":12.0},{"not_picked":["BowlingBash","EmptyFist"],"picked":"Swivel","floor":14.0},{"not_picked":["Brilliance","jedi:nirvanicrebirth"],"picked":"Establishment","floor":16.0},{"not_picked":["CrushJoints","Vengeance"],"picked":"ForeignInfluence","floor":18.0},{"not_picked":["FlurryOfBlows+1","Prostrate"],"picked":"Protect","floor":22.0},{"not_picked":["Vengeance","JustLucky"],"picked":"Meditate","floor":24.0},{"not_picked":["ThirdEye","ClearTheMind"],"picked":"SandsOfTime+1","floor":28.0},{"not_picked":["ClearTheMind+1","Halt"],"picked":"Judgement","floor":29.0},{"not_picked":["Meditate","Halt","WaveOfTheHand"],"picked":"SKIP","floor":31.0},{"not_picked":["Alpha","Ragnarok"],"picked":"DeusExMachina","floor":33.0},{"not_picked":["beaked:CursingBlood","SignatureMove","Collect+1"],"picked":"Protect+1","floor":35.0},{"not_picked":["beaked:Tradeoff+1","beaked:Molting+1","Prostrate"],"picked":"Evaluate","floor":37.0},{"not_picked":["beaked:SurvivalInstinct","Weave","SashWhip"],"picked":"beaked:Insight+1","floor":44},{"not_picked":["beaked:BarbedWire+1","beaked:BloodRitual","FlyingSleeves+1"],"picked":"beaked:BraceForImpact+1","floor":45},{"not_picked":["Prostrate","beaked:Recite+1","Consecrate"],"picked":"beaked:BraceForImpact+1","floor":47},{"not_picked":["beaked:Pecker+1","beaked:Replenish+1","Indignation+1"],"picked":"ThirdEye","floor":48}],"player_experience":2070320,"relics_obtained":[{"floor":7.0,"key":"Tintinnabulum"},{"floor":9.0,"key":"CeramicFish"},{"floor":12.0,"key":"jedi:arcanewood"},{"floor":24.0,"key":"Red Mask"},{"floor":26.0,"key":"Blood Vial"},{"floor":29.0,"key":"Bag of Preparation"},{"floor":48,"key":"Akabeko"}],"event_choices":[{"damage_healed":0.0,"max_hp_gain":0.0,"max_hp_loss":0.0,"gold_gain":175.0,"event_name":"Liars Game","player_choice":"AGREE","floor":4.0,"gold_loss":0.0,"damage_taken":0.0,"cards_obtained":["Doubt"]},{"damage_healed":0.0,"max_hp_gain":0.0,"max_hp_loss":0.0,"gold_gain":0.0,"event_name":"The Mausoleum","player_choice":"Opened","floor":20.0,"gold_loss":0.0,"damage_taken":0.0,"relics_obtained":["Mythril_Glove"]},{"damage_healed":0.0,"max_hp_gain":0.0,"max_hp_loss":0.0,"gold_gain":0.0,"event_name":"Masked Bandits","player_choice":"Fought Bandits","floor":24.0,"gold_loss":0.0,"damage_taken":0.0}],"is_beta":false,"boss_relics":[{"not_picked":["Runesmith:UraniumAnvil","hubris:RunicObelisk"],"picked":"Coffee Dripper"},{"not_picked":["infinitespire:Cupcake","halation:ForbiddenBikini"],"picked":"aspiration:BeakedSkillbook"}],"items_purged_floors":[5],"is_endless":false,"potions_floor_spawned":[7,11,14,16,18,24,28,35,44,45,48],"killed_by":"Time Eater","ascension_level":2}}