{"host":"4nqeo0vu1vuav7gg","time":1611780958,"event":{"mods":["AchievementEnabler","BaseMod","Block Reminder","Colored Map","Colored Powertips","Highlight Path","Minty Spire (QoL Compilation)","Quick Restart","Rare Cards Sparkle","Relic Relevance Reorder","StSLib"],"gold_per_floor":[115,115,126,126,91,91,116,31,55,55,80,80,93,106,106,178,178,189,189,200,200,113,113,113,113],"floor_reached":24,"language":"ENG","playtime":639,"items_purged":[],"score":443,"play_id":"125659b5-4ff0-40f7-ac78-a84ced2b20cc","local_time":"20210127215558","is_ascension_mode":true,"campfire_choices":[{"data":"Streamline","floor":6.0,"key":"SMITH"},{"data":"Loop","floor":12.0,"key":"SMITH"},{"floor":15.0,"key":"REST"},{"floor":23.0,"key":"REST"}],"circlet_count":0,"master_deck":["AscendersBane","Strike_B","Strike_B+1","Defend_B","Defend_B+1","Defend_B+1","Defend_B+1","Zap+1","Dualcast","Streamline+1","All For One","Loop+1","Sweeping Beam","Melter","Echo Form","BootSequence+1","Darkness","Gash","Storm"],"relics":["Cracked Core","NeowsBlessing","DataDisk","Snecko Eye","Ancient Tea Set","Matryoshka","War Paint"],"acts_visited":["Exordium","TheCity"],"potions_floor_usage":[24],"damage_taken":[{"damage":0.0,"enemies":"Jaw Worm","floor":1.0,"turns":1.0},{"damage":0.0,"enemies":"Small Slimes","floor":3.0,"turns":1.0},{"damage":0.0,"enemies":"Gremlin Nob","floor":7.0,"turns":1.0},{"damage":25.0,"enemies":"3 Sentries","floor":11.0,"turns":7.0},{"damage":2.0,"enemies":"2 Louse","floor":13.0,"turns":2.0},{"damage":10.0,"enemies":"Exordium Thugs","floor":14.0,"turns":4.0},{"damage":38.0,"enemies":"The Guardian","floor":16.0,"turns":9.0},{"damage":14.0,"enemies":"Chosen","floor":18.0,"turns":4.0},{"damage":34.0,"enemies":"2 Thieves","floor":20.0,"turns":3.0},{"damage":40,"enemies":"Slavers","floor":24,"turns":4}],"seed_played":"8628424564484233390","potions_obtained":[{"floor":7.0,"key":"Strength Potion"},{"floor":13.0,"key":"AttackPotion"}],"is_trial":false,"path_per_floor":["M","?","M","?","?","R","E","$","T","?","E","R","M","M","R","B",null,"M","?","M","?","$","R","E"],"character_chosen":"DEFECT","items_purchased":["Loop","Storm"],"campfire_rested":2,"item_purchase_floors":[8,22],"current_hp_per_floor":[64,43,43,43,60,60,60,60,60,60,35,35,33,23,44,6,55,41,41,7,7,7,28,0,0],"gold":113,"neow_bonus":"THREE_ENEMY_KILL","is_daily":false,"chose_seed":false,"campfire_upgraded":2,"win_rate":0.0,"timestamp":1611780958,"path_taken":["M","?","M","?","?","R","E","?","T","?","E","R","M","M","R","BOSS","M","?","M","?","$","R","E"],"items_purchased_type":["Card","Card"],"build_version":"2020-12-22","purchased_purges":0,"victory":false,"max_hp_per_floor":[71,71,71,71,71,71,71,71,71,71,71,71,71,71,71,71,71,71,71,71,71,71,71,71,71],"card_choices":[{"not_picked":["Compile Driver","Blizzard"],"picked":"Streamline","floor":1.0},{"not_picked":["Blizzard","Turbo","Rebound"],"picked":"SKIP","floor":3.0},{"not_picked":["Conserve Battery","Gash"],"picked":"All For One","floor":7.0},{"not_picked":["Consume","Turbo"],"picked":"Sweeping Beam","floor":11.0},{"not_picked":["Coolheaded","Sweeping Beam"],"picked":"Melter","floor":13.0},{"not_picked":["Rebound","Recycle","Redo"],"picked":"SKIP","floor":14.0},{"not_picked":["Rainbow","Core Surge"],"picked":"Echo Form","floor":16.0},{"not_picked":["Gash","Barrage"],"picked":"BootSequence+1","floor":18.0},{"not_picked":["Sweeping Beam","Scrape+1","Rip and Tear"],"picked":"SKIP","floor":20.0}],"player_experience":1076433,"relics_obtained":[{"floor":7.0,"key":"War Paint"},{"floor":9.0,"key":"DataDisk"},{"floor":11.0,"key":"Matryoshka"}],"event_choices":[{"damage_healed":0.0,"max_hp_gain":0.0,"max_hp_loss":0.0,"gold_gain":0.0,"event_name":"Shining Light","player_choice":"Entered Light","floor":2.0,"gold_loss":0.0,"damage_taken":21.0,"cards_upgraded":["Strike_B","Defend_B"]},{"damage_healed":0.0,"max_hp_gain":0.0,"max_hp_loss":0.0,"gold_gain":0.0,"event_name":"Living Wall","player_choice":"Grow","floor":4.0,"gold_loss":0.0,"damage_taken":0.0,"cards_upgraded":["Zap"]},{"damage_healed":17.0,"max_hp_gain":0.0,"max_hp_loss":0.0,"gold_gain":0.0,"event_name":"The Cleric","player_choice":"Healed","floor":5.0,"gold_loss":35.0,"damage_taken":0.0},{"damage_healed":0.0,"max_hp_gain":0.0,"max_hp_loss":0.0,"gold_gain":0.0,"event_name":"Big Fish","player_choice":"Box","floor":10.0,"gold_loss":0.0,"damage_taken":0.0,"relics_obtained":["Ancient Tea Set"],"cards_obtained":["Regret"]},{"cards_removed":["Regret"],"damage_healed":0.0,"max_hp_gain":0.0,"max_hp_loss":0.0,"gold_gain":0.0,"event_name":"Back to Basics","player_choice":"Elegance","floor":19.0,"gold_loss":0.0,"damage_taken":0.0},{"damage_healed":0.0,"max_hp_gain":0.0,"max_hp_loss":0.0,"gold_gain":0.0,"cards_transformed":["Strike_B","Strike_B"],"event_name":"Drug Dealer","player_choice":"Became Test Subject","floor":21.0,"gold_loss":0.0,"damage_taken":0.0,"cards_obtained":["Darkness","Gash"]}],"is_beta":false,"boss_relics":[{"not_picked":["Coffee Dripper","Velvet Choker"],"picked":"Snecko Eye"}],"items_purged_floors":[],"is_endless":false,"potions_floor_spawned":[7,13],"killed_by":"Slavers","ascension_level":19}}