{"host":"sh8ot41fo7a0kahq","time":1611760989,"event":{"mods":["ATMod(°¢èªMod)","BaseMod","Better Third Choice","Colored Powertips","Displayed Cursed Tome","Minty Spire (QoL Compilation)","Quick Restart","Spicy Shops","StSLib","UnlockEverythingMod","¡¾ÒÅÎï¿¨ÅÆ¡¿REMEMod"],"gold_per_floor":[118,130,130,130,140,140,170,170,170,195,195,206,231,249,249,350,350,368,136,136,15,26,26,55,55,55,55,65,83,83,94,94,220,220,232,169,186,186,186,186,220,236,283,188,188,205,205,239,251,263,275,287,7,37,37,37],"floor_reached":55,"language":"ZHS","playtime":1598,"items_purged":["Strike_B","Strike_B","Strike_B","Strike_B","Defend_B"],"score":1068,"play_id":"619f56e3-691f-428f-929d-982d94d0f2d1","local_time":"20210127232309","is_ascension_mode":true,"campfire_choices":[{"data":"AT_FamilyPortrait","floor":6.0,"key":"SMITH"},{"data":"REME_Flogging","floor":8.0,"key":"SMITH"},{"data":"Defragment","floor":11.0,"key":"SMITH"},{"data":"Turbo","floor":15.0,"key":"SMITH"},{"data":"AT_RightCognition","floor":23.0,"key":"SMITH"},{"floor":25.0,"key":"REST"},{"data":"AT_StudyProgram","floor":30.0,"key":"SMITH"},{"floor":32.0,"key":"RECALL"},{"data":"AT_DarkMatter","floor":40.0,"key":"SMITH"},{"data":"AT_StudyProgram","floor":45.0,"key":"SMITH"},{"data":"Coolheaded","floor":47.0,"key":"SMITH"},{"floor":49.0,"key":"REST"},{"floor":52.0,"key":"REST"}],"circlet_count":0,"master_deck":["Defend_B","Defend_B","Defend_B","Zap","Dualcast","REME_Flogging+1","AT_FamilyPortrait+1","Defragment+1","Ball Lightning","Thunder Strike","Chill","Turbo+1","Cold Snap","AT_RightCognition+1","Capacitor","AT_StudyProgram+1","AT_DarkMatter+1","Glacier+1","Core Surge","AT_EMC2+1","AT_ThunderBolt+1","AT_StudyProgram+1","Coolheaded+1","Amplify","Defragment","Defragment","Creative AI"],"relics":["Cracked Core","AT_ATBox","REME_ComplimentaryCards","NeowsBlessing","Eternal Feather","Sundial","Bag of Preparation","Kunai","ClockworkSouvenir","Membership Card","AT_Kusabimaru","SlaversCollar","PreservedInsect","Dream Catcher","MawBank","AT_BladeRuinedKing","Sling","Bottled Tornado"],"acts_visited":["Exordium","TheCity","TheBeyond","TheEnding"],"potions_floor_usage":[55,55,55],"damage_taken":[{"damage":0.0,"enemies":"Small Slimes","floor":1.0,"turns":1.0},{"damage":0.0,"enemies":"2 Louse","floor":2.0,"turns":1.0},{"damage":0.0,"enemies":"Cultist","floor":5.0,"turns":1.0},{"damage":8.0,"enemies":"Gremlin Nob","floor":7.0,"turns":3.0},{"damage":24.0,"enemies":"Lagavulin","floor":10.0,"turns":5.0},{"damage":1.0,"enemies":"Exordium Wildlife","floor":12.0,"turns":2.0},{"damage":10.0,"enemies":"3 Sentries","floor":13.0,"turns":6.0},{"damage":10.0,"enemies":"Lots of Slimes","floor":14.0,"turns":3.0},{"damage":4.0,"enemies":"Slime Boss","floor":16.0,"turns":8.0},{"damage":11.0,"enemies":"Chosen","floor":18.0,"turns":4.0},{"damage":24.0,"enemies":"2 Thieves","floor":22.0,"turns":4.0},{"damage":32.0,"enemies":"Slavers","floor":24.0,"turns":4.0},{"damage":3.0,"enemies":"Cultist and Chosen","floor":28.0,"turns":4.0},{"damage":0.0,"enemies":"3 Cultists","floor":29.0,"turns":4.0},{"damage":20.0,"enemies":"Snecko","floor":31.0,"turns":4.0},{"damage":34.0,"enemies":"Champ","floor":33.0,"turns":8.0},{"damage":11.0,"enemies":"Orb Walker","floor":35.0,"turns":3.0},{"damage":27.0,"enemies":"3 Shapes","floor":37.0,"turns":4.0},{"damage":12.0,"enemies":"Nemesis","floor":41.0,"turns":5.0},{"damage":20.0,"enemies":"Spire Growth","floor":42.0,"turns":3.0},{"damage":27.0,"enemies":"Writhing Mass","floor":46.0,"turns":5.0},{"damage":0.0,"enemies":"Giant Head","floor":48.0,"turns":24.0},{"damage":21.0,"enemies":"Time Eater","floor":50.0,"turns":8.0},{"damage":61,"enemies":"Shield and Spear","floor":54,"turns":3},{"damage":10,"enemies":"The Heart","floor":55,"turns":3}],"seed_played":"4354617574687233280","potions_obtained":[{"floor":2.0,"key":"FocusPotion"},{"floor":10.0,"key":"SteroidPotion"},{"floor":12.0,"key":"AttackPotion"},{"floor":29.0,"key":"Block Potion"},{"floor":54,"key":"EntropicBrew"}],"is_trial":false,"path_per_floor":["M","M","?","?","M","R","E","R","T","E","R","M","E","M","R","B",null,"M","$","?","$","M","R","E","R","T","$","M","M","R","M","R","B",null,"M","$","M","?","?","R","E","M","T","$","R","M","R","E","R","B",null,"R","$","E","B"],"character_chosen":"DEFECT","items_purchased":["ClockworkSouvenir","Membership Card","AT_StudyProgram","Defragment","AT_BladeRuinedKing","Sling"],"campfire_rested":3,"item_purchase_floors":[19,21,44,53,53,53],"current_hp_per_floor":[68,72,72,72,72,72,64,73,73,49,58,61,51,41,50,46,68,57,57,57,57,33,42,10,41,41,41,58,58,70,50,62,28,63,52,52,25,66,66,66,54,34,34,34,46,19,31,31,65,44,61,66,66,5,0,0],"gold":37,"neow_bonus":"THREE_ENEMY_KILL","is_daily":false,"chose_seed":false,"campfire_upgraded":9,"win_rate":0.0,"timestamp":1611760989,"path_taken":["M","M","?","?","M","R","E","R","T","E","R","M","E","M","R","BOSS","M","?","?","$","M","R","E","R","T","?","?","M","R","M","R","BOSS","M","$","M","?","?","R","E","M","T","?","R","M","R","E","R","BOSS","R","$","E","BOSS"],"items_purchased_type":["Relic","Relic","Card","Card","Relic","Relic"],"build_version":"2020-12-22","purchased_purges":5,"victory":false,"max_hp_per_floor":[75,75,75,75,75,75,75,75,75,75,75,75,75,75,75,75,75,75,75,75,75,75,75,75,75,75,75,75,75,75,75,75,75,75,75,75,75,66,66,66,66,66,66,66,66,66,66,66,66,66,66,66,66,66,66,66],"card_choices":[{"not_picked":["AT_EMC2","Coolheaded"],"picked":"Defragment","floor":1.0},{"not_picked":["AT_WarpDrive","Recycle"],"picked":"Ball Lightning","floor":2.0},{"not_picked":["Cold Snap","AT_ThunderBolt"],"picked":"Chill","floor":5.0},{"not_picked":["AT_HeatAcrobatics","Stack"],"picked":"Turbo","floor":7.0},{"not_picked":["Conserve Battery","AT_EMC2"],"picked":"Cold Snap","floor":10.0},{"not_picked":["Sweeping Beam","Steam","Storm"],"picked":"SKIP","floor":12.0},{"not_picked":["AT_HeatAcrobatics","Consume","Gash"],"picked":"SKIP","floor":13.0},{"not_picked":["Force Field","Streamline","Conserve Battery"],"picked":"SKIP","floor":14.0},{"not_picked":["Reboot","Thunder Strike"],"picked":"AT_RightCognition","floor":16.0},{"not_picked":["FTL","Rebound+1"],"picked":"Capacitor","floor":18.0},{"not_picked":["AT_DarkMatter","Compile Driver","Turbo"],"picked":"SKIP","floor":22.0},{"not_picked":["Meteor Strike","Rebound","Force Field"],"picked":"SKIP","floor":24.0},{"not_picked":["Sunder","Stack+1","Conserve Battery+1"],"picked":"SKIP","floor":28.0},{"not_picked":["Doom and Gloom","Consume+1"],"picked":"AT_DarkMatter","floor":29.0},{"not_picked":["Streamline","Barrage"],"picked":"Glacier+1","floor":31.0},{"not_picked":["Machine Learning","All For One"],"picked":"Core Surge","floor":33.0},{"not_picked":["Chill","Rebound+1","Heatsinks+1"],"picked":"SKIP","floor":35.0},{"not_picked":["Ball Lightning+1","Streamline"],"picked":"AT_EMC2+1","floor":37.0},{"not_picked":["Force Field","Chill+1"],"picked":"AT_ThunderBolt+1","floor":41.0},{"not_picked":["Compile Driver+1","Ball Lightning","Barrage+1"],"picked":"SKIP","floor":42.0},{"not_picked":["Aggregate+1","Stack+1"],"picked":"Coolheaded","floor":46.0},{"not_picked":["FTL","REME_ForAll"],"picked":"Amplify","floor":48.0},{"not_picked":["Streamline+1","Redo+1"],"picked":"Defragment","floor":52.0},{"not_picked":["Hologram","Compile Driver+1"],"picked":"Creative AI","floor":54}],"player_experience":332022,"relics_obtained":[{"floor":7.0,"key":"Eternal Feather"},{"floor":9.0,"key":"Sundial"},{"floor":10.0,"key":"Bag of Preparation"},{"floor":13.0,"key":"Kunai"},{"floor":24.0,"key":"AT_Kusabimaru"},{"floor":41.0,"key":"PreservedInsect"},{"floor":43.0,"key":"Dream Catcher"},{"floor":48.0,"key":"MawBank"},{"floor":54,"key":"Bottled Tornado"}],"event_choices":[{"damage_healed":0.0,"max_hp_gain":0.0,"max_hp_loss":0.0,"gold_gain":0.0,"event_name":"betterThird:BetterSerpent","player_choice":"Ignored","floor":3.0,"gold_loss":0.0,"damage_taken":130.0},{"damage_healed":0.0,"max_hp_gain":0.0,"max_hp_loss":0.0,"gold_gain":0.0,"event_name":"Match and Keep!","player_choice":"1 cards matched","floor":4.0,"gold_loss":0.0,"damage_taken":0.0,"cards_obtained":["Thunder Strike"]},{"damage_healed":0.0,"max_hp_gain":0.0,"max_hp_loss":0.0,"gold_gain":0.0,"event_name":"The Library","player_choice":"Read","floor":20.0,"gold_loss":0.0,"damage_taken":0.0,"cards_obtained":["AT_StudyProgram"]},{"damage_healed":66.0,"max_hp_gain":0.0,"max_hp_loss":9.0,"gold_gain":0.0,"event_name":"The Moai Head","player_choice":"Heal","floor":38.0,"gold_loss":0.0,"damage_taken":0.0},{"damage_healed":0.0,"max_hp_gain":0.0,"max_hp_loss":0.0,"gold_gain":0.0,"event_name":"Mysterious Sphere","player_choice":"Ignored","floor":39.0,"gold_loss":0.0,"damage_taken":0.0}],"is_beta":false,"boss_relics":[{"not_picked":["Velvet Choker","REME_DuelDisc","Runic Pyramid"]},{"not_picked":["Coffee Dripper","Tiny House"],"picked":"SlaversCollar"}],"items_purged_floors":[19,21,36,44,53],"is_endless":false,"potions_floor_spawned":[2,10,12,13,29,31,37,41,48,54],"killed_by":"The Heart","ascension_level":8}}