{"host":"dzit4ljil6490tuf","time":1611711054,"event":{"mods":["BaseMod","Downfall","Hermit","Hubris","Minty Spire (QoL Compilation)","StSLib","The Cursed","The Runesmith","The Servant 0.9.4"],"gold_per_floor":[99,114,130,141,141,141,165,199,199,232,244,256,273,284,298,398,398,398,408,408,375,387,398,398,224,224,224,224],"floor_reached":26,"language":"ITA","playtime":1585,"items_purged":[],"score":235,"play_id":"4d3b9594-40bb-4ccc-9e24-79a51b1f1019","local_time":"20210127023054","is_ascension_mode":true,"campfire_choices":[{"data":"bronze:InfiniteLoop","floor":1,"key":"SMITH"},{"floor":9,"key":"REST"},{"data":"bronze:CleanCode","floor":18,"key":"SMITH"}],"circlet_count":0,"master_deck":["bronze:Strike","bronze:Strike","bronze:Strike","bronze:Defend","bronze:Defend","bronze:Defend","bronze:Defend","bronze:Replicate","bronze:Goto","bronze:InfiniteLoop+1","bronze:Iterate","bronze:Separator","bronze:WildBeam","bronze:AlphaBuild","bronze:Refactor","bronze:Branch","bronze:DelayedGuard","bronze:Boost","bronze:CleanCode+1","bronze:NullPointer","bronze:Assembly+1","bronze:Allocate+1","bronze:Iterate","bronze:ChosenStrike","bronze:WildBeam+1","bronze:ForceShield","bronze:Philosophize","bronze:Optimize"],"relics":["bronze:BronzeCore","hubris:Icosahedron","MealTicket","Smiling Mask","Anchor","Velvet Choker","Pen Nib"],"acts_visited":["Exordium","TheCity"],"potions_floor_usage":[10,16,16,22,23,26],"damage_taken":[{"damage":3,"enemies":"2 Louse","floor":2,"turns":3},{"damage":1,"enemies":"Jaw Worm","floor":3,"turns":2},{"damage":5,"enemies":"Small Slimes","floor":4,"turns":4},{"damage":27,"enemies":"3 Sentries","floor":8,"turns":4},{"damage":23,"enemies":"Lagavulin","floor":10,"turns":6},{"damage":2,"enemies":"Gremlin Gang","floor":11,"turns":4},{"damage":6,"enemies":"Exordium Wildlife","floor":12,"turns":4},{"damage":0,"enemies":"Lots of Slimes","floor":13,"turns":3},{"damage":0,"enemies":"Blue Slaver","floor":14,"turns":2},{"damage":0,"enemies":"Red Slaver","floor":15,"turns":1},{"damage":11,"enemies":"WA_ARCHETYPE_RETAIN","floor":16,"turns":6},{"damage":5,"enemies":"Spheric Guardian","floor":19,"turns":3},{"damage":18,"enemies":"Snake Plant","floor":21,"turns":4},{"damage":44,"enemies":"Chosen and Byrds","floor":22,"turns":8},{"damage":15,"enemies":"Centurion and Healer","floor":23,"turns":6},{"damage":2,"enemies":"downfall:FleeingMerchant","floor":25,"turns":4},{"damage":20,"enemies":"Book of Stabbing","floor":26,"turns":4}],"seed_played":"-787628992743835811","potions_obtained":[{"floor":2,"key":"bronze:CleanCodePotion"},{"floor":8,"key":"PowerPotion"},{"floor":12,"key":"Swift Potion"},{"floor":14,"key":"Block Potion"},{"floor":16,"key":"Ancient Potion"},{"floor":21,"key":"champ:CounterPotion"},{"floor":22,"key":"Regen Potion"},{"floor":23,"key":"LiquidBronze"}],"is_trial":false,"path_per_floor":["R","M","M","M","?","?","T","E","R","E","M","M","M","M","M","B",null,"R","M","?","M","M","M","T","$","E"],"character_chosen":"THE_AUTOMATON","items_purchased":["bronze:Philosophize","bronze:Optimize"],"campfire_rested":1,"item_purchase_floors":[25,25],"current_hp_per_floor":[70,67,66,61,61,61,61,34,55,32,30,24,24,24,24,13,70,70,65,65,47,3,3,3,16,0,0,0],"gold":224,"neow_bonus":"ONE_RANDOM_RARE_CARD","is_daily":false,"chose_seed":false,"campfire_upgraded":2,"win_rate":0.0,"timestamp":1611711054,"path_taken":["R","M","M","M","?","?","T","E","R","E","M","M","M","M","M","BOSS","R","M","?","M","?","M","T","$","E"],"items_purchased_type":["Card","Card"],"build_version":"2020-12-22","purchased_purges":0,"victory":false,"max_hp_per_floor":[70,70,70,70,70,70,70,70,70,70,70,70,70,70,70,70,70,70,70,70,70,70,70,70,70,70,70,70],"card_choices":[{"not_picked":["bronze:WildBeam","bronze:Turbo"],"picked":"bronze:Iterate","floor":2},{"not_picked":["bronze:Optimize","bronze:Constructor"],"picked":"bronze:Separator","floor":3},{"not_picked":["bronze:Frontload","bronze:BitShift"],"picked":"bronze:WildBeam","floor":4},{"not_picked":["bronze:OilSpill","bronze:Separator"],"picked":"bronze:AlphaBuild","floor":8},{"not_picked":["bronze:BuggyMess","bronze:WildBeam"],"picked":"bronze:Refactor","floor":10},{"not_picked":["bronze:OilSpill","bronze:MaxOutput"],"picked":"bronze:Branch","floor":11},{"not_picked":["bronze:OilSpill","bronze:WildBeam"],"picked":"bronze:DelayedGuard","floor":12},{"not_picked":["bronze:ChosenStrike","bronze:Repair"],"picked":"bronze:Boost","floor":13},{"not_picked":["bronze:Separator","bronze:CloningBeam"],"picked":"bronze:CleanCode","floor":14},{"not_picked":["bronze:Shield","bronze:BronzeArmor"],"picked":"bronze:NullPointer","floor":15},{"not_picked":["bronze:HyperBeam","bronze:FindAndReplace"],"picked":"bronze:Assembly","floor":16},{"not_picked":["bronze:Deprecate+1","bronze:DelayedSlice"],"picked":"bronze:Allocate+1","floor":19},{"not_picked":["bronze:Deprecate+1","bronze:Turbo"],"picked":"bronze:Iterate","floor":21},{"not_picked":["bronze:FineTuning","bronze:Backtrace"],"picked":"bronze:ChosenStrike","floor":22},{"not_picked":["bronze:BuggyMess","bronze:BugBarrage"],"picked":"bronze:WildBeam+1","floor":23},{"not_picked":["bronze:Turbo","bronze:Separator"],"picked":"bronze:ForceShield","floor":25}],"player_experience":607614,"relics_obtained":[{"floor":7,"key":"MealTicket"},{"floor":8,"key":"Smiling Mask"},{"floor":10,"key":"Anchor"},{"floor":24,"key":"Pen Nib"}],"event_choices":[{"cards_removed":["bronze:Strike"],"damage_healed":0,"gold_gain":0,"player_choice":"Card Removal","damage_taken":0,"max_hp_gain":0,"max_hp_loss":0,"event_name":"The Cleric","floor":5,"gold_loss":0}],"is_beta":false,"boss_relics":[{"not_picked":["hubris:VirtuousBlindfold","hubris:RunicObelisk"],"picked":"Velvet Choker"}],"items_purged_floors":[],"is_endless":false,"potions_floor_spawned":[2,8,12,14,16,21,22,23],"killed_by":"Book of Stabbing","ascension_level":1}}