{"host":"mydft8i2zzydgggw","time":1611784990,"event":{"mods":["AchievementEnabler","BaseMod","BetterRewards","Colored Map","Colored Powertips","DeckTracker","Keyboard Shortcuts","Minty Spire (QoL Compilation)","Rare Cards Sparkle","StSLib","SuperFastMode","everything is the same but u backflip on backflip"],"gold_per_floor":[109,34,48,48,48,48,74,74,101,114,124,124,141,141,141,245,245,245,245],"floor_reached":18,"language":"KOR","playtime":273,"items_purged":["Strike_P"],"score":287,"play_id":"0de8f903-e734-441a-aa47-4448cee8b372","local_time":"20210128070310","is_ascension_mode":true,"campfire_choices":[{"data":"Eruption","floor":6,"key":"SMITH"},{"data":"Vigilance","floor":12,"key":"SMITH"},{"data":"Strike_P","floor":15,"key":"SMITH"}],"circlet_count":0,"master_deck":["AscendersBane","Strike_P+1","Strike_P+1","Strike_P","Defend_P","Defend_P","Defend_P","Defend_P+1","Eruption+1","Vigilance+1"],"relics":["PureWater","NeowsBlessing","Lantern","Ancient Tea Set","Black Star"],"acts_visited":["Exordium","TheCity"],"potions_floor_usage":[16,16,18],"damage_taken":[{"damage":0,"enemies":"Cultist","floor":1,"turns":1},{"damage":0,"enemies":"2 Louse","floor":3,"turns":1},{"damage":0,"enemies":"Lagavulin","floor":7,"turns":2},{"damage":8,"enemies":"Small Slimes","floor":10,"turns":5},{"damage":0,"enemies":"2 Fungi Beasts","floor":11,"turns":3},{"damage":0,"enemies":"3 Louse","floor":13,"turns":3},{"damage":25,"enemies":"The Guardian","floor":16,"turns":17},{"damage":67,"enemies":"Shell Parasite","floor":18,"turns":10}],"seed_played":"2259058625862535198","potions_obtained":[{"floor":7,"key":"Swift Potion"},{"floor":13,"key":"Swift Potion"},{"floor":16,"key":"DuplicationPotion"}],"is_trial":false,"path_per_floor":["M","$","M","$","?","R","E","?","T","M","M","R","M","?","R","B",null,"M"],"character_chosen":"WATCHER","items_purchased":[],"campfire_rested":0,"item_purchase_floors":[],"current_hp_per_floor":[65,65,65,65,65,65,65,51,51,43,43,43,43,67,67,42,65,0,0],"gold":245,"neow_bonus":"THREE_ENEMY_KILL","is_daily":false,"chose_seed":false,"campfire_upgraded":3,"win_rate":0.0,"timestamp":1611784990,"path_taken":["M","$","M","?","?","R","E","?","T","M","M","R","M","?","R","BOSS","M"],"items_purchased_type":[],"build_version":"2020-12-22","purchased_purges":1,"victory":false,"max_hp_per_floor":[72,72,72,72,72,72,72,72,72,72,72,72,72,72,72,72,72,72,72],"card_choices":[{"not_picked":["FollowUp","ReachHeaven","WindmillStrike"],"picked":"SKIP","floor":1},{"not_picked":["JustLucky","FlurryOfBlows","BattleHymn"],"picked":"SKIP","floor":3},{"not_picked":["CutThroughFate","EmptyBody","CrushJoints"],"picked":"SKIP","floor":7},{"not_picked":["Prostrate","CutThroughFate","Vault"],"picked":"SKIP","floor":10},{"not_picked":["Tantrum","SashWhip","Consecrate"],"picked":"SKIP","floor":11},{"not_picked":["EmptyFist","Indignation","Consecrate"],"picked":"SKIP","floor":13}],"player_experience":224198,"relics_obtained":[{"floor":7,"key":"Lantern"},{"floor":9,"key":"Ancient Tea Set"}],"event_choices":[{"damage_healed":0,"gold_gain":0,"player_choice":"Leave","damage_taken":0,"max_hp_gain":0,"max_hp_loss":0,"event_name":"The Cleric","floor":5,"gold_loss":0},{"damage_healed":0,"gold_gain":0,"player_choice":"Entered Light","damage_taken":14,"max_hp_gain":0,"max_hp_loss":0,"event_name":"Shining Light","floor":8,"gold_loss":0,"cards_upgraded":["Strike_P","Defend_P"]},{"damage_healed":24,"gold_gain":0,"player_choice":"Banana","damage_taken":0,"max_hp_gain":0,"max_hp_loss":0,"event_name":"Big Fish","floor":14,"gold_loss":0}],"is_beta":false,"boss_relics":[{"not_picked":["Runic Pyramid","Calling Bell"],"picked":"Black Star"}],"items_purged_floors":[2],"is_endless":false,"potions_floor_spawned":[7,13,16],"killed_by":"Shell Parasite","ascension_level":11}}