{"host":"npaoev7ccr7c867s","time":1611776851,"event":{"mods":["AchievementEnabler","Act Like it!","Aspiration","Bard","BaseMod","Beaked The Cultist","Better Altar","Better Match","Better Note","Better Sensory Stone","Better Skull","Better Third Choice","BetterRewards","CCEM2","Clawfect","Colored Map","Conspire","Downfall","GifTheSpireLib","Googly Eyes","Halation","Hallownest","Hermit","Highlight Path","Hubris","Hunter ??","Infinite Spire","Jedi Mod","Jorbs\u0027s Wanderer Trilogy","Mad Scientist","Marisa????????","Mimic Mod","Minty Spire (QoL Compilation)","Permanent Neow","Replay The Spire","SIMod","SOS???????","Shade Mod","Shop Mod","Spicy Shops","StSLib","Stuff the Spire","The Administrix","The Animator","The Blackbeard","The Bug Knight","The Construct","The Cursed","The Disciple","The Gatherer","The Hierophant","The IronCluck","The Jungle","The Mystic","The Necromancer","The Problem Sleuth","The Runesmith","The Servant 0.9.4","The Spell Scribe","The Wild Card","The Witch","TheSurvivalist","TheVacant","Unceasing Turn Reminder","Warlord Emblem","[IsaacMod]????","everything is the same but u backflip on backflip","slay the spire mod where everything is the same but ironclad has a cowboy hat"],"gold_per_floor":[119,132,147,22,53,53,69,84,117,136,167,167,167,183,183,183,183],"floor_reached":16,"language":"ENG","playtime":1931,"items_purged":[],"score":98,"play_id":"dcdf8016-ac8b-4b0d-a056-64c42bf6342f","local_time":"20210127114731","is_ascension_mode":false,"campfire_choices":[{"data":"MysteriousBeam","floor":6,"key":"SMITH"},{"data":"infinitespire:Starlight","floor":15,"key":"SMITH"}],"circlet_count":0,"master_deck":["Strike_MRS","Strike_MRS","Strike_MRS","Strike_MRS","Defend_MRS","Defend_MRS","Defend_MRS","Defend_MRS","MasterSpark","UpSweep","6A","MysteriousBeam+1","Acceleration","IllusionStar","WitchOfGreed","Enlightenment","Clumsy","UnstableBomb","DoubleSpark","GrandCross","EarthLightRay","DragonMeteor","HandOfGreed","RefractionSpark","BlazeAway","PowerUp","FairyDestructionRay","LuminesStrike","OrrerysSun","infinitespire:Starlight+1","DC"],"relics":["MiniHakkero","HushsDoor","KeepersGift","CCEMRelics:SpiritsEdge","halation:SelfBoilingWater","hubris:ToyBattleship","hubris:KleinBottle"],"acts_visited":["Exordium"],"potions_floor_usage":[16,16],"damage_taken":[{"damage":0,"enemies":"Cultist","floor":1,"turns":2},{"damage":2,"enemies":"conspire:RoseBush","floor":2,"turns":2},{"damage":0,"enemies":"Jaw Worm","floor":3,"turns":1},{"damage":0,"enemies":"Exordium Thugs","floor":5,"turns":2},{"damage":0,"enemies":"Large Slime","floor":7,"turns":1},{"damage":0,"enemies":"Gremlin Gang","floor":8,"turns":3},{"damage":1,"enemies":"Looter","floor":9,"turns":4},{"damage":0,"enemies":"Looter","floor":10,"turns":1},{"damage":17,"enemies":"Large Slime","floor":11,"turns":4},{"damage":4,"enemies":"conspire:2 RoseBushes","floor":14,"turns":2},{"damage":44,"enemies":"The Guardian","floor":16,"turns":4}],"seed_played":"7101619854007413235","potions_obtained":[{"floor":1,"key":"Swift Potion"},{"floor":2,"key":"Strength Potion"},{"floor":5,"key":"FearPotion"},{"floor":5,"key":"PowerPotion"}],"is_trial":false,"path_per_floor":["M","M","M","$","M","R","M","M","MIM","M","M","?","$","M","R","B"],"character_chosen":"MARISA","items_purchased":["6A","MysteriousBeam","Acceleration","IllusionStar","WitchOfGreed","CCEMRelics:SpiritsEdge","Enlightenment","halation:SelfBoilingWater","EarthLightRay","DragonMeteor","HandOfGreed","hubris:KleinBottle"],"campfire_rested":0,"item_purchase_floors":[0,0,0,0,0,0,0,0,4,4,4,13],"current_hp_per_floor":[67,65,65,65,65,65,65,65,64,64,47,47,28,24,24,0,0],"gold":183,"neow_bonus":"","is_daily":false,"chose_seed":false,"campfire_upgraded":2,"win_rate":0.0,"timestamp":1611776851,"path_taken":["M","M","?","$","M","R","M","M","MIM","M","M","?","?","M","R","BOSS"],"items_purchased_type":["Card","Card","Card","Card","Card","Relic","Card","Relic","Card","Card","Card","Relic"],"build_version":"2020-12-22","purchased_purges":0,"victory":false,"max_hp_per_floor":[75,75,75,75,75,75,75,75,75,75,75,75,75,75,75,75,75],"card_choices":[{"not_picked":["OortCloud","Bomb"],"picked":"UnstableBomb","floor":1},{"not_picked":["WitchLeyline","WitchOfGreed"],"picked":"DoubleSpark","floor":2},{"not_picked":["AsteroidBelt","UnstableBomb"],"picked":"GrandCross","floor":3},{"not_picked":["UnstableBomb","GrandCross"],"picked":"RefractionSpark","floor":5},{"not_picked":["GrandCross","MeteoricShower"],"picked":"BlazeAway","floor":7},{"not_picked":["GasGiant","StarDustReverie"],"picked":"PowerUp","floor":8},{"not_picked":["OpenUniverse","MachineGunSpark"],"picked":"FairyDestructionRay","floor":9},{"not_picked":["WitchLeyline","DC"],"picked":"LuminesStrike","floor":10},{"not_picked":["SporeBomb","IllusionStar"],"picked":"OrrerysSun","floor":11},{"not_picked":["ReplayTheSpireMod:Black Plague","infinitespire:SealOfDarkness+"],"picked":"infinitespire:Starlight","floor":13},{"not_picked":["6A","SporeBomb"],"picked":"DC","floor":14}],"player_experience":189004,"relics_obtained":[{"floor":9,"key":"hubris:ToyBattleship"}],"event_choices":[],"is_beta":false,"boss_relics":[],"items_purged_floors":[],"is_endless":false,"potions_floor_spawned":[1,2,5,7,14],"killed_by":"The Guardian","ascension_level":0}}