{"host":"74uvi6kym3vf3uk6","time":1611722677,"event":{"mods":["AchievementEnabler","BaseMod","Better Altar","Better Match","Better Note","Better Sensory Stone","Better Skull","Better Third Choice","CatGirl Mod","Colored Map","Colored Powertips","Custom Start","Dark Map","Highlight Path","Minty Spire (QoL Compilation)","Permanent Neow","Rare Cards Sparkle","Shop Mod","StSLib","The Elementalist","The Exalted","The Runesmith","The Servant 0.9.4"],"gold_per_floor":[119,97,97,110,126,151,181,216,266,266,297,43,91,125,125,227,227,238,42,42,57,57,57,57,88,163,163,163,163,163,42,42,144,144,161,171,133,151,151,151,151,151,175,175,225,296,296,296,296,296],"floor_reached":51,"language":"ENG","playtime":4122,"items_purged":[],"score":828,"play_id":"d3768d40-8673-4177-bfdd-6ca0a566f92c","local_time":"20210126224437","daily_mods":["Draft","Heirloom","Time Dilation","Flight","Elite Swarm","Lethality"],"is_ascension_mode":true,"campfire_choices":[{"floor":10,"key":"REST"},{"data":"theCatGirl:BleedingWounds","floor":15,"key":"SMITH"},{"floor":23,"key":"REST"},{"floor":24,"key":"REST"},{"floor":28,"key":"REST"},{"floor":29,"key":"REST"},{"floor":30,"key":"REST"},{"data":"theCatGirl:Howl","floor":32,"key":"SMITH"},{"floor":40,"key":"REST"},{"data":"theCatGirl:LearnThePattern","floor":41,"key":"SMITH"},{"data":"theCatGirl:Prepared","floor":42,"key":"SMITH"},{"data":"theCatGirl:AngryForm","floor":44,"key":"SMITH"},{"floor":47,"key":"REST"},{"floor":49,"key":"REST"}],"circlet_count":0,"master_deck":["theCatGirl:Misfire","theCatGirl:Prepared","theCatGirl:Claws","theCatGirl:RageClaws","theCatGirl:BodyBlow","theCatGirl:FumblingBlow","theCatGirl:TwoStep","theCatGirl:Prepared+1","theCatGirl:Claws","theCatGirl:Growl+1","theCatGirl:Misfire","theCatGirl:TwoStep+1","theCatGirl:Meow","theCatGirl:Claws","theCatGirl:GoddessOfMisfortune","theCatGirl:Misfire","theCatGirl:KeepAlert","theCatGirl:TrainWreck","theCatGirl:ClawScratch","theCatGirl:HungerClaw","theCatGirl:BleedingWounds+1","theCatGirl:AngryForm+1","theCatGirl:Howl+1","theCatGirl:BloodScent","theCatGirl:LearnThePattern+1","theCatGirl:Howl+1","theCatGirl:ClenchYourTeeth","theCatGirl:Claws","theCatGirl:ClenchYourTeeth","theCatGirl:TwoStep","theCatGirl:Counterattack+1","Madness","Madness"],"relics":["theCatGirl:TrainedRelic","Bromod:ArcanePulse","HornCleat","Nunchaku","Bag of Preparation","The Courier","Bromod:ArcaneVictory","Bag of Marbles","Bromod:ArcaneEnergize","MerchantsRug","Singing Bowl","Prayer Wheel","Runesmith:Nanobots","ClockworkSouvenir","Runic Pyramid","elementalistmod:RedRibbon","theCatGirl:DriedFish","Bromod:ArcaneFury","Bromod:ArcaneDeflection"],"acts_visited":["Exordium","TheCity","TheBeyond"],"potions_floor_usage":[33,50],"damage_taken":[{"damage":0,"enemies":"Jaw Worm","floor":1,"turns":1},{"damage":0,"enemies":"Cultist","floor":4,"turns":2},{"damage":0,"enemies":"2 Louse","floor":5,"turns":1},{"damage":2,"enemies":"3 Sentries","floor":6,"turns":3},{"damage":9,"enemies":"Gremlin Nob","floor":7,"turns":3},{"damage":7,"enemies":"Lagavulin","floor":8,"turns":3},{"damage":0,"enemies":"Gremlin Nob","floor":11,"turns":3},{"damage":0,"enemies":"Lagavulin","floor":14,"turns":2},{"damage":10,"enemies":"The Guardian","floor":16,"turns":4},{"damage":57,"enemies":"3 Byrds","floor":18,"turns":4},{"damage":13,"enemies":"2 Thieves","floor":21,"turns":3},{"damage":59,"enemies":"Slavers","floor":25,"turns":5},{"damage":0,"enemies":"Champ","floor":33,"turns":3},{"damage":7,"enemies":"3 Darklings","floor":35,"turns":2},{"damage":0,"enemies":"Orb Walker","floor":36,"turns":1},{"damage":13,"enemies":"Jaw Worm Horde","floor":38,"turns":2},{"damage":44,"enemies":"Mind Bloom Boss Battle","floor":45,"turns":3},{"damage":66,"enemies":"Donu and Deca","floor":50,"turns":4}],"seed_played":"-2758430760746815565","potions_obtained":[{"floor":4,"key":"AttackPotion"},{"floor":5,"key":"PowerPotion"},{"floor":14,"key":"Block Potion"},{"floor":25,"key":"LiquidBronze"},{"floor":38,"key":"Strength Potion"}],"is_trial":true,"path_per_floor":["M","$","?","M","M","E","E","E","T","R","E","$","T","E","R","B",null,"M","$","?","M","?","R","R","E","T","?","R","R","R","$","R","B",null,"M","M","$","M","?","R","R","R","T","R","?","T","R","?","R","B",null],"character_chosen":"THE_CATGIRL","items_purchased":["theCatGirl:KeepAlert","Bromod:ArcaneVictory","theCatGirl:BloodScent","MerchantsRug","Singing Bowl","ClockworkSouvenir","theCatGirl:TwoStep"],"campfire_rested":9,"item_purchase_floors":[2,12,12,19,19,31,37],"current_hp_per_floor":[70,70,70,70,70,68,59,52,52,70,73,73,73,73,73,65,73,22,22,22,13,13,35,57,11,11,11,35,59,78,78,78,83,83,85,92,92,88,88,94,94,94,94,94,55,55,84,72,96,41],"gold":296,"neow_bonus":"","is_daily":false,"chose_seed":false,"campfire_upgraded":5,"win_rate":0.0,"timestamp":1611722677,"path_taken":["M","$","?","M","M","E","E","E","T","R","E","$","?","E","R","BOSS","M","$","?","?","?","R","R","E","T","?","R","R","R","$","R","BOSS","M","M","$","?","?","R","R","R","T","R","?","?","R","?","R","BOSS"],"items_purchased_type":["Card","Relic","Card","Relic","Relic","Relic","Card"],"build_version":"2020-12-22","purchased_purges":0,"victory":true,"max_hp_per_floor":[70,70,70,70,70,70,70,70,70,70,73,73,73,73,73,73,73,73,73,73,73,73,73,73,78,78,78,78,78,78,78,78,83,83,85,92,92,94,94,94,94,94,94,94,96,96,96,96,96,99],"card_choices":[{"not_picked":["theCatGirl:Stalk","theCatGirl:LostTrinket"],"picked":"theCatGirl:Misfire","floor":0},{"not_picked":["theCatGirl:UnrelentingAssault","theCatGirl:SpinningStrike"],"picked":"theCatGirl:Prepared","floor":0},{"not_picked":["theCatGirl:BloodBath","theCatGirl:EmergencyParry"],"picked":"theCatGirl:Claws","floor":0},{"not_picked":["theCatGirl:SearchBackpack","theCatGirl:SmellFear"],"picked":"theCatGirl:RageClaws","floor":0},{"not_picked":["theCatGirl:ElegantStrike","theCatGirl:Stalk"],"picked":"theCatGirl:BodyBlow","floor":0},{"not_picked":["theCatGirl:ShockedWitness","theCatGirl:ChangeOfPlans"],"picked":"theCatGirl:FumblingBlow","floor":0},{"not_picked":["theCatGirl:FumblingBlow","theCatGirl:TripLunge"],"picked":"theCatGirl:TwoStep","floor":0},{"not_picked":["theCatGirl:KeepAlert","theCatGirl:AllIn"],"picked":"theCatGirl:Prepared","floor":0},{"not_picked":["theCatGirl:GoddessOfMisfortune","theCatGirl:Stalk"],"picked":"theCatGirl:Claws","floor":0},{"not_picked":["theCatGirl:GoddessOfMisfortune","theCatGirl:ChangeOfPlans"],"picked":"theCatGirl:Growl","floor":0},{"not_picked":["theCatGirl:EmergencyParry","theCatGirl:FinishingMove"],"picked":"theCatGirl:Misfire","floor":0},{"not_picked":["theCatGirl:PoisedStrike","theCatGirl:TrainWreck"],"picked":"theCatGirl:TwoStep","floor":0},{"not_picked":["theCatGirl:ClawScratch","theCatGirl:LearnByMistake"],"picked":"theCatGirl:Meow","floor":0},{"not_picked":["theCatGirl:ComboAttack","theCatGirl:RageClaws"],"picked":"theCatGirl:Claws","floor":0},{"not_picked":["theCatGirl:TwoStep","theCatGirl:LuckyBlow"],"picked":"theCatGirl:GoddessOfMisfortune","floor":0},{"not_picked":["theCatGirl:ChangeOfPlans","theCatGirl:UnrelentingAssault"],"picked":"theCatGirl:Misfire","floor":1},{"not_picked":["theCatGirl:ChangeOfPlans","theCatGirl:ComboAttack"],"picked":"theCatGirl:TrainWreck","floor":4},{"not_picked":["theCatGirl:Meow","theCatGirl:QuickStrike"],"picked":"theCatGirl:ClawScratch","floor":5},{"not_picked":["theCatGirl:AdventurersInsight","theCatGirl:Enrage"],"picked":"theCatGirl:HungerClaw","floor":6},{"not_picked":["theCatGirl:PoiseStance","theCatGirl:HungerClaw"],"picked":"theCatGirl:BleedingWounds","floor":7},{"not_picked":["theCatGirl:PoiseStance","theCatGirl:HungerClaw"],"picked":"theCatGirl:AngryForm","floor":8},{"not_picked":["theCatGirl:PerfectBlock","theCatGirl:Beastification"],"picked":"theCatGirl:Howl","floor":11},{"not_picked":["theCatGirl:Howl","theCatGirl:Enrage"],"picked":"theCatGirl:LearnThePattern","floor":14},{"not_picked":["theCatGirl:Insane","theCatGirl:AdventurersInsight"],"picked":"theCatGirl:Howl","floor":16},{"not_picked":["theCatGirl:FinishingMove+1","theCatGirl:PoisedStrike+1","theCatGirl:SmellFear"],"picked":"SKIP","floor":18},{"not_picked":["theCatGirl:RecoveryBlow","theCatGirl:DefensiveStance+1"],"picked":"theCatGirl:ClenchYourTeeth","floor":21},{"not_picked":["theCatGirl:Howl","theCatGirl:AdventurersInsight","theCatGirl:BleedingWounds"],"picked":"Singing Bowl","floor":25},{"not_picked":["theCatGirl:PoiseStance","theCatGirl:AccidentalHeadbutt","theCatGirl:LearnThePattern"],"picked":"Singing Bowl","floor":33},{"not_picked":["theCatGirl:PoisedStrike","theCatGirl:RecoveryBlow+1","theCatGirl:ScratchFlurry+1"],"picked":"Singing Bowl","floor":35},{"not_picked":["theCatGirl:TryingMyBest","theCatGirl:SearchBackpack+1"],"picked":"theCatGirl:ClenchYourTeeth","floor":35},{"not_picked":["theCatGirl:ChangeOfPlans","theCatGirl:LuckyBlow+1","theCatGirl:ExtremeSpeed+1"],"picked":"Singing Bowl","floor":36},{"not_picked":["theCatGirl:ScratchFlurry+1","theCatGirl:FinishingMove","theCatGirl:RunningWithDaggers+1"],"picked":"Singing Bowl","floor":36},{"not_picked":["theCatGirl:ScratchFlurry","theCatGirl:TryingMyBest+1","theCatGirl:RageClaws+1"],"picked":"Singing Bowl","floor":38},{"not_picked":["theCatGirl:PlayAround+1","theCatGirl:Meow+1"],"picked":"theCatGirl:Counterattack+1","floor":38},{"not_picked":["theCatGirl:LostTrinket+1","theCatGirl:EmergencyParry","theCatGirl:SmellFear"],"picked":"Singing Bowl","floor":45}],"player_experience":184460,"relics_obtained":[{"floor":6,"key":"War Paint"},{"floor":7,"key":"HornCleat"},{"floor":8,"key":"Nunchaku"},{"floor":9,"key":"Bag of Preparation"},{"floor":11,"key":"The Courier"},{"floor":13,"key":"Bag of Marbles"},{"floor":14,"key":"theCatGirl:Ambush"},{"floor":25,"key":"Prayer Wheel"},{"floor":26,"key":"Runesmith:Nanobots"},{"floor":43,"key":"theCatGirl:DriedFish"},{"floor":45,"key":"Bromod:ArcaneFury"},{"floor":46,"key":"Bromod:ArcaneDeflection"}],"event_choices":[{"damage_healed":0,"gold_gain":0,"player_choice":"Ignored","damage_taken":0,"max_hp_gain":0,"max_hp_loss":0,"event_name":"Transmorgrifier","floor":3,"gold_loss":0},{"damage_healed":0,"gold_gain":0,"player_choice":"Forge","damage_taken":0,"max_hp_gain":0,"max_hp_loss":0,"event_name":"Accursed Blacksmith","floor":20,"gold_loss":0,"cards_upgraded":["theCatGirl:Howl"]},{"damage_healed":0,"gold_gain":0,"player_choice":"Ignored","damage_taken":0,"max_hp_gain":0,"max_hp_loss":0,"event_name":"Vampires","floor":22,"gold_loss":0},{"damage_healed":0,"gold_gain":0,"player_choice":"Copied","damage_taken":0,"max_hp_gain":0,"max_hp_loss":0,"event_name":"Duplicator","floor":27,"gold_loss":0,"cards_obtained":["theCatGirl:Claws"]},{"damage_healed":0,"gold_gain":0,"player_choice":"Fight","damage_taken":0,"max_hp_gain":0,"max_hp_loss":0,"event_name":"MindBloom","floor":45,"gold_loss":0},{"damage_healed":0,"gold_gain":0,"player_choice":"Embrace Madness","damage_taken":12,"max_hp_gain":0,"max_hp_loss":0,"event_name":"Winding Halls","floor":48,"gold_loss":0,"cards_obtained":["Madness","Madness"]}],"is_beta":false,"boss_relics":[{"not_picked":["Astrolabe","Snecko Eye"],"picked":"Bromod:ArcaneEnergize"},{"not_picked":["Cursed Key","Empty Cage"],"picked":"Runic Pyramid"}],"items_purged_floors":[],"is_endless":false,"potions_floor_spawned":[4,5,14,25,38],"ascension_level":1}}