{"host":"e8qlq9m73szgw1mp","time":1611791681,"event":{"mods":["2.2 Compatiblity","AchievementEnabler","BaseMod","Colored Powertips","Downfall","Highlight Path","Minty Spire (QoL Compilation)","Quick Restart","StSLib"],"gold_per_floor":[99,59,59,73,83,83,110,140,155,177,248,288,88,114,136,244,244,244,261,261,261,285,304,304,304,304,204,235,266,301,346,377,491,503,515,543,569,600,625,253,253,145,173,173,192,224,224,244,258,258,258,285,43,43,43,43],"floor_reached":57,"language":"ENG","playtime":4267,"items_purged":["hexamod:Strike+1","hexamod:FlamesFromBeyond+1","hexamod:Strike+1"],"score":1516,"play_id":"5deb6878-c7d6-4000-8bd7-904d110045e5","local_time":"20210127155441","is_ascension_mode":true,"campfire_choices":[{"floor":1.0,"key":"RECALL"},{"data":"hexamod:Float","floor":6.0,"key":"SMITH"},{"floor":13.0,"key":"REST"},{"data":"hexamod:RainOfEmbers","floor":18.0,"key":"SMITH"},{"data":"hexamod:TimeOfNeed","floor":27.0,"key":"SMITH"},{"data":"hexamod:SearingWound","floor":35.0,"key":"SMITH"},{"data":"hexamod:SpectralSpark","floor":44,"key":"SMITH"},{"floor":47,"key":"REST"},{"floor":54,"key":"REST"}],"circlet_count":0,"master_deck":["hexamod:Strike+1","hexamod:Strike+1","hexamod:Defend+1","hexamod:Defend+1","hexamod:Defend+1","hexamod:Defend+1","hexamod:Sear+1","hexamod:Float+1","hexamod:RainOfEmbers+1","hexamod:BurningTouch+1","hexamod:DynamicBlow+1","hexamod:VolcanoVisage+1","hexamod:TimeOfNeed+1","hexamod:ThermalTransfer+1","hexamod:SpectralSpark+1","hexamod:SearingWound+1","CurseOfTheBell","hexamod:ChargedBarrage+1","hexamod:Incineration+1","hexamod:HeatShield+1"],"relics":["hexamod:SpiritBrand","downfall:ShatteredFragment","The Courier","Mango","Darkstone Periapt","downfall:HeartBlessingBlue","downfall:HeartBlessingGreen","Philosopher\u0027s Stone","Toy Ornithopter","hexamod:TheBrokenSeal","Bottled Flame","downfall:HeartBlessingRed","MawBank","Boot","Molten Egg 2","Calling Bell","Smiling Mask","Pantograph","Pocketwatch","hexamod:CandleOfCauterizing","Chemical X","Mercury Hourglass","ClockworkSouvenir","Bottled Lightning","Centennial Puzzle","Bag of Marbles","Mummified Hand","Sundial"],"acts_visited":["Exordium","TheCity","TheBeyond","TheEnding"],"potions_floor_usage":[56,56],"damage_taken":[{"damage":0.0,"enemies":"downfall:FleeingMerchant","floor":2.0,"turns":4.0},{"damage":6.0,"enemies":"Cultist","floor":4.0,"turns":3.0},{"damage":10.0,"enemies":"Small Slimes","floor":5.0,"turns":3.0},{"damage":5.0,"enemies":"3 Sentries","floor":8.0,"turns":6.0},{"damage":9.0,"enemies":"2 Louse","floor":9.0,"turns":2.0},{"damage":0.0,"enemies":"Exordium Wildlife","floor":10.0,"turns":3.0},{"damage":4.0,"enemies":"3 Sentries","floor":11.0,"turns":5.0},{"damage":22.0,"enemies":"Gremlin Nob","floor":12.0,"turns":4.0},{"damage":17.0,"enemies":"3 Louse","floor":14.0,"turns":3.0},{"damage":16.0,"enemies":"Large Slime","floor":15.0,"turns":3.0},{"damage":28.0,"enemies":"WA_ARCHETYPE_RETAIN","floor":16.0,"turns":7.0},{"damage":25.0,"enemies":"Chosen","floor":19.0,"turns":6.0},{"damage":16.0,"enemies":"Shell Parasite","floor":22.0,"turns":6.0},{"damage":28.0,"enemies":"Centurion and Healer","floor":23.0,"turns":5.0},{"damage":9.0,"enemies":"Book of Stabbing","floor":28.0,"turns":3.0},{"damage":15.0,"enemies":"Shelled Parasite and Fungi","floor":29.0,"turns":4.0},{"damage":10.0,"enemies":"Gremlin Leader","floor":31.0,"turns":4.0},{"damage":1.0,"enemies":"Snecko","floor":32.0,"turns":3.0},{"damage":30.0,"enemies":"SI_MIRROR_ARCHETYPE","floor":33.0,"turns":6.0},{"damage":0.0,"enemies":"3 Darklings","floor":36.0,"turns":3.0},{"damage":0.0,"enemies":"Orb Walker","floor":37.0,"turns":2.0},{"damage":15,"enemies":"3 Darklings","floor":38,"turns":3},{"damage":9,"enemies":"Sphere and 2 Shapes","floor":39,"turns":6},{"damage":0,"enemies":"downfall:FleeingMerchant","floor":40,"turns":4},{"damage":0,"enemies":"downfall:FleeingMerchant","floor":42,"turns":1},{"damage":9,"enemies":"Giant Head","floor":43,"turns":6},{"damage":8,"enemies":"Writhing Mass","floor":45,"turns":3},{"damage":0,"enemies":"Reptomancer","floor":46,"turns":3},{"damage":0,"enemies":"Spire Growth","floor":48,"turns":2},{"damage":2,"enemies":"Jaw Worm Horde","floor":49,"turns":3},{"damage":25,"enemies":"DF_ARCHETYPE_ORBS","floor":50,"turns":3},{"damage":60,"enemies":"downfall:CharBossMerchant","floor":52,"turns":6},{"damage":28,"enemies":"downfall:NeowBoss","floor":55,"turns":10},{"damage":125,"enemies":"downfall:NeowBossFinal","floor":56,"turns":7}],"seed_played":"6238509725093868144","potions_obtained":[{"floor":4.0,"key":"hexamod:InfernoChargePotion"},{"floor":5.0,"key":"SteroidPotion"},{"floor":8.0,"key":"Ancient Potion"},{"floor":10.0,"key":"EssenceOfSteel"},{"floor":14.0,"key":"FairyPotion"},{"floor":16.0,"key":"Fruit Juice"},{"floor":19.0,"key":"Slimebound:ThreeZeroPotion"},{"floor":22.0,"key":"Guardian:BlockOnCardUsePotion"},{"floor":28.0,"key":"Swift Potion"},{"floor":31.0,"key":"Block Potion"}],"is_trial":false,"path_per_floor":["R","$","?","M","M","R","T","E","M","M","?","E","R","M","M","B",null,"R","M","?","?","M","M","T","?","?","R","E","M","T","E","M","B",null,"R","M","M","M","M","$","T","$","E","R","M","E","R","M","M","B",null,"E","$","R","B","B",null],"character_chosen":"THE_SPIRIT","items_purchased":["hexamod:FlamesFromBeyond","hexamod:CandleOfCauterizing","Chemical X","hexamod:Incineration+1","ClockworkSouvenir","Bottled Lightning","Sundial"],"campfire_rested":3,"item_purchase_floors":[2,40,40,42,42,42,53],"current_hp_per_floor":[70,70,49,43,33,33,33,28,19,19,29,7,45,28,12,13,94,94,69,75,75,76,115,115,115,115,115,106,91,91,81,80,50,121,121,121,121,106,97,97,97,97,88,88,80,80,116,116,114,96,121,61,61,97,93,3],"gold":43,"neow_bonus":"ONE_RANDOM_RARE_CARD","is_daily":false,"chose_seed":false,"campfire_upgraded":5,"win_rate":0.0,"timestamp":1611791681,"path_taken":["R","?","?","M","M","R","T","E","M","M","?","E","R","M","M","BOSS","R","M","?","?","M","M","T","?","?","R","E","?","?","E","M","BOSS","R","M","M","?","M","$","T","$","E","R","M","E","R","M","M","BOSS","E","$","R","BOSS","BOSS"],"items_purchased_type":["Card","Relic","Relic","Card","Relic","Relic","Relic"],"build_version":"2020-12-22","purchased_purges":3,"victory":true,"max_hp_per_floor":[70,70,70,70,70,70,70,70,70,70,84,84,94,94,94,94,94,94,94,100,100,105,115,115,115,115,115,115,115,115,115,115,115,121,121,121,121,121,121,121,121,121,121,121,121,121,121,121,121,121,121,121,121,121,121,121],"card_choices":[{"not_picked":["hexamod:CatchUp","hexamod:ExtraCrispy"],"picked":"hexamod:RainOfEmbers","floor":2.0},{"not_picked":["hexamod:InspiringFlames","hexamod:AdvancingGuard"],"picked":"hexamod:BurningTouch","floor":4.0},{"not_picked":["hexamod:RadiantFlame","hexamod:Hexaguard"],"picked":"hexamod:DynamicBlow","floor":5.0},{"not_picked":["hexamod:AdvancingGuard","hexamod:SearingWound"],"picked":"hexamod:VolcanoVisage","floor":8.0},{"not_picked":["hexamod:HauntingEcho","hexamod:RetreatToShadows"],"picked":"hexamod:SecondSeal","floor":9.0},{"not_picked":["hexamod:BurningTouch","hexamod:Firestarter","hexamod:RecurringNightmare"],"picked":"SKIP","floor":10.0},{"not_picked":["hexamod:BurningTouch","hexamod:FourthSeal"],"picked":"hexamod:TimeOfNeed","floor":12.0},{"not_picked":["hexamod:FastForward","hexamod:BacktrackSmack","hexamod:ShieldOfDarkness"],"picked":"SKIP","floor":14.0},{"not_picked":["hexamod:FastForward","hexamod:NecessarySacrifice","hexamod:FourthSeal"],"picked":"SKIP","floor":15.0},{"not_picked":["hexamod:FastForward","hexamod:NecessarySacrifice"],"picked":"hexamod:FourthSeal","floor":15.0},{"not_picked":["hexamod:GhostflameInferno","hexamod:ApocalypseNow"],"picked":"hexamod:FifthSeal","floor":16.0},{"not_picked":["hexamod:SecondSeal","hexamod:FourthSeal"],"picked":"hexamod:FirstSeal","floor":19.0},{"not_picked":["hexamod:GhostLash","hexamod:Firestarter","hexamod:PhantomCloak"],"picked":"SKIP","floor":19.0},{"not_picked":["hexamod:SecondSeal","hexamod:FirstSeal"],"picked":"hexamod:ThirdSeal","floor":22.0},{"not_picked":["hexamod:AdvancingGuard","hexamod:SpectersWail+1","hexamod:BacktrackSmack+1"],"picked":"SKIP","floor":22.0},{"not_picked":["hexamod:GhostLash","hexamod:FlamesFromBeyond+1","hexamod:BacktrackSmack+1"],"picked":"SKIP","floor":23.0},{"not_picked":["hexamod:PhantomFireball","hexamod:GhostOfSpirePast","hexamod:BacktrackSmack+1"],"picked":"SKIP","floor":28.0},{"not_picked":["hexamod:BacktrackSmack","hexamod:GhostShield","hexamod:NightmareGuise"],"picked":"SKIP","floor":29.0},{"not_picked":["hexamod:ApocalypticArmor","hexamod:InspiringFlames"],"picked":"hexamod:ThermalTransfer+1","floor":31.0},{"not_picked":["hexamod:FlamesFromBeyond","hexamod:SpectersWail+1"],"picked":"hexamod:SpectralSpark","floor":32.0},{"not_picked":["hexamod:UnlimitedPower","hexamod:UnleashSpirits+1"],"picked":"hexamod:SearingWound","floor":33.0},{"not_picked":["hexamod:Again+1","hexamod:ThermalTransfer+1"],"picked":"hexamod:ChargedBarrage+1","floor":36.0},{"not_picked":["hexamod:Firestarter+1","hexamod:PowerFromBeyond+1","hexamod:SuperheatedStrike+1"],"picked":"SKIP","floor":37.0},{"not_picked":["hexamod:SkipABeat","hexamod:SuperheatedStrike+1","hexamod:InspiringFlames+1"],"picked":"SKIP","floor":38},{"not_picked":["hexamod:SwordOfDarkness+1","hexamod:BurningTouch+1","hexamod:ExtraCrispy"],"picked":"SKIP","floor":39},{"not_picked":["hexamod:InspiringFlames+1","hexamod:SoulSteal","hexamod:BacktrackSmack+1"],"picked":"SKIP","floor":40},{"not_picked":["hexamod:CatchUp","hexamod:BacktrackSmack+1","hexamod:HexaLevel"],"picked":"SKIP","floor":42},{"not_picked":["hexamod:HeatMetal+1","hexamod:SwordOfDarkness+1"],"picked":"hexamod:HeatShield+1","floor":43},{"not_picked":["hexamod:FlamesFromBeyond+1","hexamod:ThermalTransfer+1","hexamod:GhostOfSpirePast+1"],"picked":"SKIP","floor":45},{"not_picked":["hexamod:FastForward","hexamod:BacktrackSmack+1","hexamod:GhostOfSpireFuture"],"picked":"SKIP","floor":46},{"not_picked":["hexamod:CatchUp","hexamod:InspiringFlames+1","hexamod:GiftsFromTheDead"],"picked":"SKIP","floor":48},{"not_picked":["hexamod:BacktrackSmack+1","hexamod:HeatMetal+1","hexamod:FlamesFromBeyond+1"],"picked":"SKIP","floor":49},{"not_picked":["hexamod:Firestarter+1","hexamod:BacktrackSmack+1","hexamod:UnlimitedPower"],"picked":"SKIP","floor":52}],"player_experience":1308760,"relics_obtained":[{"floor":8.0,"key":"The Courier"},{"floor":12.0,"key":"Darkstone Periapt"},{"floor":24.0,"key":"Bottled Flame"},{"floor":28.0,"key":"MawBank"},{"floor":30.0,"key":"Boot"},{"floor":31.0,"key":"Molten Egg 2"},{"floor":34.0,"key":"Smiling Mask"},{"floor":34.0,"key":"Pantograph"},{"floor":34.0,"key":"Pocketwatch"},{"floor":41,"key":"Mercury Hourglass"},{"floor":43,"key":"Centennial Puzzle"},{"floor":46,"key":"Bag of Marbles"},{"floor":52,"key":"Mummified Hand"}],"event_choices":[],"is_beta":false,"boss_relics":[{"not_picked":["SacredBark","Busted Crown"],"picked":"Philosopher\u0027s Stone"},{"not_picked":["SlaversCollar","Black Star"],"picked":"Calling Bell"}],"items_purged_floors":[40,42,53],"is_endless":false,"potions_floor_spawned":[4,5,8,10,14,22,23,28,31,37,43,45,46,52],"ascension_level":1}}