{"host":"hfxahm4y1ssattqc","time":1611734499,"event":{"mods":["2.2 Compatiblity","Act Like it!","Aspiration","BaseMod","Beaked The Cultist","Better Third Choice","BetterRewards","Colored Map","Colored Powertips","Custom Start","Googly Eyes","Halation","Hallownest","Hermit","Highlight Path","Hubris","Mimic Mod","Minty Spire (QoL Compilation)","Reorder Act Four","Replay The Spire","Shop Mod","Spikes Relics","StSLib","The Bug Knight","The IronCluck","The Jungle","Unknown Chances","slay the spire mod where everything is the same but ironclad has a cowboy hat"],"gold_per_floor":[114,131,131,70,90,90,125,141,165,175,246,260,278,308,308,410,410,422,362,3,16,36,70,70,1,35,35,50,50,69,80,80,177,177,197,48,98,98,98,98,128,128,128,128,142,142,152,171,171,171,171,14,14,46,46,46],"floor_reached":55,"language":"ENG","playtime":2648,"items_purged":[],"score":829,"play_id":"bfe0982d-57af-42cc-b27c-e3e273e4928f","local_time":"20210127000139","is_ascension_mode":false,"campfire_choices":[{"data":"Footwork","floor":6.0,"key":"SMITH"},{"data":"Cloak And Dagger","floor":15.0,"key":"SMITH"},{"data":"1","floor":24.0,"key":"LIFT"},{"data":"2","floor":27.0,"key":"LIFT"},{"data":"Footwork","floor":29.0,"key":"SMITH"},{"floor":32.0,"key":"REST"},{"floor":40.0,"key":"RECALL"},{"data":"3","floor":42.0,"key":"LIFT"},{"data":"ReplayTheSpireMod:Scrap Shanks","floor":44.0,"key":"SMITH"},{"floor":49.0,"key":"DIG"},{"data":"Storm of Steel","floor":53.0,"key":"SMITH"}],"circlet_count":0,"master_deck":["Strike_G","Strike_G","Strike_G","Strike_G","Strike_G","Defend_G","Defend_G","Defend_G","Defend_G","Survivor","Neutralize","Footwork+1","Footwork+1","Accuracy+1","Cloak And Dagger+1","Cloak And Dagger","Accuracy","Burst","Footwork","Footwork","ReplayTheSpireMod:Scrap Shanks+1","Storm of Steel+1","Noxious Fumes+1","Bullet Time"],"relics":["Ring of the Snake","aspiration:SeaSaltIceCream","Sandwich","hubris:SlimyHat","Pantograph","WizardHat","hubris:Stopwatch","Girya","InkBottle","halation:Trompette","Gremlin Food","Calipers","hubris:Towel","aspiration:FetidBarrel","Gremlin Horn","Centennial Puzzle","halation:KoshaPiece","aspiration:HatOfInfinitePower"],"acts_visited":["Exordium","TheCity","TheBeyond","TheEnding"],"potions_floor_usage":[54,55,55,55,55],"damage_taken":[{"damage":0.0,"enemies":"Small Slimes","floor":1.0,"turns":3.0},{"damage":0.0,"enemies":"Cultist","floor":2.0,"turns":3.0},{"damage":0.0,"enemies":"2 Louse","floor":5.0,"turns":3.0},{"damage":2.0,"enemies":"3 Sentries","floor":7.0,"turns":7.0},{"damage":0.0,"enemies":"Blue Slaver","floor":8.0,"turns":3.0},{"damage":0.0,"enemies":"2 Fungi Beasts","floor":10.0,"turns":5.0},{"damage":0.0,"enemies":"Red Slaver","floor":12.0,"turns":4.0},{"damage":0.0,"enemies":"Looter","floor":13.0,"turns":3.0},{"damage":0.0,"enemies":"Lagavulin","floor":14.0,"turns":6.0},{"damage":0.0,"enemies":"The Guardian","floor":16.0,"turns":11.0},{"damage":0.0,"enemies":"Spheric Guardian","floor":18.0,"turns":3.0},{"damage":0.0,"enemies":"Chosen","floor":21.0,"turns":5.0},{"damage":2.0,"enemies":"Centurion and Healer","floor":22.0,"turns":7.0},{"damage":13.0,"enemies":"Gremlin Leader","floor":23.0,"turns":10.0},{"damage":0.0,"enemies":"Snecko","floor":26.0,"turns":13.0},{"damage":4.0,"enemies":"Snecko","floor":28.0,"turns":3.0},{"damage":8.0,"enemies":"Sentry and Sphere","floor":30.0,"turns":4.0},{"damage":9.0,"enemies":"Centurion and Healer","floor":31.0,"turns":7.0},{"damage":0.0,"enemies":"Collector","floor":33.0,"turns":7.0},{"damage":1.0,"enemies":"3 Darklings","floor":35.0,"turns":4.0},{"damage":3.0,"enemies":"Mind Bloom Boss Battle","floor":37.0,"turns":5.0},{"damage":13.0,"enemies":"Reptomancer","floor":41.0,"turns":7.0},{"damage":0.0,"enemies":"3 Shapes","floor":45.0,"turns":1.0},{"damage":0.0,"enemies":"Sphere and 2 Shapes","floor":47.0,"turns":1.0},{"damage":29.0,"enemies":"Maw","floor":48.0,"turns":6.0},{"damage":0.0,"enemies":"Replay:Hell Engine","floor":50.0,"turns":6.0},{"damage":37,"enemies":"Shield and Spear","floor":54,"turns":4},{"damage":63,"enemies":"The Heart","floor":55,"turns":5}],"seed_played":"4718705757915882522","potions_obtained":[{"floor":7.0,"key":"EntropicBrew"},{"floor":8.0,"key":"Swift Potion"},{"floor":10.0,"key":"EssenceOfSteel"},{"floor":28.0,"key":"GamblersBrew"},{"floor":30.0,"key":"Fruit Juice"},{"floor":33.0,"key":"Death Potion"},{"floor":45.0,"key":"Reflective Coating"}],"is_trial":false,"path_per_floor":["M","M","?","$","M","R","E","M","T","M","T","M","M","E","R","B",null,"M","?","$","M","M","E","R","$","MIM","R","M","R","M","M","R","B",null,"M","$","?","?","?","R","E","R","T","R","M","?","M","M","R_BF","B",null,"$","R","E","B"],"character_chosen":"THE_SILENT","items_purchased":["Footwork","aspiration:SeaSaltIceCream","Accuracy+1","Girya","Footwork","Footwork","Gremlin Food","halation:KoshaPiece"],"campfire_rested":1,"item_purchase_floors":[0,0,4,20,20,25,36,52],"current_hp_per_floor":[70,70,70,70,70,70,68,68,68,68,68,68,68,68,68,70,70,70,70,70,70,68,55,55,55,55,55,51,51,43,34,55,70,70,69,69,72,72,72,72,59,59,59,59,59,64,64,35,35,60,75,75,75,38,0,0],"gold":46,"neow_bonus":"","is_daily":false,"chose_seed":false,"campfire_upgraded":5,"win_rate":0.0,"timestamp":1611734499,"path_taken":["M","M","?","$","?","R","E","M","T","M","?","M","?","E","R","BOSS","M","?","$","M","M","E","R","$","MIM","R","M","R","M","M","R","BOSS","M","$","?","?","?","R","E","R","T","R","?","?","M","M","R_BF","BOSS","$","R","E","BOSS"],"items_purchased_type":["Card","Relic","Card","Relic","Card","Card","Relic","Relic"],"build_version":"2020-12-22","purchased_purges":0,"victory":false,"max_hp_per_floor":[70,70,70,70,70,70,70,70,70,70,70,70,70,70,70,70,70,70,70,70,70,70,70,70,70,70,70,70,70,70,70,70,70,70,70,70,75,75,75,75,75,75,75,75,75,75,75,75,75,75,75,75,75,75,75,75],"card_choices":[{"not_picked":["Underhanded Strike","Quick Slash","Slice"],"picked":"SKIP","floor":1.0},{"not_picked":["Dagger Throw","Quick Slash","Bane"],"picked":"SKIP","floor":2.0},{"not_picked":["Quick Slash","Underhanded Strike","Slice"],"picked":"SKIP","floor":5.0},{"not_picked":["Flying Knee","ReplayTheSpireMod:Speed Training"],"picked":"Cloak And Dagger","floor":7.0},{"not_picked":["Underhanded Strike","Quick Slash"],"picked":"Cloak And Dagger","floor":8.0},{"not_picked":["Deflect","Toxin Wave","Backflip"],"picked":"SKIP","floor":10.0},{"not_picked":["Unload","Deadly Poison"],"picked":"Accuracy","floor":12.0},{"not_picked":["Quick Slash","Deadly Poison","Deflect"],"picked":"SKIP","floor":13.0},{"not_picked":["Cloak And Dagger","Infinite Blades","Endless Agony"],"picked":"SKIP","floor":14.0},{"not_picked":["Corpse Explosion","ReplayTheSpireMod:From All Sides"],"picked":"Burst","floor":16.0},{"not_picked":["Underhanded Strike","Flying Knee","Deflect"],"picked":"SKIP","floor":18.0},{"not_picked":["Backflip+1","Acrobatics+1","Dash"],"picked":"SKIP","floor":21.0},{"not_picked":["Poison Darts","Dagger Throw+1","Quick Slash"],"picked":"SKIP","floor":22.0},{"not_picked":["Well Laid Plans+1","Dodge and Roll","Quick Slash"],"picked":"SKIP","floor":23.0},{"not_picked":["Distraction","Eviscerate","Hidden Blade"],"picked":"SKIP","floor":28.0},{"not_picked":["PiercingWail+1","Dodge and Roll+1","Eviscerate"],"picked":"SKIP","floor":30.0},{"not_picked":["ReplayTheSpireMod:Tripwire","Bane"],"picked":"ReplayTheSpireMod:Scrap Shanks","floor":31.0},{"not_picked":["Unload","Poison Darts"],"picked":"Storm of Steel","floor":33.0},{"not_picked":["Deadly Poison","Hidden Blade+1"],"picked":"Noxious Fumes+1","floor":35.0},{"not_picked":["Outmaneuver+1","Bane","Sucker Punch+1"],"picked":"SKIP","floor":41.0},{"not_picked":["Blur","Setup","Backflip"],"picked":"SKIP","floor":45.0},{"not_picked":["Deadly Poison","Skewer"],"picked":"Bullet Time","floor":47.0},{"not_picked":["Acrobatics","Sucker Punch","Masterful Stab"],"picked":"SKIP","floor":48.0},{"not_picked":["Cloak And Dagger+1","Backflip","Dagger Throw"],"picked":"SKIP","floor":54}],"player_experience":922338,"relics_obtained":[{"floor":7.0,"key":"hubris:SlimyHat"},{"floor":11.0,"key":"Pantograph"},{"floor":14.0,"key":"WizardHat"},{"floor":23.0,"key":"InkBottle"},{"floor":26.0,"key":"halation:Trompette"},{"floor":37.0,"key":"Calipers"},{"floor":41.0,"key":"aspiration:FetidBarrel"},{"floor":43.0,"key":"Gremlin Horn"},{"floor":49.0,"key":"Centennial Puzzle"},{"floor":54,"key":"aspiration:HatOfInfinitePower"}],"event_choices":[{"damage_healed":0.0,"max_hp_gain":0.0,"max_hp_loss":0.0,"gold_gain":0.0,"event_name":"Match and Keep!","player_choice":"0 cards matched","floor":3.0,"gold_loss":0.0,"damage_taken":0.0,"cards_obtained":[]},{"damage_healed":0.0,"max_hp_gain":0.0,"max_hp_loss":0.0,"gold_gain":0.0,"event_name":"MindBloom","player_choice":"Fight","floor":37.0,"gold_loss":0.0,"damage_taken":0.0},{"damage_healed":0.0,"max_hp_gain":0.0,"max_hp_loss":0.0,"gold_gain":0.0,"cards_transformed":["Defend_G"],"event_name":"Transmorgrifier","player_choice":"Transformed","floor":39.0,"gold_loss":0.0,"damage_taken":0.0,"cards_obtained":["Flying Knee"]},{"cards_removed":["Flying Knee"],"damage_healed":5.0,"max_hp_gain":0.0,"max_hp_loss":0.0,"gold_gain":0.0,"event_name":"Bonfire Elementals","player_choice":"Offered Common","floor":46.0,"gold_loss":0.0,"damage_taken":0.0},{"cards_removed":["Flying Knee"],"damage_healed":5.0,"max_hp_gain":0.0,"max_hp_loss":0.0,"gold_gain":0.0,"event_name":"Bonfire Elementals","player_choice":"Offered Special","floor":46.0,"gold_loss":0.0,"damage_taken":0.0}],"is_beta":false,"boss_relics":[{"not_picked":["Runic Pyramid","aspiration:RunicSpoon"],"picked":"hubris:Stopwatch"},{"not_picked":["halation:SmartPhone","halation:LoveArrow","hubris:BlackHole"]}],"items_purged_floors":[],"is_endless":false,"potions_floor_spawned":[7,8,10,14,21,28,30,33,45],"killed_by":"The Heart","ascension_level":0}}