{"host":"ctlqibkg0sskiu65","time":1611723367,"event":{"mods":["AchievementEnabler","Aspiration","BaseMod","BetterRewards","Colored Map","Colored Powertips","Conspire","Fiend Mod","Infinite Spire","Minty Spire (QoL Compilation)","Quick Restart","Replay The Spire","Shop Mod","StSLib","The Bladedancer","The Cursed","The Hierophant","The Jungle","The Kombatant","The Servant 0.9.4","TheBandit"],"gold_per_floor":[113,38,38,51,51,51,70,70,123,136,136,152,183,16,16,16,16],"floor_reached":16,"language":"ENG","playtime":423,"items_purged":[],"score":285,"play_id":"ce3030ca-5510-44b2-9ff2-488d9d3ac4bd","local_time":"20210126225607","is_ascension_mode":true,"campfire_choices":[{"floor":6.0,"key":"REST"},{"floor":11.0,"key":"REST"},{"floor":15.0,"key":"REST"}],"circlet_count":0,"master_deck":["AscendersBane","Strike_G+1","Strike_G+1","Strike_G","Defend_G","Defend_G","Defend_G+1","Defend_G","Defend_G","Survivor","Neutralize","Riddle With Holes+1","Riddle With Holes+1","Dagger Spray+1","PiercingWail","Deflect"],"relics":["Ring of the Snake","Gremlin Food","Bronze Scales","aspiration:DSix","Pen Nib"],"acts_visited":["Exordium"],"potions_floor_usage":[16],"damage_taken":[{"damage":0.0,"enemies":"2 Louse","floor":1.0,"turns":3.0},{"damage":1.0,"enemies":"Jaw Worm","floor":4.0,"turns":4.0},{"damage":0.0,"enemies":"Small Slimes","floor":7.0,"turns":2.0},{"damage":11.0,"enemies":"Exordium Thugs","floor":10.0,"turns":3.0},{"damage":5.0,"enemies":"Exordium Wildlife","floor":12.0,"turns":2.0},{"damage":7.0,"enemies":"3 Sentries","floor":13.0,"turns":4.0},{"damage":75,"enemies":"Fading Forest","floor":16,"turns":9}],"seed_played":"-8124149286870694421","potions_obtained":[{"floor":7.0,"key":"SteroidPotion"},{"floor":10.0,"key":"DistilledChaos"},{"floor":12.0,"key":"Poison Potion"}],"is_trial":false,"path_per_floor":["M","?","?","M","?","R","M","?","T","M","R","M","E","$","R","B"],"character_chosen":"THE_SILENT","items_purchased":["Gremlin Food","Riddle With Holes","Pen Nib"],"campfire_rested":3,"item_purchase_floors":[0,0,14],"current_hp_per_floor":[59,59,59,58,38,57,57,57,57,46,65,60,53,53,66,0,0],"gold":16,"neow_bonus":"","is_daily":false,"chose_seed":false,"campfire_upgraded":0,"win_rate":0.0,"timestamp":1611723367,"path_taken":["M","?","?","M","?","R","?","?","T","M","R","M","E","$","R","BOSS"],"items_purchased_type":["Relic","Card","Relic"],"build_version":"2020-12-22","purchased_purges":0,"victory":false,"max_hp_per_floor":[66,66,66,66,66,66,66,66,66,66,66,66,66,66,66,66,66],"card_choices":[{"not_picked":["Reflex","Deadly Poison"],"picked":"Dagger Spray","floor":1.0},{"not_picked":["Deadly Poison","Quick Slash"],"picked":"PiercingWail","floor":4.0},{"not_picked":["Bane","ReplayTheSpireMod:Tripwire"],"picked":"Deflect","floor":7.0},{"not_picked":["Endless Agony","Deadly Poison","All Out Attack"],"picked":"SKIP","floor":10.0},{"not_picked":["Poisoned Stab","Escape Plan","Dodge and Roll"],"picked":"SKIP","floor":12.0},{"not_picked":["Dash","ReplayTheSpireMod:From All Sides","Flying Knee"],"picked":"SKIP","floor":13.0}],"player_experience":245704,"relics_obtained":[{"floor":9.0,"key":"Bronze Scales"},{"floor":13.0,"key":"aspiration:DSix"}],"event_choices":[{"cards_removed":["Strike_G"],"damage_healed":0.0,"max_hp_gain":0.0,"max_hp_loss":0.0,"gold_gain":0.0,"event_name":"The Cleric","player_choice":"Card Removal","floor":2.0,"gold_loss":75.0,"damage_taken":0.0},{"damage_healed":0.0,"max_hp_gain":0.0,"max_hp_loss":0.0,"gold_gain":0.0,"event_name":"Shining Light","player_choice":"Entered Light","floor":5.0,"gold_loss":0.0,"damage_taken":20.0,"cards_upgraded":["Dagger Spray","Riddle With Holes"]},{"damage_healed":0.0,"max_hp_gain":0.0,"max_hp_loss":0.0,"gold_gain":0.0,"event_name":"Living Wall","player_choice":"Grow","floor":8.0,"gold_loss":0.0,"damage_taken":0.0,"cards_upgraded":["Riddle With Holes"]}],"is_beta":false,"boss_relics":[],"items_purged_floors":[],"is_endless":false,"potions_floor_spawned":[7,10,12],"killed_by":"Fading Forest","ascension_level":18}}