{"host":"rb2nh8tmj630u4aw","time":1611734801,"event":{"mods":["AchievementEnabler","Act Like it!","Arknights The Spire","BaseMod","Friendly Minions","Luminous","Minty Spire (QoL Compilation)","Quick Restart","Replay The Spire","Ryuuou龙王","StSLib","The Fake Hero","noobMod","【功能Mod】聪明的最终Boss","【遗物Mod】简单游戏"],"gold_per_floor":[115,190,190,190,205,233,233,1,1,33,46,46,78,11,11,112,112,132,149,177,177,195,224,224,259,259,287,109,120,120,131,131,227,227,241,116,116,116,136,170,181,181,205,219,244,244,278,248,248,248],"floor_reached":51,"language":"ZHS","playtime":2547,"items_purged":["Regret","ats:Defend","ats:Strike V"],"score":884,"play_id":"1b7bbc64-09aa-4b21-8206-925f6541fab4","local_time":"20210127160641","is_ascension_mode":false,"campfire_choices":[{"data":"ats:Emotion Absorption","floor":7.0,"key":"SMITH"},{"data":"ats:Soul Absorption","floor":15.0,"key":"SMITH"},{"data":"ats:Armor Crushing Shot","floor":24,"key":"SMITH"},{"data":"ats:Ambush","floor":32,"key":"SMITH"},{"floor":42,"key":"DIG"},{"floor":46,"key":"DIG"},{"floor":49,"key":"DIG"}],"circlet_count":0,"master_deck":["ats:Strike C","ats:Strike G","ats:Strike S+1","ats:Armor Crushing Shot+1","ats:Defend+1","ats:Defend","ats:Defend","ats:Emotion Absorption+1","ats:Assault Order","ats:Volcano","ats:Soul Absorption+1","ats:Neurotoxin","ats:Ambush+1","ats:Song Of Battle","ats:Consecutive Shot Auto+1","ats:Poison Spread","ats:Song Of Battle","ats:Explosion Area Strengthen","ats:Serious Mode","ats:Rapid Magazine+1","ats:Roar Of Ursus"],"relics":["ats:Sanity Plus","ice","EasyRelic","NeowsBlessing","WingedGreaves","ats:Originium","Garlic","ats:Special","Matryoshka","Juzu Bracelet","Gambling Chip","Centennial Puzzle","Black Star","Red Mask","Bronze Scales","Boot","Shovel","Pet Ghost","Replay:Mystery Machine","Vajra","Replay:Wax Seal","Shuriken","Replay:Bottled Snecko","Mercury Hourglass","Pen Nib","Replay:Baseball","Oddly Smooth Stone","ats:Ability Aura","Potion Belt","ats:Rhine Circuitry","Blue Doll","Strawberry"],"acts_visited":["Exordium","TheCity","TheBeyond"],"potions_floor_usage":[33,50,50,50,50,50],"damage_taken":[{"damage":0.0,"enemies":"2 Louse","floor":1.0,"turns":1.0},{"damage":0.0,"enemies":"Small Slimes","floor":5.0,"turns":1.0},{"damage":0.0,"enemies":"Replay:BlueRogue","floor":6.0,"turns":1.0},{"damage":16.0,"enemies":"Lagavulin","floor":10.0,"turns":4.0},{"damage":0.0,"enemies":"Jaw Worm","floor":11.0,"turns":3.0},{"damage":23.0,"enemies":"Gremlin Nob","floor":13.0,"turns":4.0},{"damage":15,"enemies":"Fading Forest","floor":16,"turns":11},{"damage":8,"enemies":"Spheric Guardian","floor":18,"turns":3},{"damage":40,"enemies":"2 Thieves","floor":19,"turns":5},{"damage":17,"enemies":"Masked Bandits","floor":20,"turns":4},{"damage":13,"enemies":"Snecko","floor":22,"turns":5},{"damage":10,"enemies":"Replay:Snechameleon","floor":23,"turns":4},{"damage":9,"enemies":"Slavers","floor":25,"turns":4},{"damage":1,"enemies":"Replay:Snechameleon","floor":27,"turns":2},{"damage":0,"enemies":"Snake Plant","floor":29,"turns":2},{"damage":0,"enemies":"3 Cultists","floor":31,"turns":3},{"damage":0,"enemies":"Pondfish","floor":33,"turns":5},{"damage":0,"enemies":"3 Shapes","floor":35,"turns":2},{"damage":0,"enemies":"3 Darklings","floor":39,"turns":4},{"damage":0,"enemies":"Nemesis","floor":40,"turns":5},{"damage":0,"enemies":"Spire Growth","floor":41,"turns":3},{"damage":0,"enemies":"Maw","floor":44,"turns":4},{"damage":5,"enemies":"R_Hoarder","floor":45,"turns":5},{"damage":0,"enemies":"Giant Head","floor":47,"turns":5},{"damage":0,"enemies":"Replay:Hell Engine","floor":50,"turns":5}],"seed_played":"-3205208866761681126","potions_obtained":[{"floor":1.0,"key":"SpeedPotion"},{"floor":11.0,"key":"LiquidMemories"},{"floor":13.0,"key":"Dexterity Potion"},{"floor":20,"key":"SkillPotion"},{"floor":40,"key":"BlessingOfTheForge"},{"floor":41,"key":"Venom Potion"},{"floor":48,"key":"FearPotion"},{"floor":48,"key":"Doom Potion"}],"is_trial":false,"path_per_floor":["M","?","?","?","M","E","R","$","T","E","M","T","E","$","R","B",null,"M","M","?","?","M","E","R","E","T","E","$","M","?","M","R","B",null,"M","$","$","?","M","E","M","R","T","M","E","R","E","?","R","B",null],"character_chosen":"DOCTOR_CLASS","items_purchased":["ats:Special","ats:Neurotoxin","ats:Serious Mode"],"campfire_rested":0,"item_purchase_floors":[8,14,28],"current_hp_per_floor":[72,61,61,47,47,47,47,47,47,31,31,31,8,8,8,72,72,64,24,7,35,22,12,12,103,103,102,102,102,102,102,102,102,121,121,121,121,121,121,121,121,121,121,121,121,121,121,121,128,128],"gold":248,"neow_bonus":"THREE_ENEMY_KILL","is_daily":false,"chose_seed":false,"campfire_upgraded":4,"win_rate":0.0,"timestamp":1611734801,"path_taken":["M","?","?","?","M","E","R","$","T","E","M","?","E","$","R","BOSS","M","M","?","?","M","E","R","E","T","E","$","M","?","M","R","BOSS","M","?","$","?","M","E","M","R","T","M","E","R","E","?","R","BOSS"],"items_purchased_type":["Relic","Card","Card"],"build_version":"2020-12-22","purchased_purges":3,"victory":true,"max_hp_per_floor":[72,72,72,72,72,72,72,72,72,72,72,72,72,72,72,72,72,73,79,85,85,88,96,96,103,103,106,106,109,109,112,112,121,121,125,125,125,125,130,135,137,137,137,138,142,142,145,145,152,156],"card_choices":[{"not_picked":["ats:Collapsing Strike","ats:Powerful Strike"],"picked":"ats:Assault Order","floor":1.0},{"not_picked":["ats:Healing Strengthening","ats:Beaten Up","ats:Automatic Cover"],"picked":"SKIP","floor":5.0},{"not_picked":["ats:Revitalization","ats:Part Time Job"],"picked":"ats:Volcano","floor":6.0},{"not_picked":["ats:Chain Hook","ats:Closed Bolt Burst Fire","ats:Cat Scratch"],"picked":"SKIP","floor":10.0},{"not_picked":["ats:Collapsing Strike","ats:Ignite"],"picked":"ats:Soul Absorption","floor":11.0},{"not_picked":["ats:Poison Spread","ats:Curse Doll","ats:Spore Proliferation"],"picked":"SKIP","floor":13.0},{"not_picked":["ats:Fractured Body","ats:Wolf Pack"],"picked":"ats:Ambush","floor":16},{"not_picked":["ats:Magnetic Hammer","ats:Curse Doll"],"picked":"ats:Song Of Battle","floor":18},{"not_picked":["ats:Hammer On+1","ats:Absolute Focus"],"picked":"ats:Consecutive Shot Auto+1","floor":19},{"not_picked":["ats:Cat Scratch","ats:Ignite+1"],"picked":"ats:Poison Spread","floor":20},{"not_picked":["ats:Blood Oath","ats:Closed Bolt Burst Fire+1","ats:Guardian Obelisk"],"picked":"SKIP","floor":22},{"not_picked":["ats:Collapsing Strike","ats:Roar Of Ursus"],"picked":"ats:Song Of Battle","floor":23},{"not_picked":["ats:Closed Bolt Burst Fire+1","ats:Cat Scratch+1","ats:Steam Pump"],"picked":"SKIP","floor":25},{"not_picked":["ats:Mental Burst","ats:Poison Spread"],"picked":"ats:Explosion Area Strengthen","floor":27},{"not_picked":["ats:Flexible Camouflage","ats:Poison Spread","ats:Blood Oath"],"picked":"SKIP","floor":29},{"not_picked":["ats:Shell Defense","ats:Beaten Up+1"],"picked":"ats:Rapid Magazine+1","floor":31},{"not_picked":["ats:Fractured Body","ats:Volcano"],"picked":"ats:Roar Of Ursus","floor":33},{"not_picked":["ats:Burning Ground","ats:Flexible Camouflage","ats:Cat Scratch"],"picked":"SKIP","floor":35},{"not_picked":["ats:Sunburst","ats:Guard Mode","ats:Absolute Focus"],"picked":"SKIP","floor":39},{"not_picked":["ats:Flexible Camouflage+1","ats:Consecutive Shot Auto","ats:Charging Defense+1"],"picked":"SKIP","floor":40},{"not_picked":["ats:Hammer On","ats:Burning Ground+1","ats:Leaping Hammer"],"picked":"SKIP","floor":41},{"not_picked":["ats:Directed Diagnosis+1","ats:Leaping Hammer+1","ats:Very Hot Blade+1"],"picked":"SKIP","floor":44},{"not_picked":["ats:Very Hot Blade+1","ats:Ignite","ats:Counter Healing Mode+1"],"picked":"SKIP","floor":45},{"not_picked":["ats:Ignite","ats:Encircling Forest+1","ats:Sword Rain+1"],"picked":"SKIP","floor":47}],"player_experience":48186,"relics_obtained":[{"floor":6.0,"key":"ats:Originium"},{"floor":6.0,"key":"Garlic"},{"floor":10.0,"key":"ats:Originium"},{"floor":10.0,"key":"Matryoshka"},{"floor":12.0,"key":"Juzu Bracelet"},{"floor":12.0,"key":"Gambling Chip"},{"floor":13.0,"key":"ats:Originium"},{"floor":13.0,"key":"Centennial Puzzle"},{"floor":20,"key":"Red Mask"},{"floor":23,"key":"ats:Originium"},{"floor":23,"key":"Bronze Scales"},{"floor":23,"key":"Boot"},{"floor":25,"key":"Shovel"},{"floor":25,"key":"Pet Ghost"},{"floor":26,"key":"Replay:Mystery Machine"},{"floor":26,"key":"Vajra"},{"floor":27,"key":"Replay:Wax Seal"},{"floor":27,"key":"Shuriken"},{"floor":40,"key":"ats:Originium"},{"floor":40,"key":"Replay:Bottled Snecko"},{"floor":40,"key":"Mercury Hourglass"},{"floor":42,"key":"Pen Nib"},{"floor":43,"key":"Replay:Baseball"},{"floor":45,"key":"Oddly Smooth Stone"},{"floor":45,"key":"ats:Ability Aura"},{"floor":46,"key":"Potion Belt"},{"floor":47,"key":"ats:Rhine Circuitry"},{"floor":47,"key":"Blue Doll"},{"floor":49,"key":"Strawberry"}],"event_choices":[{"damage_healed":0.0,"max_hp_gain":0.0,"max_hp_loss":0.0,"gold_gain":75.0,"event_name":"World of Goop","player_choice":"Gather Gold","floor":2.0,"gold_loss":0.0,"damage_taken":11.0},{"damage_healed":0.0,"max_hp_gain":0.0,"max_hp_loss":0.0,"gold_gain":0.0,"event_name":"Big Fish","player_choice":"Box","floor":3.0,"gold_loss":0.0,"damage_taken":0.0,"relics_obtained":["WingedGreaves"],"cards_obtained":["Regret"]},{"damage_healed":0.0,"max_hp_gain":0.0,"max_hp_loss":0.0,"gold_gain":0.0,"event_name":"Shining Light","player_choice":"Entered Light","floor":4.0,"gold_loss":0.0,"damage_taken":14.0,"cards_upgraded":["ats:Defend","ats:Strike S"]},{"damage_healed":0,"gold_gain":0,"player_choice":"Fought Bandits","damage_taken":0,"max_hp_gain":0,"max_hp_loss":0,"event_name":"Masked Bandits","floor":20,"gold_loss":0},{"damage_healed":28,"gold_gain":0,"player_choice":"Heal","damage_taken":0,"max_hp_gain":0,"max_hp_loss":0,"event_name":"The Library","floor":21,"gold_loss":0},{"damage_healed":0,"gold_gain":0,"player_choice":"Ignored","damage_taken":0,"max_hp_gain":0,"max_hp_loss":0,"event_name":"NoteForYourself","floor":30,"gold_loss":0},{"damage_healed":0,"gold_gain":0,"player_choice":"0 cards matched","damage_taken":0,"max_hp_gain":0,"max_hp_loss":0,"event_name":"Match and Keep!","floor":38,"gold_loss":0,"cards_obtained":[]},{"damage_healed":0,"gold_gain":0,"player_choice":"Bought 2 Potions","damage_taken":0,"max_hp_gain":0,"max_hp_loss":0,"event_name":"The Woman in Blue","floor":48,"gold_loss":0}],"is_beta":false,"boss_relics":[{"not_picked":["Cursed Key","Replay:Drink Me"],"picked":"Black Star"},{"not_picked":["Replay:Wanted Poster","Honey Jar"],"picked":"ats:Sanity Plus"}],"items_purged_floors":[8,28,36],"is_endless":false,"potions_floor_spawned":[1,11,13,16,20,23,25,29,40,41,45],"ascension_level":0}}