{"host":"y7357sx8ps3jkgoj","time":1611787177,"event":{"mods":["BaseMod","Friendly Minions","Minty Spire (QoL Compilation)","Permanent Neow","Relic Stats","Shop Mod","StSLib","The Alterego","Uncapped","Unceasing Turn Reminder"],"gold_per_floor":[119,194,194,28,28,28,61,71,71,106,117,129,157,6,6,107,107,124,141,8,26,26,59,59,86,162,162,162,176,196,196,196,291,291,311,311,323,323,341,341,371,371,449,449,449],"floor_reached":44,"language":"ENG","playtime":3678,"items_purged":["alterego_mod:Defend"],"score":569,"play_id":"b7bcc0c3-9acf-40b4-bf6b-ac8d96f4b4de","local_time":"20210127163937","is_ascension_mode":true,"campfire_choices":[{"data":"alterego_mod:BigMeatyClaws","floor":6,"key":"SMITH"},{"data":"alterego_mod:Punishment","floor":15,"key":"SMITH"},{"floor":24,"key":"REST"},{"data":"Forethought","floor":27,"key":"SMITH"},{"data":"alterego_mod:Tantrum","floor":32,"key":"SMITH"},{"data":"alterego_mod:Belts","floor":40,"key":"SMITH"},{"floor":42,"key":"RECALL"}],"circlet_count":0,"master_deck":["alterego_mod:Strike","alterego_mod:Strike","alterego_mod:Strike","alterego_mod:Defend","alterego_mod:Defend+1","alterego_mod:Defend+1","alterego_mod:BigMeatyClaws+1","alterego_mod:BrynhildrsRune","Master of Strategy","alterego_mod:Support","alterego_mod:DeftHands","alterego_mod:Undulate","alterego_mod:Lift","alterego_mod:Punishment+1","alterego_mod:TrickOrTreatment+1","alterego_mod:RidiculouslyBig","alterego_mod:AlterEgo+1","alterego_mod:Birthday","alterego_mod:Punishment+1","Forethought+1","alterego_mod:SakuraFive+1","alterego_mod:BreastValley+1","alterego_mod:Tantrum+1","alterego_mod:DiscoLights+1","alterego_mod:1TonWallop","alterego_mod:Punishment+1","alterego_mod:SakuraLabyrinth","alterego_mod:Belts+1","alterego_mod:AlterEgo+1","alterego_mod:MagicResistance+1","alterego_mod:DeftHands","alterego_mod:Birthday","alterego_mod:TrashNCrash","alterego_mod:Palingenesis+1"],"relics":["alterego_mod:MasochisticConstitution","Vajra","Blood Vial","Pen Nib","PreservedInsect","Frozen Egg 2","Philosopher\u0027s Stone","Dream Catcher","Sundial","Bottled Tornado","Centennial Puzzle","Black Star","Singing Bowl","Strawberry"],"acts_visited":["Exordium","TheCity","TheBeyond"],"potions_floor_usage":[18,23,44,44,44],"damage_taken":[{"damage":2,"enemies":"Cultist","floor":1,"turns":6},{"damage":9,"enemies":"3 Sentries","floor":7,"turns":13},{"damage":0,"enemies":"Jaw Worm","floor":8,"turns":7},{"damage":55,"enemies":"Gremlin Nob","floor":10,"turns":6},{"damage":0,"enemies":"2 Louse","floor":11,"turns":4},{"damage":9,"enemies":"Exordium Thugs","floor":12,"turns":7},{"damage":15,"enemies":"Lagavulin","floor":13,"turns":5},{"damage":30,"enemies":"The Guardian","floor":16,"turns":9},{"damage":21,"enemies":"Chosen","floor":18,"turns":11},{"damage":37,"enemies":"3 Byrds","floor":19,"turns":6},{"damage":2,"enemies":"Centurion and Healer","floor":21,"turns":13},{"damage":56,"enemies":"Book of Stabbing","floor":23,"turns":7},{"damage":51,"enemies":"Slavers","floor":25,"turns":6},{"damage":4,"enemies":"Snecko","floor":29,"turns":5},{"damage":28,"enemies":"Shelled Parasite and Fungi","floor":30,"turns":4},{"damage":21,"enemies":"Champ","floor":33,"turns":6},{"damage":3,"enemies":"3 Shapes","floor":35,"turns":2},{"damage":47,"enemies":"3 Darklings","floor":37,"turns":7},{"damage":46,"enemies":"Spire Growth","floor":39,"turns":6},{"damage":8,"enemies":"Giant Head","floor":41,"turns":6},{"damage":58,"enemies":"4 Shapes","floor":44,"turns":7}],"seed_played":"6660216067800072929","potions_obtained":[{"floor":10,"key":"SkillPotion"},{"floor":12,"key":"BlessingOfTheForge"},{"floor":19,"key":"LiquidBronze"},{"floor":29,"key":"Dexterity Potion"},{"floor":33,"key":"AttackPotion"},{"floor":39,"key":"SkillPotion"}],"is_trial":false,"path_per_floor":["M","?","?","$","?","R","E","M","T","E","M","M","E","$","R","B",null,"M","M","$","M","?","E","R","E","T","R","?","M","M","T","R","B",null,"M","?","M","?","M","R","E","R","T","M"],"character_chosen":"The_Alterego","items_purchased":["alterego_mod:DeftHands","Vajra","alterego_mod:RidiculouslyBig","alterego_mod:Punishment+1","Forethought"],"campfire_rested":1,"item_purchase_floors":[4,4,14,20,20],"current_hp_per_floor":[64,53,46,46,33,33,46,55,55,10,26,34,29,29,29,2,69,63,58,58,72,72,30,51,41,41,41,41,60,37,37,37,21,77,75,75,48,48,27,27,50,50,50,0,0],"gold":449,"neow_bonus":"RANDOM_COLORLESS_2","is_daily":false,"chose_seed":false,"campfire_upgraded":5,"win_rate":0.0,"timestamp":1611787177,"path_taken":["M","?","?","$","?","R","E","M","T","E","M","?","E","?","R","BOSS","M","M","$","?","?","E","R","E","T","R","?","?","?","?","R","BOSS","M","?","?","?","M","R","E","R","T","?"],"items_purchased_type":["Card","Relic","Card","Card","Card"],"build_version":"2020-12-22","purchased_purges":1,"victory":false,"max_hp_per_floor":[64,64,64,64,64,64,65,65,65,66,66,67,68,68,68,69,69,70,71,71,72,72,73,73,74,74,74,74,75,76,76,76,77,77,78,78,79,79,80,80,90,90,90,90,90],"relic_stats":{"Blood Vial":32,"Dream Catcher":1,"Centennial Puzzle":[15],"Singing Bowl":2,"counters":[21,143],"Sundial":[2],"Pen Nib":[33],"PreservedInsect":234,"Black Star":1,"obtain_stats":[{"alterego_mod:MasochisticConstitution":0,"Singing Bowl":41,"Vajra":4,"Pen Nib":9,"PreservedInsect":10,"Frozen Egg 2":13,"Bottled Tornado":26,"Blood Vial":7,"Dream Catcher":23,"Centennial Puzzle":31,"Sundial":25,"Strawberry":41,"Philosopher\u0027s Stone":17,"Black Star":34},{"alterego_mod:MasochisticConstitution":0,"Singing Bowl":20,"Vajra":1,"Pen Nib":3,"PreservedInsect":4,"Frozen Egg 2":7,"Bottled Tornado":13,"Blood Vial":2,"Dream Catcher":12,"Centennial Puzzle":15,"Sundial":13,"Strawberry":20,"Philosopher\u0027s Stone":8,"Black Star":16},{"alterego_mod:MasochisticConstitution":0,"Singing Bowl":136,"Vajra":6,"Pen Nib":26,"PreservedInsect":32,"Frozen Egg 2":48,"Bottled Tornado":100,"Blood Vial":19,"Dream Catcher":94,"Centennial Puzzle":109,"Sundial":100,"Strawberry":136,"Philosopher\u0027s Stone":57,"Black Star":115}]},"card_choices":[{"not_picked":["Magnetism","Violence"],"picked":"Master of Strategy","floor":0},{"not_picked":["alterego_mod:DustData","alterego_mod:Nekomimi"],"picked":"alterego_mod:Support","floor":1},{"not_picked":["alterego_mod:HighServant","alterego_mod:Cushion"],"picked":"alterego_mod:Undulate","floor":7},{"not_picked":["alterego_mod:MaintainEyeContact","alterego_mod:BeGentle","alterego_mod:BoobPocket"],"picked":"SKIP","floor":8},{"not_picked":["alterego_mod:Lingerie","alterego_mod:Cycle"],"picked":"alterego_mod:Lift","floor":10},{"not_picked":["alterego_mod:GoddessCore","alterego_mod:Mirror"],"picked":"alterego_mod:Punishment","floor":11},{"not_picked":["alterego_mod:Santa","alterego_mod:Jiggle","alterego_mod:Pet"],"picked":"SKIP","floor":12},{"not_picked":["alterego_mod:SakuraPetals","alterego_mod:BiFurious"],"picked":"alterego_mod:TrickOrTreatment+1","floor":13},{"not_picked":["alterego_mod:RingBreak+1","alterego_mod:InsideBaseball+1"],"picked":"alterego_mod:AlterEgo+1","floor":16},{"not_picked":["alterego_mod:Undulate","alterego_mod:RidiculouslyBig","alterego_mod:Mirror"],"picked":"SKIP","floor":18},{"not_picked":["alterego_mod:Cushion+1","alterego_mod:Pet"],"picked":"alterego_mod:Birthday","floor":19},{"not_picked":["alterego_mod:TrashNCrash","alterego_mod:Swimsuit"],"picked":"alterego_mod:SakuraFive+1","floor":21},{"not_picked":["alterego_mod:Jiggle","alterego_mod:Lingerie+1"],"picked":"alterego_mod:Tantrum","floor":23},{"not_picked":["alterego_mod:Exercise","alterego_mod:Bloomers+1"],"picked":"alterego_mod:DiscoLights+1","floor":24},{"not_picked":["alterego_mod:1TonWallop","alterego_mod:DeftHands","alterego_mod:Complex"],"picked":"SKIP","floor":25},{"not_picked":["alterego_mod:DeftHands","alterego_mod:Complex"],"picked":"alterego_mod:1TonWallop","floor":25},{"not_picked":["alterego_mod:Bounce","alterego_mod:TrickOrTreatment+1"],"picked":"alterego_mod:SakuraLabyrinth","floor":29},{"not_picked":["alterego_mod:MagicResistance","alterego_mod:Undulate"],"picked":"alterego_mod:Belts","floor":30},{"not_picked":["alterego_mod:GIGAMILK","alterego_mod:Valkyrie"],"picked":"alterego_mod:AlterEgo+1","floor":33},{"not_picked":["alterego_mod:Bounce","alterego_mod:PerceptionDisorder+1"],"picked":"alterego_mod:MagicResistance+1","floor":35},{"not_picked":["alterego_mod:MagicResistance","alterego_mod:Maid"],"picked":"alterego_mod:Birthday","floor":37},{"not_picked":["alterego_mod:SakuraLabyrinth","alterego_mod:SakuraPetals"],"picked":"alterego_mod:Palingenesis+1","floor":39},{"not_picked":["alterego_mod:Pet","alterego_mod:SakuraPetals","alterego_mod:Exercise"],"picked":"Singing Bowl","floor":41}],"player_experience":298672,"relics_obtained":[{"floor":7,"key":"Blood Vial"},{"floor":9,"key":"Pen Nib"},{"floor":10,"key":"PreservedInsect"},{"floor":13,"key":"Frozen Egg 2"},{"floor":23,"key":"Dream Catcher"},{"floor":25,"key":"Sundial"},{"floor":26,"key":"Bottled Tornado"},{"floor":31,"key":"Centennial Puzzle"},{"floor":41,"key":"Singing Bowl"},{"floor":41,"key":"Strawberry"}],"event_choices":[{"damage_healed":0,"gold_gain":75,"player_choice":"Gather Gold","damage_taken":11,"max_hp_gain":0,"max_hp_loss":0,"event_name":"World of Goop","floor":2,"gold_loss":0},{"cards_removed":["alterego_mod:Impale"],"damage_healed":0,"gold_gain":0,"player_choice":"Card Removal","damage_taken":7,"max_hp_gain":0,"max_hp_loss":0,"event_name":"Golden Wing","floor":3,"gold_loss":0},{"damage_healed":0,"gold_gain":0,"player_choice":"Entered Light","damage_taken":13,"max_hp_gain":0,"max_hp_loss":0,"event_name":"Shining Light","floor":5,"gold_loss":0,"cards_upgraded":["alterego_mod:Defend","alterego_mod:Defend"]},{"damage_healed":0,"gold_gain":0,"player_choice":"Read","damage_taken":0,"max_hp_gain":0,"max_hp_loss":0,"event_name":"The Library","floor":22,"gold_loss":0,"cards_obtained":["alterego_mod:BreastValley"]},{"damage_healed":0,"gold_gain":0,"player_choice":"Copied","damage_taken":0,"max_hp_gain":0,"max_hp_loss":0,"event_name":"Duplicator","floor":28,"gold_loss":0,"cards_obtained":["alterego_mod:Punishment"]},{"damage_healed":0,"gold_gain":0,"cards_transformed":["alterego_mod:Strike"],"player_choice":"Transformed","damage_taken":0,"max_hp_gain":0,"max_hp_loss":0,"event_name":"Transmorgrifier","floor":36,"gold_loss":0,"cards_obtained":["alterego_mod:DeftHands"]},{"damage_healed":0,"gold_gain":0,"player_choice":"1 cards matched","damage_taken":0,"max_hp_gain":0,"max_hp_loss":0,"event_name":"Match and Keep!","floor":38,"gold_loss":0,"cards_obtained":["alterego_mod:TrashNCrash"]}],"is_beta":false,"boss_relics":[{"not_picked":["Snecko Eye","Ectoplasm"],"picked":"Philosopher\u0027s Stone"},{"not_picked":["Velvet Choker","Fusion Hammer"],"picked":"Black Star"}],"items_purged_floors":[14],"is_endless":false,"potions_floor_spawned":[10,12,19,29,33,37,39],"killed_by":"4 Shapes","ascension_level":1}}