{"host":"mmro3auxcbu5pwad","time":1611759146,"event":{"mods":["Aspiration","BaseMod","Conspire","Energized Spire","Halation","Hubris","Infinite Spire","Minty Spire (QoL Compilation)","Permanent Neow","Replay The Spire","StSLib"],"gold_per_floor":[115,135,145,162,178,178,194,269,269,269,269,281,297,308,308,407,407,407,407,38,38,38,38,38,38,38,38,38,38,38,38,38,38,38,38,38,38,38,38,38,38,38,38,38,38,38,38,38,38,38,38],"floor_reached":50,"language":"ENG","playtime":2587,"items_purged":["Strike_P"],"score":468,"play_id":"81d37118-929b-4cbd-a28c-0ca3daf41360","local_time":"20210127155226","is_ascension_mode":false,"campfire_choices":[{"data":"Swivel","floor":6,"key":"SMITH"},{"data":"Eruption","floor":11,"key":"SMITH"},{"data":"Evaluate","floor":23,"key":"SMITH"},{"data":"Halt","floor":23,"key":"SMITH"},{"data":"Crescendo","floor":25,"key":"SMITH"},{"data":"Vigilance","floor":25,"key":"SMITH"},{"floor":32,"key":"REST"},{"data":"Defend_P","floor":40,"key":"SMITH"},{"data":"Defend_P","floor":40,"key":"SMITH"},{"floor":49,"key":"REST"}],"circlet_count":0,"master_deck":["Strike_P","Strike_P","Strike_P","Defend_P","Defend_P+1","Defend_P+1","Eruption+1","Vigilance+1","Swivel+1","Evaluate+1","FollowUp+1","WheelKick","FollowUp","ReachHeaven","Replay:DivineShield","EmptyFist","Tantrum+1","Evaluate+1","Halt+1","Crescendo+1","Perseverance+1","FlurryOfBlows+1","ClearTheMind+1","Replay:ManipulateFuture+1","DeusExMachina+1","Halt+1","Wallop+1","CrushJoints+1","Halt+1"],"relics":["PureWater","aspiration:Nostalgia","Cracked Core","Ectoplasm","Torii","Replay:Arrowhead","conspire:DeflatedDodgeball","Toxic Egg 2","hubris:RunicObelisk","hubris:GlazedTorus"],"acts_visited":["Exordium","TheCity","TheBeyond"],"potions_floor_usage":[7,13,21,22,38,45,47,47],"damage_taken":[{"damage":0,"enemies":"Cultist","floor":1,"turns":2},{"damage":0,"enemies":"2 Louse","floor":2,"turns":4},{"damage":5,"enemies":"Small Slimes","floor":3,"turns":4},{"damage":2,"enemies":"Red Slaver","floor":4,"turns":3},{"damage":6,"enemies":"3 Louse","floor":5,"turns":3},{"damage":2,"enemies":"Gremlin Gang","floor":7,"turns":3},{"damage":4,"enemies":"Blue Slaver","floor":12,"turns":3},{"damage":0,"enemies":"Lots of Slimes","floor":13,"turns":3},{"damage":0,"enemies":"3 Louse","floor":14,"turns":2},{"damage":37,"enemies":"Hexaghost","floor":16,"turns":6},{"damage":2,"enemies":"Spheric Guardian","floor":18,"turns":3},{"damage":0,"enemies":"Shell Parasite","floor":21,"turns":4},{"damage":1,"enemies":"3 Cultists","floor":22,"turns":3},{"damage":27,"enemies":"Book of Stabbing","floor":24,"turns":5},{"damage":14,"enemies":"Snake Plant","floor":27,"turns":4},{"damage":0,"enemies":"Sentry and Sphere","floor":28,"turns":3},{"damage":0,"enemies":"Snecko","floor":30,"turns":3},{"damage":1,"enemies":"Centurion and Healer","floor":31,"turns":7},{"damage":11,"enemies":"conspire:MysteriousRune","floor":33,"turns":6},{"damage":5,"enemies":"3 Shapes","floor":35,"turns":4},{"damage":16,"enemies":"3 Darklings","floor":37,"turns":6},{"damage":0,"enemies":"Sphere and 2 Shapes","floor":38,"turns":3},{"damage":17,"enemies":"Writhing Mass","floor":42,"turns":6},{"damage":1,"enemies":"Transient","floor":44,"turns":5},{"damage":0,"enemies":"3 Darklings","floor":45,"turns":5},{"damage":8,"enemies":"Writhing Mass","floor":47,"turns":5},{"damage":0,"enemies":"Spire Growth","floor":48,"turns":3},{"damage":59,"enemies":"Time Eater","floor":50,"turns":4}],"seed_played":"1736425076437393969","potions_obtained":[{"floor":1,"key":"PowerPotion"},{"floor":2,"key":"SkillPotion"},{"floor":4,"key":"FearPotion"},{"floor":5,"key":"Ambrosia"},{"floor":13,"key":"Energy Potion"},{"floor":18,"key":"BlessingOfTheForge"},{"floor":28,"key":"SmokeBomb"},{"floor":31,"key":"PowerPotion"},{"floor":35,"key":"PowerPotion"},{"floor":42,"key":"Weak Potion"},{"floor":48,"key":"Elixir"}],"is_trial":false,"path_per_floor":["M","M","M","M","M","R","M","?","T","?","R","M","M","M","R","B",null,"M","?","$","M","M","R","E","R","T","M","M","$","M","M","R","B",null,"M","?","M","M","$","R","?","M","T","M","M","?","M","M","R","B"],"character_chosen":"WATCHER","items_purchased":["Replay:Arrowhead"],"campfire_rested":2,"item_purchase_floors":[20],"current_hp_per_floor":[72,72,67,65,59,59,57,46,46,46,46,42,42,42,63,26,72,70,70,70,70,69,69,42,42,42,28,28,28,28,27,48,37,72,67,67,51,51,51,51,58,41,41,40,40,40,32,32,53,0,0],"gold":38,"neow_bonus":"NOSTALGIA","is_daily":false,"chose_seed":false,"campfire_upgraded":8,"win_rate":0.0,"timestamp":1611759146,"path_taken":["M","?","M","M","M","R","M","?","T","?","R","M","M","M","R","BOSS","M","?","$","?","M","R","E","R","T","M","M","?","M","?","R","BOSS","M","?","M","?","$","R","?","M","T","M","?","?","M","M","R","BOSS"],"items_purchased_type":["Relic"],"build_version":"2020-12-22","purchased_purges":1,"victory":false,"max_hp_per_floor":[72,72,72,72,72,72,72,72,72,72,72,72,72,72,72,72,72,72,72,72,72,72,72,72,72,72,72,72,72,72,72,72,72,72,72,72,72,72,72,72,72,72,72,72,72,72,72,72,72,72,72],"card_choices":[{"not_picked":["Vengeance","LikeWater"],"picked":"Swivel","floor":1},{"not_picked":["Study","Replay:Anticipation"],"picked":"Evaluate","floor":2},{"not_picked":["Replay:AtTheReady","FlyingSleeves"],"picked":"FollowUp","floor":3},{"not_picked":["Replay:BluntJabs","Halt"],"picked":"WheelKick","floor":4},{"not_picked":["Replay:BluntJabs","Sanctity"],"picked":"FollowUp","floor":5},{"not_picked":["FollowUp","Pray","InnerPeace"],"picked":"SKIP","floor":7},{"not_picked":["ThirdEye","Replay:AtTheReady"],"picked":"ReachHeaven","floor":12},{"not_picked":["Replay:Anticipation","SandsOfTime"],"picked":"Replay:DivineShield","floor":13},{"not_picked":["Replay:AtTheReady","JustLucky"],"picked":"EmptyFist","floor":14},{"not_picked":["Replay:ManipulateFuture+1","Sanctity"],"picked":"Tantrum+1","floor":18},{"not_picked":["SashWhip","Replay:Vibes+1"],"picked":"Evaluate","floor":21},{"not_picked":["SashWhip","Protect"],"picked":"Halt","floor":22},{"not_picked":["Replay:BluntJabs","WreathOfFlame+1"],"picked":"Crescendo","floor":24},{"not_picked":["Crescendo+1","Replay:Cycle+1"],"picked":"Perseverance+1","floor":27},{"not_picked":["CrushJoints+1","Crescendo+1"],"picked":"FlurryOfBlows+1","floor":28},{"not_picked":["FlyingSleeves","CarveReality+1"],"picked":"ClearTheMind+1","floor":30},{"not_picked":["Prostrate+1","ClearTheMind+1"],"picked":"Replay:ManipulateFuture+1","floor":31},{"not_picked":["LessonLearned","Devotion"],"picked":"DeusExMachina+1","floor":33},{"not_picked":["Protect+1","Replay:AtTheReady+1","FlurryOfBlows"],"picked":"SKIP","floor":35},{"not_picked":["Adaptation+1","WheelKick+1"],"picked":"Halt+1","floor":37},{"not_picked":["Meditate+1","FearNoEvil+1"],"picked":"Wallop+1","floor":42},{"not_picked":["CutThroughFate+1","WheelKick+1","Replay:BluntJabs"],"picked":"SKIP","floor":44},{"not_picked":["BowlingBash","Consecrate"],"picked":"CrushJoints+1","floor":45},{"not_picked":["Prostrate+1","LikeWater"],"picked":"Halt+1","floor":47},{"not_picked":["Halt+1","Indignation+1","JustLucky"],"picked":"SKIP","floor":48}],"player_experience":49795,"relics_obtained":[{"floor":24,"key":"conspire:DeflatedDodgeball"},{"floor":26,"key":"Toxic Egg 2"},{"floor":43,"key":"hubris:GlazedTorus"}],"event_choices":[{"damage_healed":0,"gold_gain":75,"player_choice":"Gather Gold","damage_taken":11,"max_hp_gain":0,"max_hp_loss":0,"event_name":"World of Goop","floor":8,"gold_loss":0},{"cards_removed":["Defend_P"],"damage_healed":0,"gold_gain":0,"player_choice":"Purged","damage_taken":0,"max_hp_gain":0,"max_hp_loss":0,"event_name":"Purifier","floor":10,"gold_loss":0},{"damage_healed":0,"gold_gain":0,"player_choice":"Gave Potion","damage_taken":0,"relics_obtained":["Torii"],"max_hp_gain":0,"max_hp_loss":0,"event_name":"WeMeetAgain","floor":19,"gold_loss":0},{"damage_healed":0,"gold_gain":0,"player_choice":"Upgraded","damage_taken":0,"max_hp_gain":0,"max_hp_loss":0,"event_name":"Upgrade Shrine","floor":36,"gold_loss":0,"cards_upgraded":["Evaluate"]}],"is_beta":false,"boss_relics":[{"not_picked":["energizedSpire:OgreHead","Kintsugi"],"picked":"Ectoplasm"},{"not_picked":["hubris:BlackHole","energizedSpire:NeverEndingSparkler"],"picked":"hubris:RunicObelisk"}],"items_purged_floors":[20],"is_endless":false,"potions_floor_spawned":[1,2,4,5,13,18,28,31,35,42,48],"killed_by":"Time Eater","ascension_level":0}}