{"host":"oz4ht6ec7xzo36kd","time":1611740629,"event":{"mods":["Act Like it!","BaseMod","Friendly Minions","Marisa¡]Ãú«B¡@Å]²z¨F¡^","Minty Spire (QoL Compilation)","Remilia¡]Á¢¦Ì²ú?¡^","StSLib","The Marked","The Servant 0.9.4","WarShipGirlsR/??¤Ö¤kR mod","Youmu¡]»î¾z§¯?¡^"],"gold_per_floor":[112,112,112,128,139,167,167,196,196,211,242,269,297,327,339,351,351],"floor_reached":16,"language":"ZHT","playtime":1594,"items_purged":[],"score":217,"play_id":"4d849ade-2e57-4df8-85a7-0abc4d71c38b","local_time":"20210127174349","is_ascension_mode":true,"campfire_choices":[{"floor":7,"key":"REST"},{"floor":15,"key":"RECALL"}],"circlet_count":0,"master_deck":["AscendersBane","Strike_RM","Strike_RM","Strike_RM","Strike_RM","Defend_RM","Defend_RM","Defend_RM","Defend_RM","RedMoon+1","ScarletShoot","EternalNight+1","NightLord","ScarletImprint","NightDance","HunterOfTheNight","HunterOfTheNight","VampireFantasy+1","MillenniumVampire+1","UnstableMagic+1"],"relics":["ScarletHat","NeowsBlessing","Frozen Egg 2","The Courier","Toxic Egg 2","MawBank"],"acts_visited":["Exordium"],"potions_floor_usage":[11,12,14,16],"damage_taken":[{"damage":0,"enemies":"Jaw Worm","floor":1,"turns":1},{"damage":0,"enemies":"2 Louse","floor":4,"turns":1},{"damage":0,"enemies":"Cultist","floor":5,"turns":1},{"damage":64,"enemies":"Gremlin Nob","floor":6,"turns":7},{"damage":8,"enemies":"3 Sentries","floor":8,"turns":5},{"damage":7,"enemies":"Lots of Slimes","floor":10,"turns":3},{"damage":13,"enemies":"Gremlin Nob","floor":11,"turns":3},{"damage":0,"enemies":"2 Fungi Beasts","floor":12,"turns":2},{"damage":0,"enemies":"Exordium Thugs","floor":13,"turns":3},{"damage":0,"enemies":"Red Slaver","floor":14,"turns":2},{"damage":29,"enemies":"Hexaghost","floor":16,"turns":9}],"seed_played":"8158868314908837384","potions_obtained":[{"floor":1,"key":"FearPotion"},{"floor":10,"key":"BlessingOfTheForge"},{"floor":11,"key":"Energy Potion"},{"floor":13,"key":"Fire Potion"}],"is_trial":false,"path_per_floor":["M","?","?","M","M","E","R","E","T","M","E","M","M","M","R","B"],"character_chosen":"REMILIA","items_purchased":[],"campfire_rested":1,"item_purchase_floors":[],"current_hp_per_floor":[63,63,63,63,63,2,23,20,20,13,2,2,6,6,6,0,0],"gold":351,"neow_bonus":"THREE_ENEMY_KILL","is_daily":false,"chose_seed":false,"campfire_upgraded":0,"win_rate":0.0,"timestamp":1611740629,"path_taken":["M","?","?","?","M","E","R","E","T","M","E","?","M","M","R","BOSS"],"items_purchased_type":[],"build_version":"2020-12-22","purchased_purges":0,"victory":false,"max_hp_per_floor":[70,70,70,70,70,70,70,70,70,70,70,70,70,70,70,70,70],"card_choices":[{"not_picked":["UnstableMagic","BombardNight"],"picked":"EternalNight","floor":1},{"not_picked":["MastersStateliness","LeisurelyOfLord"],"picked":"NightLord","floor":4},{"not_picked":["ChainGang","BlasphemousPunishment"],"picked":"ScarletImprint","floor":5},{"not_picked":["CharismaGuard+1","VampireClaw"],"picked":"NightDance","floor":6},{"not_picked":["Ultimatum","ForbiddenFruit","NightLord"],"picked":"SKIP","floor":8},{"not_picked":["RedRainbow","UnderTheZenith+1"],"picked":"HunterOfTheNight","floor":10},{"not_picked":["ScarletDevil","EndlessAdversity"],"picked":"HunterOfTheNight","floor":11},{"not_picked":["DiffusionOfMisfortune","VampireKiss"],"picked":"VampireFantasy+1","floor":12},{"not_picked":["ScarletImprint","StarOfDavid"],"picked":"MillenniumVampire+1","floor":13},{"not_picked":["NightDance","VampireSweep"],"picked":"UnstableMagic+1","floor":14}],"player_experience":401352,"relics_obtained":[{"floor":6,"key":"Frozen Egg 2"},{"floor":8,"key":"The Courier"},{"floor":9,"key":"Toxic Egg 2"},{"floor":11,"key":"MawBank"}],"event_choices":[{"damage_healed":0,"gold_gain":0,"player_choice":"Grow","damage_taken":0,"max_hp_gain":0,"max_hp_loss":0,"event_name":"Living Wall","floor":2,"gold_loss":0,"cards_upgraded":["RedMoon"]},{"damage_healed":0,"gold_gain":0,"player_choice":"Forge","damage_taken":0,"max_hp_gain":0,"max_hp_loss":0,"event_name":"Accursed Blacksmith","floor":3,"gold_loss":0,"cards_upgraded":["EternalNight"]}],"is_beta":false,"boss_relics":[],"items_purged_floors":[],"is_endless":false,"potions_floor_spawned":[1,10,11,13],"killed_by":"Hexaghost","ascension_level":15}}