{"host":"899crud3100o27sg","time":1611742097,"event":{"mods":["BaseMod","Better Third Choice","Colored Map","Colored Powertips","Downfall","Minty Spire (QoL Compilation)","Quick Restart","Relic Stats","Shop Mod","StSLib","The IronCluck"],"gold_per_floor":[112,127,127,145,163,197,215,243,243,243,269,285,138,151,151,228,228,238,258,258,258],"floor_reached":20,"language":"ENG","playtime":1542,"items_purged":["Strike_B"],"score":446,"play_id":"02267b45-b8dd-4ebc-80fc-172fca634f81","local_time":"20210127203817","is_ascension_mode":true,"campfire_choices":[{"data":"Darkness","floor":10,"key":"SMITH"},{"data":"Coolheaded","floor":15,"key":"SMITH"}],"circlet_count":0,"master_deck":["AscendersBane","Strike_B","Strike_B","Strike_B","Defend_B","Defend_B","Defend_B","Defend_B","Zap+1","Dualcast","CurseOfTheBell","Conserve Battery","Glacier","Multi-Cast","Steam","Coolheaded+1","Darkness+1","Cold Snap","Chill","Multi-Cast","Finesse","Recycle","Buffer","Glacier","Chill"],"relics":["Calling Bell","Smiling Mask","Sundial","FossilizedHelix","Bag of Marbles","Regal Pillow","Letter Opener","Blue Candle","Inserter"],"acts_visited":["Exordium","TheCity"],"potions_floor_usage":[6,18],"damage_taken":[{"damage":7,"enemies":"Small Slimes","floor":1,"turns":4},{"damage":0,"enemies":"Cultist","floor":2,"turns":4},{"damage":0,"enemies":"2 Louse","floor":4,"turns":5},{"damage":0,"enemies":"Blue Slaver","floor":5,"turns":6},{"damage":3,"enemies":"3 Sentries","floor":6,"turns":10},{"damage":4,"enemies":"Large Slime","floor":7,"turns":9},{"damage":15,"enemies":"Lagavulin","floor":8,"turns":10},{"damage":0,"enemies":"3 Sentries","floor":11,"turns":5},{"damage":1,"enemies":"Exordium Wildlife","floor":12,"turns":5},{"damage":0,"enemies":"Exordium Thugs","floor":14,"turns":5},{"damage":22,"enemies":"The Guardian","floor":16,"turns":13},{"damage":11,"enemies":"Spheric Guardian","floor":18,"turns":5},{"damage":5,"enemies":"Shell Parasite","floor":19,"turns":10},{"damage":43,"enemies":"Chosen and Byrds","floor":20,"turns":5}],"seed_played":"-7871766362486548380","potions_obtained":[{"floor":2,"key":"EssenceOfDarkness"},{"floor":5,"key":"bronze:BurnAndBuffPotion"},{"floor":8,"key":"FearPotion"},{"floor":12,"key":"AttackPotion"}],"is_trial":false,"path_per_floor":["M","M","?","M","M","E","M","E","T","R","E","M","$","M","R","B",null,"M","M","M"],"character_chosen":"DEFECT","items_purchased":["Finesse"],"campfire_rested":0,"item_purchase_floors":[13],"current_hp_per_floor":[57,57,57,57,57,54,50,35,35,35,35,34,34,34,34,12,56,45,40,0,0],"gold":258,"neow_bonus":"BOSS_RELIC","is_daily":false,"chose_seed":false,"campfire_upgraded":2,"win_rate":0.0,"timestamp":1611742097,"path_taken":["M","M","?","?","M","E","M","E","T","R","E","M","$","M","R","BOSS","M","M","M"],"items_purchased_type":["Card"],"build_version":"2020-12-22","purchased_purges":1,"victory":false,"max_hp_per_floor":[71,71,71,71,71,71,71,71,71,71,71,71,71,71,71,71,71,71,71,71,71],"relic_stats":{"Regal Pillow":0,"Inserter":[10],"counters":[14,96],"Sundial":[14],"Blue Candle":[0],"Letter Opener":[123],"Smiling Mask":25,"obtain_stats":[{"Calling Bell":0,"Regal Pillow":8,"Inserter":17,"Sundial":0,"Blue Candle":11,"Bag of Marbles":6,"Letter Opener":9,"Cracked Core":0,"Smiling Mask":0,"FossilizedHelix":0},{"Calling Bell":0,"Regal Pillow":7,"Inserter":11,"Sundial":0,"Blue Candle":8,"Bag of Marbles":5,"Letter Opener":7,"Cracked Core":0,"Smiling Mask":0,"FossilizedHelix":0},{"Calling Bell":0,"Regal Pillow":48,"Inserter":76,"Sundial":0,"Blue Candle":53,"Bag of Marbles":29,"Letter Opener":48,"Cracked Core":0,"Smiling Mask":0,"FossilizedHelix":0}]},"card_choices":[{"not_picked":["Compile Driver","Reinforced Body"],"picked":"Conserve Battery","floor":1},{"not_picked":["Undo","Stack"],"picked":"Glacier","floor":2},{"not_picked":["Steam Power","Blizzard"],"picked":"Multi-Cast","floor":4},{"not_picked":["Lockon","Darkness"],"picked":"Steam","floor":5},{"not_picked":["Reinforced Body","Sweeping Beam"],"picked":"Coolheaded","floor":6},{"not_picked":["Sweeping Beam","Stack"],"picked":"Darkness","floor":7},{"not_picked":["Scrape","Auto Shields"],"picked":"Cold Snap","floor":8},{"not_picked":["BootSequence","Static Discharge"],"picked":"Chill","floor":11},{"not_picked":["Rebound","Self Repair"],"picked":"Multi-Cast","floor":12},{"not_picked":["Compile Driver","Ball Lightning"],"picked":"Recycle","floor":14},{"not_picked":["Thunder Strike","Fission"],"picked":"Buffer","floor":16},{"not_picked":["Barrage","Rebound"],"picked":"Glacier","floor":18},{"not_picked":["Undo","Stack"],"picked":"Chill","floor":19}],"player_experience":1034050,"relics_obtained":[{"floor":0,"key":"Smiling Mask"},{"floor":0,"key":"Sundial"},{"floor":0,"key":"FossilizedHelix"},{"floor":6,"key":"Bag of Marbles"},{"floor":8,"key":"Regal Pillow"},{"floor":9,"key":"Letter Opener"},{"floor":11,"key":"Blue Candle"}],"event_choices":[{"damage_healed":0,"gold_gain":0,"player_choice":"Forge","damage_taken":0,"max_hp_gain":0,"max_hp_loss":0,"event_name":"Accursed Blacksmith","floor":3,"gold_loss":0,"cards_upgraded":["Zap"]}],"is_beta":false,"boss_relics":[{"not_picked":["SlaversCollar","Snecko Eye"],"picked":"Inserter"}],"items_purged_floors":[13],"is_endless":false,"potions_floor_spawned":[2,5,8,11,12],"killed_by":"Chosen and Byrds","ascension_level":20}}