{"host":"szp1d6dso4pv7ddl","time":1611726756,"event":{"mods":["AchievementEnabler","Alarm Clock","BaseMod","Bestiary","Block Reminder","Colored Map","Colored Powertips","Curses Come First","Dark Map","Displayed Cursed Tome","Highlight Path","Minty Spire (QoL Compilation)","Permanent Neow","Quick Restart","Relic Sorter","Relic Stats","StSLib","Synergy Search"],"gold_per_floor":[112,123,123,48,48,48,68,68,68,88,100,113,113,132,132,235,235,248,265,20,20,20,20,20,40,66,66,66,80,98,109,109,211,211,225,225,225],"floor_reached":36,"language":"ENG","playtime":1364,"items_purged":["Strike_R"],"score":358,"play_id":"63c846c0-8471-4c1b-9f95-e2828ac3280f","local_time":"20210126215236","is_ascension_mode":false,"campfire_choices":[{"data":"Anger","floor":6,"key":"SMITH"},{"data":"Rage","floor":13,"key":"SMITH"},{"floor":15,"key":"REST"},{"data":"Anger","floor":23,"key":"SMITH"},{"data":"Bash","floor":27,"key":"SMITH"},{"data":"Defend_R","floor":32,"key":"SMITH"}],"circlet_count":0,"master_deck":["Defend_R+1","Defend_R","Defend_R","Defend_R","Bash+1","Anger+1","Rage+1","Anger+1","Havoc+1","Disarm+1","Seeing Red+1"],"relics":["Black Blood","Nunchaku","Ornamental Fan","Lantern","Question Card","Frozen Egg 2","Astrolabe"],"acts_visited":["Exordium","TheCity","TheBeyond"],"potions_floor_usage":[16,33,33],"damage_taken":[{"damage":6,"enemies":"Jaw Worm","floor":1,"turns":4},{"damage":5,"enemies":"Small Slimes","floor":2,"turns":3},{"damage":0,"enemies":"2 Louse","floor":7,"turns":2},{"damage":5,"enemies":"Lots of Slimes","floor":10,"turns":4},{"damage":0,"enemies":"3 Louse","floor":11,"turns":3},{"damage":18,"enemies":"Large Slime","floor":12,"turns":4},{"damage":8,"enemies":"Red Slaver","floor":14,"turns":3},{"damage":19,"enemies":"Slime Boss","floor":16,"turns":10},{"damage":14,"enemies":"Spheric Guardian","floor":18,"turns":5},{"damage":15,"enemies":"2 Thieves","floor":19,"turns":5},{"damage":10,"enemies":"Centurion and Healer","floor":25,"turns":6},{"damage":14,"enemies":"Cultist and Chosen","floor":29,"turns":8},{"damage":20,"enemies":"3 Cultists","floor":30,"turns":6},{"damage":0,"enemies":"Centurion and Healer","floor":31,"turns":6},{"damage":70,"enemies":"Automaton","floor":33,"turns":12},{"damage":44,"enemies":"3 Shapes","floor":35,"turns":7},{"damage":46,"enemies":"3 Darklings","floor":36,"turns":9}],"seed_played":"-6829288641393318387","potions_obtained":[{"floor":7,"key":"PowerPotion"},{"floor":11,"key":"Swift Potion"},{"floor":12,"key":"Explosive Potion"},{"floor":18,"key":"Energy Potion"},{"floor":31,"key":"BloodPotion"},{"floor":35,"key":"LiquidMemories"}],"is_trial":false,"path_per_floor":["M","M","?","$","$","R","M","?","T","M","M","M","R","M","R","B",null,"M","M","$","?","?","R","?","M","T","R","$","M","M","M","R","B",null,"M","M"],"character_chosen":"IRONCLAD","items_purchased":["Ornamental Fan"],"campfire_rested":1,"item_purchase_floors":[20],"current_hp_per_floor":[80,80,55,55,55,55,61,54,54,55,61,49,49,47,71,58,80,78,75,75,75,75,75,66,68,68,68,68,66,58,70,70,28,80,48,2,2],"gold":225,"neow_bonus":"RANDOM_COMMON_RELIC","is_daily":false,"chose_seed":false,"campfire_upgraded":5,"win_rate":0.0,"timestamp":1611726756,"path_taken":["M","M","?","?","$","R","M","?","T","M","M","M","R","M","R","BOSS","M","M","$","?","?","R","?","M","T","R","$","M","M","M","R","BOSS","M","M"],"items_purchased_type":["Relic"],"build_version":"2020-12-22","purchased_purges":1,"victory":false,"max_hp_per_floor":[80,80,80,80,80,80,80,80,80,80,80,80,80,80,80,80,80,80,80,80,80,80,80,80,80,80,80,80,80,80,80,80,80,80,80,80,80],"relic_stats":{"Nunchaku":[12],"counters":[17,96],"Ornamental Fan":[120],"Astrolabe":["Havoc","Disarm","Seeing Red"],"Black Blood":143,"Question Card":14,"obtain_stats":[{"Lantern":0,"Nunchaku":26,"Ornamental Fan":20,"Astrolabe":34,"Black Blood":17,"Frozen Egg 2":9,"Question Card":3,"Burning Blood":0},{"Lantern":0,"Nunchaku":11,"Ornamental Fan":10,"Astrolabe":15,"Black Blood":8,"Frozen Egg 2":3,"Question Card":2,"Burning Blood":0},{"Lantern":0,"Nunchaku":49,"Ornamental Fan":43,"Astrolabe":81,"Black Blood":33,"Frozen Egg 2":9,"Question Card":7,"Burning Blood":0}]},"card_choices":[{"not_picked":["Cleave","Shrug It Off"],"picked":"Anger","floor":1},{"not_picked":["Pummel","Body Slam"],"picked":"Rage","floor":2},{"not_picked":["Thunderclap","Clothesline","Uppercut"],"picked":"Anger","floor":7},{"not_picked":["Anger","Sword Boomerang","Havoc","Dual Wield"],"picked":"SKIP","floor":10},{"not_picked":["Shrug It Off","Intimidate","Entrench","Flex"],"picked":"SKIP","floor":11},{"not_picked":["Sever Soul","Battle Trance","Anger","Exhume"],"picked":"SKIP","floor":12},{"not_picked":["Havoc","Armaments","Pummel","Wild Strike"],"picked":"SKIP","floor":14},{"not_picked":["Wild Strike","Armaments","Clothesline+1","True Grit+1"],"picked":"SKIP","floor":18},{"not_picked":["Anger","Shrug It Off","Headbutt","Perfected Strike+1"],"picked":"SKIP","floor":19},{"not_picked":["True Grit+1","Battle Trance","Exhume","Iron Wave"],"picked":"SKIP","floor":25},{"not_picked":["Flex+1","Thunderclap","Iron Wave+1","Fire Breathing+1"],"picked":"SKIP","floor":29},{"not_picked":["Rampage+1","Headbutt","Shockwave","Shrug It Off"],"picked":"SKIP","floor":30},{"not_picked":["Clash","Fiend Fire","Evolve+1","Shrug It Off+1"],"picked":"SKIP","floor":31},{"not_picked":["Warcry+1","Clash","Metallicize+1","Sword Boomerang"],"picked":"SKIP","floor":35}],"player_experience":1294739,"relics_obtained":[{"floor":9,"key":"Frozen Egg 2"},{"floor":26,"key":"Nunchaku"}],"event_choices":[{"damage_healed":0,"gold_gain":0,"player_choice":"Success","damage_taken":25,"relics_obtained":["Question Card"],"max_hp_gain":0,"max_hp_loss":0,"event_name":"Scrap Ooze","floor":3,"gold_loss":0},{"cards_removed":["Strike_R"],"damage_healed":0,"gold_gain":0,"player_choice":"Card Removal","damage_taken":7,"max_hp_gain":0,"max_hp_loss":0,"event_name":"Golden Wing","floor":8,"gold_loss":0},{"damage_healed":0,"gold_gain":0,"player_choice":"Ignored","damage_taken":0,"max_hp_gain":0,"max_hp_loss":0,"event_name":"Vampires","floor":21,"gold_loss":0},{"damage_healed":0,"gold_gain":0,"player_choice":"Ignored","damage_taken":0,"max_hp_gain":0,"max_hp_loss":0,"event_name":"Ghosts","floor":22,"gold_loss":0},{"damage_healed":0,"gold_gain":0,"player_choice":"Stopped","damage_taken":9,"max_hp_gain":0,"max_hp_loss":0,"event_name":"Cursed Tome","floor":24,"gold_loss":0}],"is_beta":false,"boss_relics":[{"not_picked":["Tiny House","Fusion Hammer"],"picked":"Black Blood"},{"not_picked":["Runic Dome","Black Star"],"picked":"Astrolabe"}],"items_purged_floors":[4],"is_endless":false,"potions_floor_spawned":[7,11,12,14,18,30,31,35],"killed_by":"3 Darklings","ascension_level":0}}