{"host":"gbsupkmj5cka9iw4","time":1611744447,"event":{"mods":["BaseMod","Better Note","BetterRewards","Minty Spire (QoL Compilation)","Say the Spire","Shop Mod","StSLib"],"gold_per_floor":[110,57,67,67,67,100,100,129,152,152,152,177,28,61,61,137,137,151,169,169,13,29,58,58,84,84,117,127,158,158,173,173,247,247,261,174,189,205,205,233,27,54,78,78,33,64,64,76,76,76],"floor_reached":51,"language":"ENG","playtime":3216,"items_purged":["Strike_R"],"score":1962,"play_id":"9d32711e-59c8-4a8c-8429-44b4b43e7a3d","local_time":"20210127194727","is_ascension_mode":true,"campfire_choices":[{"data":"Shockwave","floor":7.0,"key":"SMITH"},{"data":"Armaments","floor":10.0,"key":"SMITH"},{"data":"Evolve","floor":15.0,"key":"SMITH"},{"floor":24,"key":"REST"},{"floor":32,"key":"REST"},{"floor":44,"key":"REST"},{"floor":47,"key":"REST"},{"floor":49,"key":"REST"}],"circlet_count":0,"master_deck":["AscendersBane","Bash","Pommel Strike","Evolve+1","Wild Strike","Fire Breathing","Wild Strike","Shockwave+1","Shrug It Off","Blood for Blood","Armaments+1","Feed","Disarm","Bloodletting","Burning Pact","Whirlwind","Offering","Fire Breathing","Shrug It Off","Immolate","Wild Strike+1","True Grit","Fire Breathing","Shrug It Off","Evolve","Metallicize","Bloodletting+1","Fiend Fire","Power Through","Armaments+1","Flex","Uppercut","Barricade","Immolate","Burning Pact","Disarm","Parasite","Power Through","Offering","Shockwave","Double Tap","Rupture","Sword Boomerang+1","Iron Wave+1","Thunderclap+1","Burning Pact+1"],"relics":["Burning Blood","Orrery","Anchor","Unceasing Top","Vajra","Eternal Feather","HornCleat","MealTicket","Fusion Hammer","Mummified Hand","Dream Catcher","Pear","PreservedInsect","Potion Belt","Pandora\u0027s Box","Centennial Puzzle","Happy Flower","Darkstone Periapt","Bronze Scales","Bottled Tornado"],"acts_visited":["Exordium","TheCity","TheBeyond"],"potions_floor_usage":[23,50,50,50],"damage_taken":[{"damage":0.0,"enemies":"Cultist","floor":1.0,"turns":2.0},{"damage":0.0,"enemies":"Small Slimes","floor":3.0,"turns":3.0},{"damage":30.0,"enemies":"Lagavulin","floor":6.0,"turns":6.0},{"damage":15.0,"enemies":"Gremlin Nob","floor":8.0,"turns":4.0},{"damage":8.0,"enemies":"Lagavulin","floor":12.0,"turns":7.0},{"damage":11.0,"enemies":"Gremlin Nob","floor":14.0,"turns":5.0},{"damage":31.0,"enemies":"The Guardian","floor":16.0,"turns":9.0},{"damage":6.0,"enemies":"Chosen","floor":18.0,"turns":3.0},{"damage":13.0,"enemies":"2 Thieves","floor":19.0,"turns":4.0},{"damage":6,"enemies":"Centurion and Healer","floor":22,"turns":4},{"damage":19,"enemies":"Slavers","floor":23,"turns":2},{"damage":28,"enemies":"Book of Stabbing","floor":25,"turns":5},{"damage":28,"enemies":"Gremlin Leader","floor":27,"turns":6},{"damage":7,"enemies":"3 Cultists","floor":28,"turns":4},{"damage":15,"enemies":"Slavers","floor":29,"turns":4},{"damage":16,"enemies":"Snecko","floor":31,"turns":4},{"damage":60,"enemies":"Automaton","floor":33,"turns":8},{"damage":0,"enemies":"3 Shapes","floor":35,"turns":3},{"damage":14,"enemies":"3 Darklings","floor":37,"turns":3},{"damage":22,"enemies":"Writhing Mass","floor":38,"turns":6},{"damage":9,"enemies":"Giant Head","floor":40,"turns":7},{"damage":3,"enemies":"Nemesis","floor":42,"turns":5},{"damage":6,"enemies":"Giant Head","floor":46,"turns":7},{"damage":13,"enemies":"4 Shapes","floor":48,"turns":3},{"damage":16,"enemies":"Donu and Deca","floor":50,"turns":5}],"seed_played":"-1300751346519846775","potions_obtained":[{"floor":1.0,"key":"Strength Potion"},{"floor":6.0,"key":"SkillPotion"},{"floor":18.0,"key":"LiquidMemories"},{"floor":19.0,"key":"Strength Potion"},{"floor":23,"key":"DistilledChaos"},{"floor":25,"key":"LiquidMemories"},{"floor":33,"key":"Dexterity Potion"},{"floor":35,"key":"SkillPotion"},{"floor":40,"key":"BloodPotion"}],"is_trial":false,"path_per_floor":["M","$","M","?","?","E","R","E","T","R","T","E","$","E","R","B",null,"M","M","?","$","M","E","R","E","T","E","M","E","?","M","R","B",null,"M","$","M","M","?","E","$","E","T","R","$","E","R","M","R","B",null],"character_chosen":"IRONCLAD","items_purchased":["Pommel Strike","Evolve","Orrery","Shrug It Off","Burning Pact","Immolate","Burning Pact","Shockwave","Happy Flower","Rupture"],"campfire_rested":5,"item_purchase_floors":[0,0,0,2,13,21,36,41,41,45],"current_hp_per_floor":[74,74,75,75,75,51,51,42,42,42,42,40,40,35,47,22,62,62,55,75,75,75,62,75,53,63,41,40,31,31,21,64,10,66,72,85,77,61,61,58,73,76,76,85,85,85,85,78,85,75],"gold":76,"neow_bonus":"","is_daily":false,"chose_seed":false,"campfire_upgraded":3,"win_rate":0.0,"timestamp":1611744447,"path_taken":["M","?","M","?","?","E","R","E","T","R","?","E","?","E","R","BOSS","M","M","?","$","?","E","R","E","T","E","M","E","?","M","R","BOSS","M","?","M","M","?","E","$","E","T","R","$","E","R","M","R","BOSS"],"items_purchased_type":["Card","Card","Relic","Card","Card","Card","Card","Card","Relic","Card"],"build_version":"2020-12-22","purchased_purges":1,"victory":true,"max_hp_per_floor":[75,75,75,75,75,75,75,75,75,75,75,75,75,75,75,75,75,75,75,75,75,75,75,75,75,85,85,85,85,85,85,85,85,85,85,85,85,85,85,85,85,85,85,85,85,85,85,85,85,85],"card_choices":[{"not_picked":["Pummel","Sentinel"],"picked":"Wild Strike","floor":0.0},{"not_picked":["Hemokinesis","Wild Strike"],"picked":"Fire Breathing","floor":0.0},{"not_picked":["Perfected Strike","Pommel Strike"],"picked":"Wild Strike","floor":0.0},{"not_picked":["Disarm","Body Slam"],"picked":"Shockwave","floor":0.0},{"not_picked":["Perfected Strike","Heavy Blade","Combust"],"picked":"SKIP","floor":1.0},{"not_picked":["Entrench","Evolve"],"picked":"Blood for Blood","floor":3.0},{"not_picked":["Wild Strike","True Grit"],"picked":"Feed","floor":6.0},{"not_picked":["Anger","Headbutt"],"picked":"Disarm","floor":8.0},{"not_picked":["Combust","Clothesline"],"picked":"Bloodletting","floor":12.0},{"not_picked":["Hemokinesis","Bloodletting"],"picked":"Whirlwind","floor":14.0},{"not_picked":["Double Tap","Impervious"],"picked":"Offering","floor":16.0},{"not_picked":["Headbutt","Twin Strike"],"picked":"Fire Breathing","floor":18.0},{"not_picked":["Entrench","Metallicize"],"picked":"Shrug It Off","floor":19.0},{"not_picked":["Disarm","Armaments"],"picked":"Wild Strike+1","floor":22},{"not_picked":["Clash","Anger"],"picked":"True Grit","floor":23},{"not_picked":["Entrench","Armaments"],"picked":"Fire Breathing","floor":25},{"not_picked":["Rampage","Cleave"],"picked":"Shrug It Off","floor":27},{"not_picked":["Flex+1","Warcry"],"picked":"Evolve","floor":28},{"not_picked":["Clash","Iron Wave+1"],"picked":"Metallicize","floor":29},{"not_picked":["Sentinel+1","Shrug It Off","Hemokinesis"],"picked":"SKIP","floor":31},{"not_picked":["Anger","Pommel Strike"],"picked":"Bloodletting+1","floor":32},{"not_picked":["Reaper","Brutality"],"picked":"Fiend Fire","floor":33},{"not_picked":["Sentinel","Iron Wave","Havoc"],"picked":"SKIP","floor":35},{"not_picked":["Spot Weakness","Clothesline+1"],"picked":"Disarm","floor":37},{"not_picked":["Sword Boomerang","Clash"],"picked":"Power Through","floor":38},{"not_picked":["Fire Breathing","Shockwave"],"picked":"Offering","floor":40},{"not_picked":["Armaments","Cleave"],"picked":"Double Tap","floor":42},{"not_picked":["Cleave","Clothesline"],"picked":"Sword Boomerang+1","floor":46},{"not_picked":["Reaper","Twin Strike"],"picked":"Iron Wave+1","floor":47},{"not_picked":["True Grit","Armaments"],"picked":"Thunderclap+1","floor":48},{"not_picked":["Searing Blow","Body Slam+1"],"picked":"Burning Pact+1","floor":49}],"player_experience":757056,"relics_obtained":[{"floor":6.0,"key":"Anchor"},{"floor":8.0,"key":"Unceasing Top"},{"floor":9.0,"key":"Vajra"},{"floor":11.0,"key":"Eternal Feather"},{"floor":12.0,"key":"HornCleat"},{"floor":14.0,"key":"MealTicket"},{"floor":23,"key":"Mummified Hand"},{"floor":25,"key":"Dream Catcher"},{"floor":26,"key":"Pear"},{"floor":27,"key":"PreservedInsect"},{"floor":29,"key":"Potion Belt"},{"floor":40,"key":"Centennial Puzzle"},{"floor":42,"key":"Darkstone Periapt"},{"floor":43,"key":"Bronze Scales"},{"floor":46,"key":"Bottled Tornado"}],"event_choices":[{"damage_healed":0.0,"max_hp_gain":0.0,"max_hp_loss":0.0,"gold_gain":0.0,"cards_transformed":["Strike_R"],"event_name":"Living Wall","player_choice":"Change","floor":4.0,"gold_loss":0.0,"damage_taken":0.0,"cards_obtained":["Armaments"]},{"damage_healed":0.0,"max_hp_gain":0.0,"max_hp_loss":0.0,"gold_gain":0.0,"event_name":"The Cleric","player_choice":"Leave","floor":5.0,"gold_loss":0.0,"damage_taken":0.0},{"damage_healed":20.0,"max_hp_gain":0.0,"max_hp_loss":0.0,"gold_gain":0.0,"event_name":"Wheel of Change","player_choice":"Full Heal","floor":20.0,"gold_loss":0.0,"damage_taken":0.0},{"cards_removed":["Strike_R"],"damage_healed":0,"gold_gain":0,"player_choice":"Offered Basic","damage_taken":0,"max_hp_gain":0,"max_hp_loss":0,"event_name":"Bonfire Elementals","floor":30,"gold_loss":0},{"damage_healed":0,"gold_gain":0,"player_choice":"Upgraded","damage_taken":0,"max_hp_gain":0,"max_hp_loss":0,"event_name":"Upgrade Shrine","floor":39,"gold_loss":0,"cards_upgraded":["Armaments"]}],"is_beta":false,"boss_relics":[{"not_picked":["Tiny House","Runic Pyramid"],"picked":"Fusion Hammer"},{"not_picked":["Calling Bell","SlaversCollar"],"picked":"Pandora\u0027s Box"}],"items_purged_floors":[13],"is_endless":false,"potions_floor_spawned":[1,6,18,19,23,25,28,33,35,40],"ascension_level":16}}