{"host":"lrlw254gqe5layub","time":1611730047,"event":{"mods":["AchievementEnabler","BaseMod","Colored Map","Colored Powertips","Minty Spire (QoL Compilation)","Rare Cards Sparkle","SuperFastMode"],"gold_per_floor":[118,47,59,69,69,69,103,103,129,129,129],"floor_reached":10,"language":"KOR","playtime":222,"items_purged":[],"score":96,"play_id":"a739c649-e750-419c-8f88-6379b32b6d91","local_time":"20210127154727","is_ascension_mode":true,"campfire_choices":[{"data":"Creative AI","floor":6,"key":"SMITH"}],"circlet_count":0,"master_deck":["Strike_B","Strike_B","Strike_B","Strike_B","Defend_B","Defend_B","Defend_B","Defend_B","Zap","Dualcast","Creative AI+1"],"relics":["Cracked Core","NeowsBlessing","Dream Catcher","Bag of Marbles"],"acts_visited":["Exordium"],"potions_floor_usage":[10],"damage_taken":[{"damage":0,"enemies":"Cultist","floor":1,"turns":1},{"damage":0,"enemies":"Small Slimes","floor":3,"turns":1},{"damage":0,"enemies":"Jaw Worm","floor":4,"turns":1},{"damage":54,"enemies":"3 Sentries","floor":7,"turns":10},{"damage":15,"enemies":"Lagavulin","floor":10,"turns":4}],"seed_played":"-7282547882293266930","potions_obtained":[{"floor":3,"key":"SmokeBomb"},{"floor":4,"key":"CultistPotion"}],"is_trial":false,"path_per_floor":["M","$","M","M","$","R","E","?","T","E"],"character_chosen":"DEFECT","items_purchased":["Creative AI"],"campfire_rested":0,"item_purchase_floors":[2],"current_hp_per_floor":[68,68,68,68,68,68,14,7,7,0,0],"gold":129,"neow_bonus":"THREE_ENEMY_KILL","is_daily":false,"chose_seed":false,"campfire_upgraded":1,"win_rate":0.0,"timestamp":1611730047,"path_taken":["M","?","M","M","$","R","E","?","T","E"],"items_purchased_type":["Card"],"build_version":"2020-12-22","purchased_purges":0,"victory":false,"max_hp_per_floor":[75,75,75,75,75,75,75,75,75,75,75],"card_choices":[{"not_picked":["Ball Lightning","Steam","Go for the Eyes"],"picked":"SKIP","floor":1},{"not_picked":["Compile Driver","Doom and Gloom","White Noise"],"picked":"SKIP","floor":3},{"not_picked":["Reinforced Body","Melter","Beam Cell"],"picked":"SKIP","floor":4},{"not_picked":["Gash","Self Repair","Cold Snap"],"picked":"SKIP","floor":7}],"player_experience":472951,"relics_obtained":[{"floor":7,"key":"Dream Catcher"},{"floor":9,"key":"Bag of Marbles"}],"event_choices":[{"damage_healed":0,"gold_gain":0,"player_choice":"Damaged","damage_taken":7,"max_hp_gain":0,"max_hp_loss":0,"event_name":"Wheel of Change","floor":8,"gold_loss":0}],"is_beta":false,"boss_relics":[],"items_purged_floors":[],"is_endless":false,"potions_floor_spawned":[3,4],"killed_by":"Lagavulin","ascension_level":9}}