{"host":"c5slkkw8hp42e20v","time":1611725467,"event":{"mods":["AchievementEnabler","BaseMod","Better Note","BetterRewards","Clawfect","Colored Powertips","DeckTracker","Duelist Mod","Friendly Minions","GifTheSpireLib","Hermit","Highlight Path","Minty Spire (QoL Compilation)","Quick Restart","Rare Cards Sparkle","Replay The Spire","Spicy Shops","StSLib","The Administrix","The Animator","The Bug Knight","The Hierophant","The Necromancer","The Poker Player","The Runesmith","The Senshi","The Servant 0.9.4","????"],"gold_per_floor":[116,133,146,164,176,211,211,211,234,234,19,37,66,76,76,178,178,197,212,212,212],"floor_reached":20,"language":"ENG","playtime":1060,"items_purged":[],"score":188,"play_id":"e93a8e43-b3a2-4849-be2b-4043c5ac03e7","local_time":"20210126233107","is_ascension_mode":false,"campfire_choices":[{"floor":7,"key":"REST"},{"data":"BattleHymn","floor":10,"key":"SMITH"},{"floor":15,"key":"REST"}],"circlet_count":0,"master_deck":["Strike_P","Strike_P","Strike_P","Strike_P","Defend_P","Defend_P","Defend_P","Defend_P","Eruption","Vigilance","ThirdEye","EmptyBody","BowlingBash","BattleHymn+1","EmptyFist","EmptyBody","Clumsy","BattleHymn+1","ClearTheMind","ThirdEye","Replay:AtTheReady","MasterReality","SashWhip+1","Nirvana"],"relics":["PureWater","NeowsBlessing","Ancient Tea Set","PreservedInsect","Tiny Chest","DollysMirror","ReplayFunnel","Ring of Chaos"],"acts_visited":["Exordium","TheCity"],"potions_floor_usage":[20,20,20],"damage_taken":[{"damage":0,"enemies":"Jaw Worm","floor":1,"turns":1},{"damage":0,"enemies":"Small Slimes","floor":2,"turns":1},{"damage":0,"enemies":"Cultist","floor":3,"turns":1},{"damage":10,"enemies":"3 Louse","floor":4,"turns":4},{"damage":11,"enemies":"Large Slime","floor":5,"turns":4},{"damage":10,"enemies":"3 Sentries","floor":6,"turns":7},{"damage":12,"enemies":"Blue Slaver","floor":12,"turns":3},{"damage":11,"enemies":"Gremlin Nob","floor":13,"turns":4},{"damage":31,"enemies":"Lots of Slimes","floor":14,"turns":4},{"damage":20,"enemies":"Slime Boss","floor":16,"turns":9},{"damage":23,"enemies":"Spheric Guardian","floor":18,"turns":5},{"damage":43,"enemies":"3 Byrds","floor":19,"turns":7},{"damage":11,"enemies":"Shelled Parasite and Fungi","floor":20,"turns":1}],"seed_played":"5800261362598165286","potions_obtained":[{"floor":3,"key":"ColorlessPotion"},{"floor":4,"key":"SteroidPotion"},{"floor":5,"key":"PowerPotion"},{"floor":6,"key":"ColorlessPotion"}],"is_trial":false,"path_per_floor":["M","M","M","M","M","E","R","?","T","R","$","M","E","M","R","B",null,"M","M","M"],"character_chosen":"WATCHER","items_purchased":["Tiny Chest","DollysMirror"],"campfire_rested":2,"item_purchase_floors":[11,11],"current_hp_per_floor":[72,72,72,62,51,41,62,67,67,67,67,55,44,13,36,16,77,54,11,0,0],"gold":212,"neow_bonus":"THREE_ENEMY_KILL","is_daily":false,"chose_seed":false,"campfire_upgraded":1,"win_rate":0.0,"timestamp":1611725467,"path_taken":["M","M","M","M","M","E","R","?","T","R","$","M","E","M","R","BOSS","M","M","M"],"items_purchased_type":["Relic","Relic"],"build_version":"2020-12-22","purchased_purges":0,"victory":false,"max_hp_per_floor":[72,72,72,72,72,72,72,77,77,77,77,77,77,77,77,77,77,77,77,77,77],"card_choices":[{"not_picked":["Fasting2","FlyingSleeves"],"picked":"ThirdEye","floor":1},{"not_picked":["Study","Replay:Vibes"],"picked":"EmptyBody","floor":2},{"not_picked":["Collect","ThirdEye"],"picked":"BowlingBash","floor":3},{"not_picked":["FlurryOfBlows","JustLucky"],"picked":"BattleHymn","floor":4},{"not_picked":["Tantrum","SashWhip"],"picked":"EmptyFist","floor":5},{"not_picked":["FlurryOfBlows","WheelKick"],"picked":"EmptyBody","floor":6},{"not_picked":["FlyingSleeves","EmptyFist"],"picked":"ClearTheMind","floor":12},{"not_picked":["Crescendo","FlyingSleeves"],"picked":"ThirdEye","floor":13},{"not_picked":["Consecrate","EmptyBody"],"picked":"Replay:AtTheReady","floor":14},{"not_picked":["Replay:LoomingThreat","Replay:AllIn"],"picked":"MasterReality","floor":16},{"not_picked":["EmptyBody","Replay:Anticipation"],"picked":"SashWhip+1","floor":18},{"not_picked":["Crescendo+1","FollowUp"],"picked":"Nirvana","floor":19}],"player_experience":118809,"relics_obtained":[{"floor":6,"key":"Ancient Tea Set"},{"floor":9,"key":"PreservedInsect"},{"floor":13,"key":"ReplayFunnel"}],"event_choices":[{"damage_healed":0,"gold_gain":0,"player_choice":"Donut","damage_taken":0,"max_hp_gain":5,"max_hp_loss":0,"event_name":"Big Fish","floor":8,"gold_loss":0}],"is_beta":false,"boss_relics":[{"not_picked":["Velvet Choker","Tiny House"],"picked":"Ring of Chaos"}],"items_purged_floors":[],"is_endless":false,"potions_floor_spawned":[3,4,5,6,18,19],"killed_by":"Shelled Parasite and Fungi","ascension_level":0}}