{"host":"3qkmyeoym75lj4wn","time":1611710053,"event":{"mods":["2.2 Compatiblity","Act Like it!","BaseMod","Bestiary","Block Reminder","Colored Powertips","Highlight Path","Minty Spire (QoL Compilation)","Permanent Neow","Rare Cards Sparkle","Relic Stats","StSLib"],"gold_per_floor":[360,116,128,146,146,175,175,189,189,255,273,298,30,44,44,123,123,138,118,34,34,34,63,52,72,72,89,89,89],"floor_reached":28,"language":"ENG","playtime":1160,"items_purged":["Shame","Strike_R"],"score":500,"play_id":"b3591a76-8edc-4d1e-b327-0634f57b2ca1","local_time":"20210127011413","is_ascension_mode":true,"campfire_choices":[{"data":"Uppercut","floor":7,"key":"SMITH"},{"data":"Hemokinesis","floor":15,"key":"SMITH"}],"circlet_count":0,"master_deck":["AscendersBane","Defend_R","Defend_R","Defend_R","Defend_R","Bash","Rampage","Uppercut+1","Armaments","Thunderclap","Cleave","Evolve","Feel No Pain","Hemokinesis+1","Bludgeon","Shrug It Off","Impervious","Shrug It Off","Feed","Armaments+1","Corruption+1","Ghostly Armor+1","Metallicize","Disarm","Feed","Shrug It Off","Disarm","Armaments"],"relics":["Burning Blood","Orrery","Orichalcum","MealTicket","Shuriken","Blood Vial","Astrolabe","Boot","Bottled Tornado"],"acts_visited":["Exordium","TheCity"],"potions_floor_usage":[6,11,12,16,23,27],"damage_taken":[{"damage":15,"enemies":"Small Slimes","floor":1,"turns":3},{"damage":6,"enemies":"Cultist","floor":3,"turns":4},{"damage":7,"enemies":"2 Louse","floor":4,"turns":3},{"damage":45,"enemies":"Lagavulin","floor":6,"turns":6},{"damage":7,"enemies":"Exordium Wildlife","floor":8,"turns":4},{"damage":2,"enemies":"Exordium Thugs","floor":11,"turns":3},{"damage":17,"enemies":"Gremlin Nob","floor":12,"turns":5},{"damage":4,"enemies":"Blue Slaver","floor":14,"turns":5},{"damage":9,"enemies":"Hexaghost","floor":16,"turns":9},{"damage":2,"enemies":"Chosen","floor":18,"turns":6},{"damage":35,"enemies":"Book of Stabbing","floor":23,"turns":9},{"damage":19,"enemies":"2 Thieves","floor":24,"turns":4},{"damage":16,"enemies":"Snake Plant","floor":25,"turns":7},{"damage":34,"enemies":"Centurion and Healer","floor":27,"turns":13},{"damage":47,"enemies":"Slavers","floor":28,"turns":6}],"seed_played":"-3358200437713483820","potions_obtained":[{"floor":1,"key":"Strength Potion"},{"floor":4,"key":"SkillPotion"},{"floor":8,"key":"SneckoOil"},{"floor":12,"key":"PowerPotion"},{"floor":14,"key":"LiquidMemories"},{"floor":18,"key":"BloodPotion"},{"floor":23,"key":"Dexterity Potion"}],"is_trial":false,"path_per_floor":["M","$","M","M","?","E","R","M","T","?","M","E","$","M","R","B",null,"M","?","$","?","$","E","M","M","T","M","E"],"character_chosen":"IRONCLAD","items_purchased":["Orrery","Blood Vial","Metallicize"],"campfire_rested":0,"item_purchase_floors":[2,13,20],"current_hp_per_floor":[59,59,59,58,58,19,19,18,18,18,22,11,26,30,30,29,64,70,70,75,75,75,50,43,38,38,36,0,0],"gold":89,"neow_bonus":"TWO_FIFTY_GOLD","is_daily":false,"chose_seed":false,"campfire_upgraded":2,"win_rate":0.0,"timestamp":1611710053,"path_taken":["M","$","M","M","?","E","R","?","T","?","M","E","$","M","R","BOSS","M","?","?","?","$","E","M","?","T","M","E"],"items_purchased_type":["Relic","Relic","Card"],"build_version":"2020-12-22","purchased_purges":2,"victory":false,"max_hp_per_floor":[75,75,75,75,75,75,75,75,75,75,75,75,75,75,75,75,75,75,75,75,75,75,79,83,86,86,93,93,93],"relic_stats":{"Blood Vial":14,"counters":[15,87],"Shuriken":[2],"Astrolabe":["Armaments","Corruption","Ghostly Armor"],"MealTicket":20,"Orichalcum":[114],"Boot":[4],"obtain_stats":[{"Blood Vial":13,"Shuriken":12,"Astrolabe":17,"Orrery":2,"MealTicket":9,"Orichalcum":6,"Bottled Tornado":26,"Boot":23,"Burning Blood":0},{"Blood Vial":7,"Shuriken":7,"Astrolabe":9,"Orrery":1,"MealTicket":5,"Orichalcum":4,"Bottled Tornado":13,"Boot":11,"Burning Blood":0},{"Blood Vial":28,"Shuriken":28,"Astrolabe":42,"Orrery":3,"MealTicket":20,"Orichalcum":16,"Bottled Tornado":68,"Boot":57,"Burning Blood":0}],"Burning Blood":84},"card_choices":[{"not_picked":["Body Slam","Flame Barrier"],"picked":"Rampage","floor":1},{"not_picked":["Perfected Strike","Warcry"],"picked":"Uppercut","floor":2},{"not_picked":["Cleave","Burning Pact"],"picked":"Armaments","floor":2},{"not_picked":["Body Slam","Shrug It Off"],"picked":"Thunderclap","floor":2},{"not_picked":["Barricade","Second Wind"],"picked":"Cleave","floor":2},{"not_picked":["Searing Blow","Anger"],"picked":"Evolve","floor":2},{"not_picked":["Dropkick","Sword Boomerang"],"picked":"Feel No Pain","floor":3},{"not_picked":["Thunderclap","Havoc"],"picked":"Hemokinesis","floor":4},{"not_picked":["Fire Breathing","Ghostly Armor"],"picked":"Shrug It Off","floor":6},{"not_picked":["Twin Strike","Sword Boomerang"],"picked":"Impervious","floor":8},{"not_picked":["Flex","Evolve"],"picked":"Shrug It Off","floor":11},{"not_picked":["Perfected Strike","Clash","Sentinel"],"picked":"SKIP","floor":12},{"not_picked":["Rupture","Perfected Strike","Anger"],"picked":"SKIP","floor":14},{"not_picked":["Immolate","Impervious"],"picked":"Feed","floor":16},{"not_picked":["Thunderclap","Pummel","Heavy Blade+1"],"picked":"SKIP","floor":18},{"not_picked":["Sword Boomerang","Warcry"],"picked":"Feed","floor":23},{"not_picked":["Infernal Blade","Havoc"],"picked":"Shrug It Off","floor":24},{"not_picked":["Rupture","Iron Wave"],"picked":"Disarm","floor":25},{"not_picked":["Iron Wave","Wild Strike"],"picked":"Armaments","floor":27}],"player_experience":1705570,"relics_obtained":[{"floor":6,"key":"Orichalcum"},{"floor":9,"key":"MealTicket"},{"floor":12,"key":"Shuriken"},{"floor":23,"key":"Boot"},{"floor":26,"key":"Bottled Tornado"}],"event_choices":[{"damage_healed":0,"gold_gain":0,"cards_transformed":["Strike_R"],"player_choice":"Transformed","damage_taken":0,"max_hp_gain":0,"max_hp_loss":0,"event_name":"Transmorgrifier","floor":5,"gold_loss":0,"cards_obtained":["Bludgeon"]},{"damage_healed":0,"gold_gain":66,"player_choice":"Gained Gold","damage_taken":0,"max_hp_gain":0,"max_hp_loss":0,"event_name":"Golden Wing","floor":10,"gold_loss":0},{"damage_healed":0,"gold_gain":0,"player_choice":"Bought 1 Potion","damage_taken":0,"max_hp_gain":0,"max_hp_loss":0,"event_name":"The Woman in Blue","floor":19,"gold_loss":0},{"damage_healed":0,"gold_gain":0,"player_choice":"Read","damage_taken":0,"max_hp_gain":0,"max_hp_loss":0,"event_name":"The Library","floor":21,"gold_loss":0,"cards_obtained":["Disarm"]}],"is_beta":false,"boss_relics":[{"not_picked":["Runic Cube","Runic Pyramid"],"picked":"Astrolabe"}],"items_purged_floors":[2,13],"is_endless":false,"potions_floor_spawned":[1,4,8,12,14,18,23],"killed_by":"Slavers","ascension_level":20}}