{"host":"zi8hgkvmbjur1a9v","time":1611786288,"event":{"mods":["AchievementEnabler","AlwaysNeverKeys","Aspiration","BaseMod","BetterRewards","Colored Map","Colored Powertips","Conspire","Downfall","Energized Spire","Friendly Minions","Hubris","Infinite Spire","Minty Spire (QoL Compilation)","Permanent Neow","Quick Restart","Relic Filter","Replay The Spire","Shop Mod","StSLib"],"gold_per_floor":[99,99,118,118,131,164,197,224,224,236,36,71,101,1,13,32,131,131,131,141,160,160,180,180,206,238,238,238,252,262,262,262,262],"floor_reached":30,"language":"ENG","playtime":2877,"items_purged":[],"score":362,"play_id":"83eabd4c-670b-4cbb-963e-77f9782dfa13","local_time":"20210127172448","is_ascension_mode":true,"campfire_choices":[{"data":"Slimebound:Split","floor":1.0,"key":"SMITH"},{"data":"Slimebound:SlimeBrawl","floor":10.0,"key":"SMITH"},{"floor":13.0,"key":"REST"},{"data":"Slimebound:Darklings","floor":18.0,"key":"SMITH"},{"floor":23.0,"key":"REST"},{"floor":27.0,"key":"REST"}],"circlet_count":0,"master_deck":["Slimebound:Strike_Slimebound+1","Slimebound:Strike_Slimebound","Slimebound:Tackle","Slimebound:Defend_Slimebound","Slimebound:Defend_Slimebound","Slimebound:Defend_Slimebound","Slimebound:Defend_Slimebound","Slimebound:Split+1","Slimebound:CorrosiveSpit+1","Slimebound:SplitMire","Slimebound:MassFeed+1","Slimebound:FormOfPuddle+1","Slimebound:HungryTackle+1","Slimebound:RejuvenatingLick","Slimebound:SlimeBrawl+1","Slimebound:SplitSpecialist","Slimebound:SlimeBarrage","Slimebound:Nibble","Slimebound:Darklings+1","Slimebound:Equalize","Slimebound:HauntingLick","Slimebound:Schlurp","Slimebound:CheckThePlaybook","Slimebound:BestDefense+1","Slimebound:Equalize"],"relics":["energizedSpire:SpiderWeb","Juzu Bracelet","hubris:SlimyHat","Omamori","downfall:HeartBlessingBlue","downfall:HeartBlessingGreen","Gremlin Food","aspiration:DSix","downfall:HeartBlessingRed","energizedSpire:DeadBattery","hubris:Backtick","BargainBundle","Regal Pillow","infinitespire:EmpoweringShard"],"acts_visited":["Exordium","TheCity"],"potions_floor_usage":[],"damage_taken":[{"damage":7.0,"enemies":"2 Louse","floor":2.0,"turns":3.0},{"damage":5.0,"enemies":"Small Slimes","floor":4.0,"turns":4.0},{"damage":17.0,"enemies":"conspire:MimicChest","floor":5.0,"turns":4.0},{"damage":25.0,"enemies":"3 Sentries","floor":6.0,"turns":6.0},{"damage":7.0,"enemies":"Jaw Worm","floor":9.0,"turns":4.0},{"damage":26.0,"enemies":"Gremlin Nob","floor":11.0,"turns":4.0},{"damage":0.0,"enemies":"Large Slime","floor":14.0,"turns":3.0},{"damage":2.0,"enemies":"Exordium Wildlife","floor":15.0,"turns":4.0},{"damage":25.0,"enemies":"DF_ARCHETYPE_STREAMLINE","floor":16.0,"turns":6.0},{"damage":38.0,"enemies":"conspire:FuzzyDice","floor":19.0,"turns":6.0},{"damage":17.0,"enemies":"Shell Parasite","floor":20.0,"turns":4.0},{"damage":24.0,"enemies":"Snake Plant","floor":22.0,"turns":4.0},{"damage":55.0,"enemies":"Replay:Snechameleon","floor":25.0,"turns":7.0},{"damage":23.0,"enemies":"Chosen and Byrds","floor":28.0,"turns":5.0},{"damage":15.0,"enemies":"3 Cultists","floor":29.0,"turns":4.0}],"seed_played":"-3147063154338658667","potions_obtained":[{"floor":2.0,"key":"Elixir"},{"floor":5.0,"key":"Block Potion"},{"floor":15.0,"key":"Slimebound:SlimedPotion"},{"floor":16.0,"key":"Venom Potion"},{"floor":25.0,"key":"EssenceOfSteel"}],"is_trial":false,"path_per_floor":["R","M","?","M","?","E","T","?","M","R","E","?","R","M","M","B",null,"R","M","M","AVR","M","R","T","E","?","R","M","M","E"],"character_chosen":"SLIMEBOUND","items_purchased":[],"campfire_rested":3,"item_purchase_floors":[],"current_hp_per_floor":[65,65,58,58,61,48,23,23,23,20,30,8,8,36,36,34,9,95,95,57,44,44,20,48,48,1,1,44,33,26,0,0,0],"gold":262,"neow_bonus":"BOSS_RELIC","is_daily":false,"chose_seed":false,"campfire_upgraded":3,"win_rate":0.0,"timestamp":1611786288,"path_taken":["R","M","?","M","?","E","T","?","M","R","E","?","R","M","M","BOSS","R","M","M","AVR","M","R","T","E","?","R","M","M","E"],"items_purchased_type":[],"build_version":"2020-12-22","purchased_purges":0,"victory":false,"max_hp_per_floor":[65,65,65,65,73,77,77,77,77,81,91,95,95,95,95,95,95,95,95,95,95,95,95,95,95,95,95,95,99,103,103,103,103],"card_choices":[{"not_picked":["Slimebound:RejuvenatingLick","Slimebound:SplitLeeching"],"picked":"Slimebound:SplitMire","floor":2.0},{"not_picked":["Slimebound:SplitBruiser","Slimebound:LivingWall"],"picked":"Slimebound:FormOfPuddle","floor":4.0},{"not_picked":["Slimebound:SplitLeeching","Slimebound:Schlurp"],"picked":"Slimebound:HungryTackle","floor":5.0},{"not_picked":["Slimebound:BestDefense","Slimebound:GoopSpray"],"picked":"Slimebound:RejuvenatingLick","floor":6.0},{"not_picked":["Slimebound:MegaLick","Slimebound:Dissolve"],"picked":"Slimebound:SlimeBrawl","floor":9.0},{"not_picked":["Slimebound:FlameTackle","Slimebound:GoopSpray"],"picked":"Slimebound:SplitSpecialist","floor":11.0},{"not_picked":["Slimebound:Chomp","Slimebound:Gluttony"],"picked":"Slimebound:SlimeBarrage","floor":14.0},{"not_picked":["Slimebound:SplitBruiser","Slimebound:HauntingLick"],"picked":"Slimebound:Nibble","floor":15.0},{"not_picked":["Slimebound:CheckThePlaybook","Slimebound:SelfFormingGoo"],"picked":"Slimebound:Darklings","floor":16.0},{"not_picked":["Slimebound:LeechingTouch","Slimebound:SplitBruiser"],"picked":"Slimebound:Equalize","floor":19.0},{"not_picked":["Slimebound:SplitAcid+1","Slimebound:ServeAndProtect"],"picked":"Slimebound:HauntingLick","floor":20.0},{"not_picked":["Slimebound:FinishingTackle+1","Slimebound:SplitBruiser+1"],"picked":"Slimebound:Schlurp","floor":22.0},{"not_picked":["Slimebound:Repurpose","Slimebound:Grow"],"picked":"Slimebound:CheckThePlaybook","floor":25.0},{"not_picked":["Slimebound:Dissolve","Slimebound:Schlurp"],"picked":"Slimebound:BestDefense+1","floor":28.0},{"not_picked":["Slimebound:SamplingLick","Slimebound:SlimeSpikes"],"picked":"Slimebound:Equalize","floor":29.0}],"player_experience":597659,"relics_obtained":[{"floor":5.0,"key":"Juzu Bracelet"},{"floor":6.0,"key":"hubris:SlimyHat"},{"floor":7.0,"key":"Omamori"},{"floor":11.0,"key":"Gremlin Food"},{"floor":24.0,"key":"Regal Pillow"},{"floor":25.0,"key":"infinitespire:EmpoweringShard"}],"event_choices":[],"is_beta":false,"boss_relics":[{"not_picked":["hubris:VirtuousBlindfold","SlaversCollar"],"picked":"energizedSpire:DeadBattery"}],"items_purged_floors":[],"is_endless":false,"potions_floor_spawned":[2,5,15,16,25,28],"killed_by":"conspire:Head Lice","ascension_level":4}}