{"host":"1c17lcvl7acx821p","time":1611748818,"event":{"mods":["AchievementEnabler","BaseMod","Colored Map","Minty Spire (QoL Compilation)","Quick Restart","Relic Sorter","StSLib"],"gold_per_floor":[166,166,183,201,216,216,249,249,274,298,316,140,158,158,181,181,280,280,297,297,40,27,47,47,67,67,93,18,18,18,47,77,77,178,178,195,155,14,26,37,37,52,52,78,103,103,123,158,173,173,173,173],"floor_reached":53,"language":"ENG","playtime":3368,"items_purged":["Strike_R","Strike_R"],"score":1174,"play_id":"149726fa-167a-4b0d-9ec6-e5bb18515540","local_time":"20210127140018","is_ascension_mode":true,"campfire_choices":[{"data":"Carnage","floor":6.0,"key":"SMITH"},{"floor":16.0,"key":"REST"},{"floor":24.0,"key":"REST"},{"floor":26.0,"key":"REST"},{"data":"Defend_R","floor":29.0,"key":"PURGE"},{"floor":33.0,"key":"REST"},{"data":"Fiend Fire","floor":41.0,"key":"SMITH"},{"floor":43.0,"key":"REST"},{"data":"Strike_R","floor":46.0,"key":"PURGE"},{"floor":50,"key":"REST"},{"floor":51,"key":"DIG"}],"circlet_count":0,"master_deck":["AscendersBane","Strike_R","Defend_R+1","Defend_R","Defend_R","Bash","Carnage+1","Ghostly Armor","Pummel","Clothesline","Infernal Blade","True Grit","Feed","Barricade+1","Feel No Pain+1","Fire Breathing","Spot Weakness","True Grit","Pommel Strike","Battle Trance","Juggernaut+1","Warcry","Fiend Fire+1","True Grit+1","Disarm","Offering","Dropkick","Second Wind+1"],"relics":["Tiny House","Incense Burner","Peace Pipe","Potion Belt","Art of War","Odd Mushroom","SlaversCollar","Strange Spoon","Juzu Bracelet","Frozen Egg 2","Red Mask","Shovel","Runic Pyramid","Red Skull","Vajra","PreservedInsect","Oddly Smooth Stone"],"acts_visited":["Exordium","TheCity","TheBeyond"],"potions_floor_usage":[52],"damage_taken":[{"damage":9.0,"enemies":"2 Louse","floor":1.0,"turns":3.0},{"damage":0.0,"enemies":"Cultist","floor":3.0,"turns":3.0},{"damage":0.0,"enemies":"Jaw Worm","floor":4.0,"turns":3.0},{"damage":27.0,"enemies":"Exordium Thugs","floor":5.0,"turns":6.0},{"damage":17.0,"enemies":"Lagavulin","floor":7.0,"turns":5.0},{"damage":0.0,"enemies":"Looter","floor":11.0,"turns":3.0},{"damage":3.0,"enemies":"Blue Slaver","floor":13.0,"turns":3.0},{"damage":3.0,"enemies":"The Mushroom Lair","floor":15.0,"turns":4.0},{"damage":35.0,"enemies":"Hexaghost","floor":17.0,"turns":14.0},{"damage":19.0,"enemies":"Chosen","floor":19.0,"turns":6.0},{"damage":15.0,"enemies":"2 Thieves","floor":22.0,"turns":4.0},{"damage":32.0,"enemies":"Snake Plant","floor":23.0,"turns":8.0},{"damage":24.0,"enemies":"Centurion and Healer","floor":25.0,"turns":12.0},{"damage":41.0,"enemies":"Masked Bandits","floor":31.0,"turns":7.0},{"damage":18.0,"enemies":"Book of Stabbing","floor":32.0,"turns":7.0},{"damage":2.0,"enemies":"Champ","floor":34.0,"turns":23.0},{"damage":9.0,"enemies":"3 Shapes","floor":36.0,"turns":5.0},{"damage":1.0,"enemies":"Orb Walker","floor":39.0,"turns":4.0},{"damage":30.0,"enemies":"Transient","floor":40.0,"turns":5.0},{"damage":13.0,"enemies":"Jaw Worm Horde","floor":42.0,"turns":5.0},{"damage":13.0,"enemies":"Giant Head","floor":45.0,"turns":8.0},{"damage":1.0,"enemies":"4 Shapes","floor":47.0,"turns":4.0},{"damage":23.0,"enemies":"Reptomancer","floor":48.0,"turns":7.0},{"damage":35,"enemies":"Transient","floor":49,"turns":5},{"damage":21,"enemies":"Time Eater","floor":52,"turns":8}],"seed_played":"-2007308790263324536","potions_obtained":[{"floor":0.0,"key":"FairyPotion"},{"floor":2.0,"key":"CultistPotion"},{"floor":7.0,"key":"Fire Potion"},{"floor":11.0,"key":"SkillPotion"},{"floor":15.0,"key":"Block Potion"},{"floor":19.0,"key":"SteroidPotion"},{"floor":22.0,"key":"BloodPotion"},{"floor":25.0,"key":"DistilledChaos"},{"floor":36.0,"key":"AttackPotion"},{"floor":39.0,"key":"Fire Potion"},{"floor":42.0,"key":"HeartOfIron"}],"is_trial":false,"path_per_floor":["M","?","M","M","M","R","E","T","T","T","M","$","M","?","?","R","B",null,"M","?","$","M","M","R","M","R","T","?","R","T","?","E","R","B",null,"M","?","$","M","M","R","M","R","T","E","R","M","E","M","R","R","B",null],"character_chosen":"IRONCLAD","items_purchased":["HeartOfIron","Strange Spoon","Fiend Fire"],"campfire_rested":6,"item_purchase_floors":[12,21,38],"current_hp_per_floor":[68,68,68,68,41,41,24,24,24,24,24,24,21,21,21,47,12,69,53,44,44,29,18,46,28,58,58,58,58,58,20,2,32,30,85,79,79,79,81,51,51,38,70,70,57,57,59,36,1,34,34,13],"gold":173,"neow_bonus":"BOSS_RELIC","is_daily":false,"chose_seed":false,"campfire_upgraded":2,"win_rate":0.0,"timestamp":1611748818,"path_taken":["M","?","M","?","M","R","E","?","T","T","?","$","M","?","?","R","BOSS","M","?","?","M","M","R","M","R","T","?","R","?","?","E","R","BOSS","M","?","?","M","M","R","M","R","T","E","R","M","E","M","R","R","BOSS"],"items_purchased_type":["Potion","Relic","Card"],"build_version":"2020-12-22","purchased_purges":2,"victory":true,"max_hp_per_floor":[85,85,85,85,85,85,85,85,85,85,85,85,85,85,88,88,88,88,91,91,91,91,94,94,100,100,100,100,100,100,103,103,103,103,103,106,106,106,109,109,109,109,109,109,109,109,112,112,112,112,112,112],"card_choices":[{"not_picked":["Body Slam","True Grit"],"picked":"Carnage","floor":0.0},{"not_picked":["Flex","Shrug It Off"],"picked":"Ghostly Armor","floor":1.0},{"not_picked":["Armaments","Twin Strike"],"picked":"Pummel","floor":3.0},{"not_picked":["Evolve","Flame Barrier"],"picked":"Clothesline","floor":4.0},{"not_picked":["Seeing Red","Intimidate"],"picked":"Infernal Blade","floor":5.0},{"not_picked":["Bloodletting","Blood for Blood"],"picked":"True Grit","floor":7.0},{"not_picked":["Rupture","Armaments","Havoc"],"picked":"SKIP","floor":11.0},{"not_picked":["Pummel","Dark Embrace"],"picked":"Feed","floor":13.0},{"not_picked":["Berserk","Corruption"],"picked":"Barricade","floor":17.0},{"not_picked":["Dropkick","Heavy Blade"],"picked":"Feel No Pain+1","floor":19.0},{"not_picked":["Carnage","Warcry"],"picked":"Fire Breathing","floor":22.0},{"not_picked":["Carnage","Pommel Strike"],"picked":"Spot Weakness","floor":23.0},{"not_picked":["Perfected Strike","Cleave"],"picked":"True Grit","floor":25.0},{"not_picked":["Body Slam","Perfected Strike"],"picked":"Pommel Strike","floor":31.0},{"not_picked":["Ghostly Armor","Searing Blow+1"],"picked":"Battle Trance","floor":32.0},{"not_picked":["Feed","Bludgeon"],"picked":"Juggernaut+1","floor":34.0},{"not_picked":["Pommel Strike","Rage"],"picked":"Warcry","floor":36.0},{"not_picked":["Warcry","Rampage+1"],"picked":"True Grit+1","floor":39.0},{"not_picked":["Burning Pact","Infernal Blade"],"picked":"Disarm","floor":40.0},{"not_picked":["Hemokinesis+1","Combust+1","Ghostly Armor"],"picked":"SKIP","floor":42.0},{"not_picked":["Uppercut","Entrench"],"picked":"Offering","floor":45.0},{"not_picked":["Body Slam","Clash"],"picked":"Dropkick","floor":47.0},{"not_picked":["Anger","Ghostly Armor+1"],"picked":"Second Wind+1","floor":48.0},{"not_picked":["Twin Strike","Havoc","Clash+1"],"picked":"SKIP","floor":49}],"player_experience":226636,"relics_obtained":[{"floor":7.0,"key":"Incense Burner"},{"floor":8.0,"key":"Peace Pipe"},{"floor":9.0,"key":"Potion Belt"},{"floor":10.0,"key":"Art of War"},{"floor":15.0,"key":"Odd Mushroom"},{"floor":27.0,"key":"Juzu Bracelet"},{"floor":30.0,"key":"Frozen Egg 2"},{"floor":31.0,"key":"Red Mask"},{"floor":32.0,"key":"Shovel"},{"floor":44.0,"key":"Red Skull"},{"floor":45.0,"key":"Vajra"},{"floor":48.0,"key":"PreservedInsect"},{"floor":51,"key":"Oddly Smooth Stone"}],"event_choices":[{"damage_healed":0.0,"max_hp_gain":0.0,"max_hp_loss":0.0,"gold_gain":0.0,"event_name":"Lab","player_choice":"Got Potions","floor":2.0,"gold_loss":0.0,"damage_taken":0.0},{"damage_healed":0.0,"max_hp_gain":0.0,"max_hp_loss":0.0,"gold_gain":0.0,"event_name":"Liars Game","player_choice":"Ignored","floor":14.0,"gold_loss":0.0,"damage_taken":0.0},{"damage_healed":0.0,"max_hp_gain":0.0,"max_hp_loss":0.0,"gold_gain":0.0,"event_name":"Mushrooms","player_choice":"Fought Mushrooms","floor":15.0,"gold_loss":0.0,"damage_taken":0.0},{"damage_healed":0.0,"max_hp_gain":0.0,"max_hp_loss":0.0,"gold_gain":0.0,"event_name":"Wheel of Change","player_choice":"Damaged","floor":20.0,"gold_loss":0.0,"damage_taken":9.0},{"cards_removed":["Strike_R"],"damage_healed":0.0,"max_hp_gain":0.0,"max_hp_loss":0.0,"gold_gain":0.0,"event_name":"Beggar","player_choice":"Gave Gold","floor":28.0,"gold_loss":75.0,"damage_taken":0.0},{"damage_healed":0.0,"max_hp_gain":0.0,"max_hp_loss":0.0,"gold_gain":0.0,"event_name":"Masked Bandits","player_choice":"Fought Bandits","floor":31.0,"gold_loss":0.0,"damage_taken":0.0},{"damage_healed":0.0,"max_hp_gain":0.0,"max_hp_loss":0.0,"gold_gain":0.0,"event_name":"Designer","player_choice":"Upgrade","floor":37.0,"gold_loss":40.0,"damage_taken":0.0,"cards_upgraded":["Barricade"]}],"is_beta":false,"boss_relics":[{"not_picked":["Black Star","Busted Crown"],"picked":"SlaversCollar"},{"not_picked":["Runic Dome","SacredBark"],"picked":"Runic Pyramid"}],"items_purged_floors":[12,21],"is_endless":false,"potions_floor_spawned":[3,4,7,11,15,19,22,25,36,39,42],"ascension_level":12}}