{"host":"1mv6gj0zv8k9e9tz","time":1611760560,"event":{"mods":["AchievementEnabler","BaseMod","Better Third Choice","Colored Map","KOR Keyword Fix","Minty Spire (QoL Compilation)","Permanent Neow","Rare Cards Sparkle","StSLib"],"gold_per_floor":[10,25,41,52,52,52,71,71,71,85,85,111,123,143,143,221,221,234,253,272,47,61,89,89,100,100,114,114,127,137,157,157,233,233,252,267,320,89,114,147,158,158,158],"floor_reached":42,"language":"KOR","playtime":2873,"items_purged":["Dagger Throw"],"score":1145,"play_id":"2969ab7f-9129-4e28-ac06-982043945d0c","local_time":"20210128001600","is_ascension_mode":true,"campfire_choices":[{"data":"Glass Knife","floor":6.0,"key":"SMITH"},{"data":"Blade Dance","floor":8.0,"key":"SMITH"},{"data":"Backflip","floor":11.0,"key":"SMITH"},{"data":"Neutralize","floor":15.0,"key":"SMITH"},{"data":"A Thousand Cuts","floor":24.0,"key":"SMITH"},{"data":"Caltrops","floor":28.0,"key":"SMITH"},{"data":"Calculated Gamble","floor":32.0,"key":"SMITH"}],"circlet_count":0,"master_deck":["AscendersBane","Survivor","Neutralize+1","Glass Knife+1","Deadly Poison","Backflip+1","Calculated Gamble+1","Blade Dance+1","Terror+1","Blur+1","Cloak And Dagger+1","Cloak And Dagger+1","Burst+1","Deflect+1","Escape Plan+1","Blur+1","Dagger Throw","A Thousand Cuts+1","Poisoned Stab","Doppelganger+1","Acrobatics+1","PiercingWail+1","Adrenaline+1","Bullet Time+1","Caltrops+1","PiercingWail+1","Leg Sweep+1","Escape Plan+1","Malaise+1","Deadly Poison+1","Blur+1","Phantasmal Killer+1","Footwork","Tactician+1","Catalyst+1"],"relics":["Ring of the Snake","Happy Flower","Toxic Egg 2","Ginger","Pandora\u0027s Box","Vajra","HoveringKite","Unceasing Top","Tough Bandages","Art of War"],"acts_visited":["Exordium","TheCity","TheBeyond"],"potions_floor_usage":[39],"damage_taken":[{"damage":0.0,"enemies":"Cultist","floor":1.0,"turns":3.0},{"damage":4.0,"enemies":"Small Slimes","floor":2.0,"turns":3.0},{"damage":0.0,"enemies":"2 Louse","floor":3.0,"turns":3.0},{"damage":6.0,"enemies":"Looter","floor":4.0,"turns":3.0},{"damage":0.0,"enemies":"2 Fungi Beasts","floor":7.0,"turns":2.0},{"damage":0.0,"enemies":"Red Slaver","floor":10.0,"turns":2.0},{"damage":0.0,"enemies":"Gremlin Nob","floor":12.0,"turns":2.0},{"damage":9.0,"enemies":"Exordium Wildlife","floor":13.0,"turns":3.0},{"damage":4.0,"enemies":"Blue Slaver","floor":14.0,"turns":2.0},{"damage":21.0,"enemies":"Slime Boss","floor":16.0,"turns":13.0},{"damage":4.0,"enemies":"Shell Parasite","floor":18.0,"turns":3.0},{"damage":0.0,"enemies":"3 Byrds","floor":19.0,"turns":5.0},{"damage":6.0,"enemies":"Snake Plant","floor":20.0,"turns":3.0},{"damage":0.0,"enemies":"Centurion and Healer","floor":22.0,"turns":2.0},{"damage":0.0,"enemies":"Gremlin Leader","floor":23.0,"turns":3.0},{"damage":0.0,"enemies":"Cultist and Chosen","floor":25.0,"turns":4.0},{"damage":0.0,"enemies":"Snake Plant","floor":27.0,"turns":2.0},{"damage":0.0,"enemies":"Centurion and Healer","floor":29.0,"turns":4.0},{"damage":0.0,"enemies":"Shelled Parasite and Fungi","floor":30.0,"turns":2.0},{"damage":5.0,"enemies":"Cultist and Chosen","floor":31.0,"turns":7.0},{"damage":10.0,"enemies":"Automaton","floor":33.0,"turns":8.0},{"damage":0,"enemies":"3 Shapes","floor":35,"turns":4},{"damage":0,"enemies":"Orb Walker","floor":36,"turns":4},{"damage":12,"enemies":"2 Orb Walkers","floor":37,"turns":3},{"damage":0,"enemies":"Mind Bloom Boss Battle","floor":39,"turns":5},{"damage":0,"enemies":"Giant Head","floor":40,"turns":8},{"damage":0,"enemies":"4 Shapes","floor":41,"turns":2},{"damage":89,"enemies":"Reptomancer","floor":42,"turns":2}],"seed_played":"-5076769233381157738","potions_obtained":[{"floor":1.0,"key":"CunningPotion"},{"floor":3.0,"key":"SmokeBomb"},{"floor":7.0,"key":"DistilledChaos"},{"floor":10.0,"key":"Swift Potion"},{"floor":16.0,"key":"Dexterity Potion"},{"floor":22.0,"key":"GhostInAJar"},{"floor":23.0,"key":"BlessingOfTheForge"},{"floor":25.0,"key":"FairyPotion"},{"floor":29.0,"key":"DuplicationPotion"},{"floor":36,"key":"Regen Potion"},{"floor":39,"key":"CultistPotion"}],"is_trial":false,"path_per_floor":["M","M","M","M","?","R","M","R","T","M","R","E","M","M","R","B",null,"M","M","M","$","M","E","R","M","T","M","R","M","M","M","R","B",null,"M","M","?","$","?","E","M","E"],"character_chosen":"THE_SILENT","items_purchased":["Adrenaline+1","Bullet Time+1","Phantasmal Killer+1","Footwork"],"campfire_rested":0,"item_purchase_floors":[21,21,38,38],"current_hp_per_floor":[59,55,55,49,49,49,49,49,49,49,49,49,40,36,36,15,53,49,49,43,43,43,43,43,43,43,43,43,43,43,38,38,28,57,57,57,45,45,57,57,57,0,0],"gold":158,"neow_bonus":"TRANSFORM_TWO_CARDS","is_daily":false,"chose_seed":false,"campfire_upgraded":7,"win_rate":0.0,"timestamp":1611760560,"path_taken":["M","M","M","?","?","R","M","R","T","M","R","E","M","?","R","BOSS","M","M","?","$","?","E","R","?","T","M","R","M","M","M","R","BOSS","M","M","?","$","?","E","M","E"],"items_purchased_type":["Card","Card","Card","Card"],"build_version":"2020-12-22","purchased_purges":1,"victory":false,"max_hp_per_floor":[66,66,66,66,66,66,66,66,66,66,66,66,66,66,66,66,66,66,66,66,66,66,66,66,66,66,66,66,66,66,66,66,66,66,66,66,66,66,66,66,66,66,66],"card_choices":[{"not_picked":["Choke","Underhanded Strike"],"picked":"Deadly Poison","floor":1.0},{"not_picked":["Outmaneuver","Endless Agony","Well Laid Plans"],"picked":"SKIP","floor":2.0},{"not_picked":["Slice","Flying Knee"],"picked":"Backflip","floor":3.0},{"not_picked":["Acrobatics","Prepared"],"picked":"Calculated Gamble","floor":4.0},{"not_picked":["Caltrops","Underhanded Strike"],"picked":"Blade Dance","floor":7.0},{"not_picked":["Sucker Punch","Outmaneuver+1"],"picked":"Terror+1","floor":10.0},{"not_picked":["Catalyst+1","Sucker Punch"],"picked":"Blur+1","floor":12.0},{"not_picked":["Underhanded Strike","Outmaneuver+1"],"picked":"Cloak And Dagger+1","floor":13.0},{"not_picked":["Concentrate+1","Quick Slash"],"picked":"Cloak And Dagger+1","floor":14.0},{"not_picked":["Venomology+1","Adrenaline+1"],"picked":"Burst+1","floor":16.0},{"not_picked":["Poisoned Stab","Sucker Punch+1"],"picked":"Acrobatics+1","floor":18.0},{"not_picked":["Dagger Throw","Acrobatics+1","Heel Hook"],"picked":"SKIP","floor":19.0},{"not_picked":["Flying Knee","Acrobatics+1"],"picked":"PiercingWail+1","floor":20.0},{"not_picked":["Flying Knee","Eviscerate"],"picked":"Caltrops","floor":22.0},{"not_picked":["Unload","Backflip+1"],"picked":"PiercingWail+1","floor":23.0},{"not_picked":["Distraction+1","Backstab","Masterful Stab"],"picked":"SKIP","floor":25.0},{"not_picked":["Riddle With Holes","Dagger Spray"],"picked":"Leg Sweep+1","floor":27.0},{"not_picked":["Poisoned Stab","Sucker Punch"],"picked":"Escape Plan+1","floor":29.0},{"not_picked":["Slice","Backflip+1","Expertise+1"],"picked":"SKIP","floor":30.0},{"not_picked":["Dagger Throw","Escape Plan+1","Well Laid Plans"],"picked":"SKIP","floor":31.0},{"not_picked":["Burst+1","Glass Knife"],"picked":"Malaise+1","floor":33.0},{"not_picked":["Quick Slash","Flying Knee+1","Bane+1"],"picked":"SKIP","floor":35},{"not_picked":["Skewer","Choke"],"picked":"Deadly Poison+1","floor":36},{"not_picked":["Endless Agony","Outmaneuver+1"],"picked":"Blur+1","floor":37},{"not_picked":["Acrobatics+1","Die Die Die"],"picked":"Tactician+1","floor":39},{"not_picked":["Flechettes+1","Backflip+1"],"picked":"Catalyst+1","floor":40},{"not_picked":["Terror+1","Sucker Punch","Poisoned Stab"],"picked":"SKIP","floor":41}],"player_experience":577048,"relics_obtained":[{"floor":9.0,"key":"Toxic Egg 2"},{"floor":12.0,"key":"Ginger"},{"floor":23.0,"key":"Vajra"},{"floor":37,"key":"Unceasing Top"},{"floor":39,"key":"Tough Bandages"},{"floor":40,"key":"Art of War"}],"event_choices":[{"cards_removed":["Eviscerate"],"damage_healed":0.0,"max_hp_gain":0.0,"max_hp_loss":0.0,"gold_gain":0.0,"event_name":"WeMeetAgain","player_choice":"Gave Card","floor":5.0,"gold_loss":0.0,"damage_taken":0.0,"relics_obtained":["Happy Flower"]},{"damage_healed":0,"gold_gain":0,"player_choice":"Fight","damage_taken":0,"max_hp_gain":0,"max_hp_loss":0,"event_name":"Mysterious Sphere","floor":37,"gold_loss":0},{"damage_healed":0,"gold_gain":0,"player_choice":"Fight","damage_taken":0,"max_hp_gain":0,"max_hp_loss":0,"event_name":"MindBloom","floor":39,"gold_loss":0}],"is_beta":false,"boss_relics":[{"not_picked":["Busted Crown","Fusion Hammer"],"picked":"Pandora\u0027s Box"},{"not_picked":["Snecko Eye","WristBlade"],"picked":"HoveringKite"}],"items_purged_floors":[38],"is_endless":false,"potions_floor_spawned":[1,3,7,10,16,22,23,25,27,29,36,37,39],"killed_by":"Reptomancer","ascension_level":20}}