{"host":"o6j8h35axmoodbwy","time":1611755943,"event":{"mods":["2.2 Compatiblity","Act Like it!","BaseMod","Colored Map","Colored Powertips","Gensokyo","MarisaÅiñ∂âJÅ@ñÇóùçπÅj","Minty Spire (QoL Compilation)","Prisma Mod","Quick Restart","Shop Mod","StSLib","SuperFastMode","Td1madao Mod"],"gold_per_floor":[115,127,127,138,16,16,46,46,71,71,71,71,89,89,89],"floor_reached":14,"language":"JPN","playtime":369,"items_purged":["Strike_R"],"score":150,"play_id":"76d96c18-203d-4020-972e-ae3e63ccce95","local_time":"20210127225903","is_ascension_mode":true,"campfire_choices":[{"data":"Entrench","floor":6.0,"key":"SMITH"},{"data":"Rampage","floor":8.0,"key":"SMITH"},{"data":"Shrug It Off","floor":10.0,"key":"SMITH"},{"floor":12,"key":"REST"}],"circlet_count":0,"master_deck":["AscendersBane","Strike_R","Strike_R","Strike_R","Strike_R","Defend_R","Defend_R","Defend_R","Defend_R","Bash","Pommel Strike","Entrench+1","Rampage+1","Shrug It Off+1","Battle Trance","Shrug It Off"],"relics":["Burning Blood","Blood Vial","Dream Catcher","Dead Branch","Bronze Scales"],"acts_visited":["Exordium"],"potions_floor_usage":[],"damage_taken":[{"damage":4.0,"enemies":"Small Slimes","floor":1.0,"turns":4.0},{"damage":1.0,"enemies":"Cultist","floor":2.0,"turns":3.0},{"damage":9.0,"enemies":"Jaw Worm","floor":4.0,"turns":3.0},{"damage":36.0,"enemies":"Gremlin Nob","floor":7.0,"turns":5.0},{"damage":3,"enemies":"Looter","floor":13,"turns":3},{"damage":57,"enemies":"Lagavulin","floor":14,"turns":6}],"seed_played":"8802786243969857274","potions_obtained":[{"floor":4.0,"key":"Block Potion"},{"floor":7.0,"key":"Strength Potion"}],"is_trial":false,"path_per_floor":["M","M","?","M","$","R","E","R","T","R","?","R","M","E"],"character_chosen":"IRONCLAD","items_purchased":["Shrug It Off"],"campfire_rested":1,"item_purchase_floors":[5],"current_hp_per_floor":[72,75,57,56,56,56,28,28,28,28,28,50,55,0,0],"gold":89,"neow_bonus":"RANDOM_COMMON_RELIC","is_daily":false,"chose_seed":false,"campfire_upgraded":3,"win_rate":0.0,"timestamp":1611755943,"path_taken":["M","M","?","M","$","R","E","R","T","R","?","R","M","E"],"items_purchased_type":["Card"],"build_version":"2020-12-22","purchased_purges":1,"victory":false,"max_hp_per_floor":[75,75,75,75,75,75,75,75,75,75,75,75,75,75,75],"card_choices":[{"not_picked":["Feel No Pain","Dark Embrace"],"picked":"Pommel Strike","floor":1.0},{"not_picked":["Armaments","Metallicize"],"picked":"Entrench","floor":2.0},{"not_picked":["Inflame","Cleave"],"picked":"Rampage","floor":4.0},{"not_picked":["Reckless Charge","Cleave","Burning Pact"],"picked":"SKIP","floor":7.0},{"not_picked":["Clothesline","Flex"],"picked":"Shrug It Off","floor":12},{"not_picked":["Twin Strike","Clash","Rage"],"picked":"SKIP","floor":13}],"player_experience":597683,"relics_obtained":[{"floor":7.0,"key":"Dead Branch"},{"floor":9.0,"key":"Bronze Scales"}],"event_choices":[{"damage_healed":0.0,"max_hp_gain":0.0,"max_hp_loss":0.0,"gold_gain":0.0,"event_name":"Scrap Ooze","player_choice":"Success","floor":3.0,"gold_loss":0.0,"damage_taken":18.0,"relics_obtained":["Dream Catcher"]},{"damage_healed":0,"gold_gain":0,"player_choice":"1 cards matched","damage_taken":0,"max_hp_gain":0,"max_hp_loss":0,"event_name":"Match and Keep!","floor":11,"gold_loss":0,"cards_obtained":["Battle Trance"]}],"is_beta":false,"boss_relics":[],"items_purged_floors":[5],"is_endless":false,"potions_floor_spawned":[4,7],"killed_by":"Lagavulin","ascension_level":14}}