{"host":"y3h3n3f7seyagppx","time":1611780409,"event":{"mods":["AlwaysNeverKeys","BaseMod","Better Vampires","Colored Powertips","DeckTracker","Emptier Cage","Minty Spire (QoL Compilation)","Permanent Neow","Quick Restart","Rare Cards Sparkle","Relic Sorter","Relic Stats","StSLib","Transform Curses"],"gold_per_floor":[117,133,146,111,127,162,175,209,290,290,317,317,342,417,417,488,488,500,513,8,18,18,43,43,75,102,134,134,151,169,169,169,243,243,255,6,6,20,39,66,80,127,127,153,173,204,214,240,240,240,240,240,240,14,49,49],"floor_reached":57,"language":"ENG","playtime":7922,"items_purged":["Strike_G","Dagger Spray"],"score":3624,"play_id":"29a41fad-f580-4648-a617-e1d414a748af","local_time":"20210127154649","is_ascension_mode":true,"campfire_choices":[{"floor":10.0,"key":"REST"},{"floor":12,"key":"REST"},{"floor":15,"key":"REST"},{"floor":32,"key":"REST"},{"floor":49,"key":"REST"},{"floor":53,"key":"REST"}],"circlet_count":0,"master_deck":["AscendersBane","Defend_G+1","Defend_G+1","Defend_G+1","Defend_G+1","Defend_G+1","Survivor","Caltrops","Terror","Wraith Form v2","Blade Dance+1","Dash","Adrenaline","Accuracy","Backflip+1","Bite","Bite","Bite","Bite","Doppelganger","Decay","Infinite Blades","After Image","Madness","Madness","Dagger Throw+1","Deflect+1","Doubt","Wraith Form v2","PiercingWail","Escape Plan","Well Laid Plans","Secret Technique"],"relics":["Fusion Hammer","Pen Nib","Sundial","War Paint","Thread and Needle","Mercury Hourglass","Dead Branch","Art of War","Cursed Key","Chemical X","Ninja Scroll","The Courier","Blue Candle","Smiling Mask","HornCleat","Black Star","Vajra","Centennial Puzzle","Ginger","TungstenRod","Calipers","Singing Bowl","Pear","Mango","White Beast Statue","Strawberry","Bird Faced Urn","Bronze Scales"],"acts_visited":["Exordium","TheCity","TheBeyond","TheEnding"],"potions_floor_usage":[25],"damage_taken":[{"damage":4.0,"enemies":"Jaw Worm","floor":1.0,"turns":5.0},{"damage":1.0,"enemies":"Small Slimes","floor":2.0,"turns":5.0},{"damage":0.0,"enemies":"2 Louse","floor":3.0,"turns":3.0},{"damage":12.0,"enemies":"Large Slime","floor":5.0,"turns":7.0},{"damage":14.0,"enemies":"Lagavulin","floor":6.0,"turns":8.0},{"damage":1.0,"enemies":"Looter","floor":7.0,"turns":2.0},{"damage":22.0,"enemies":"3 Sentries","floor":8.0,"turns":8.0},{"damage":0,"enemies":"Lagavulin","floor":11,"turns":7},{"damage":19,"enemies":"Gremlin Nob","floor":13,"turns":4},{"damage":24,"enemies":"Slime Boss","floor":16,"turns":6},{"damage":0,"enemies":"Spheric Guardian","floor":18,"turns":1},{"damage":0,"enemies":"Chosen","floor":19,"turns":3},{"damage":0,"enemies":"Sentry and Sphere","floor":21,"turns":3},{"damage":0,"enemies":"Gremlin Leader","floor":23,"turns":3},{"damage":0,"enemies":"Slavers","floor":25,"turns":4},{"damage":1,"enemies":"Book of Stabbing","floor":27,"turns":2},{"damage":1,"enemies":"Snake Plant","floor":29,"turns":3},{"damage":0,"enemies":"3 Cultists","floor":30,"turns":3},{"damage":1,"enemies":"Collector","floor":33,"turns":6},{"damage":0,"enemies":"3 Shapes","floor":35,"turns":3},{"damage":0,"enemies":"Orb Walker","floor":38,"turns":2},{"damage":0,"enemies":"Sphere and 2 Shapes","floor":39,"turns":4},{"damage":0,"enemies":"Nemesis","floor":40,"turns":3},{"damage":0,"enemies":"Writhing Mass","floor":41,"turns":3},{"damage":0,"enemies":"2 Orb Walkers","floor":42,"turns":1},{"damage":0,"enemies":"Reptomancer","floor":44,"turns":4},{"damage":0,"enemies":"Spire Growth","floor":45,"turns":4},{"damage":0,"enemies":"Giant Head","floor":46,"turns":4},{"damage":1,"enemies":"4 Shapes","floor":47,"turns":3},{"damage":0,"enemies":"Reptomancer","floor":48,"turns":5},{"damage":0,"enemies":"Awakened One","floor":50,"turns":10},{"damage":8,"enemies":"Donu and Deca","floor":51,"turns":6},{"damage":6,"enemies":"Shield and Spear","floor":55,"turns":6},{"damage":1,"enemies":"The Heart","floor":56,"turns":7}],"seed_played":"8039694322301703163","potions_obtained":[{"floor":1.0,"key":"Block Potion"},{"floor":5.0,"key":"SkillPotion"},{"floor":13,"key":"SteroidPotion"},{"floor":18,"key":"SkillPotion"},{"floor":19,"key":"Swift Potion"},{"floor":27,"key":"FearPotion"},{"floor":40,"key":"PowerPotion"},{"floor":46,"key":"GhostInAJar"}],"is_trial":false,"path_per_floor":["M","M","M","?","M","E","M","E","T","R","E","R","E","?","R","B",null,"M","M","$","M","?","E","?","E","T","E","?","M","M","?","R","B",null,"M","$","?","M","M","E","M","?","T","E","M","E","M","E","R","B","B",null,"R","$","E","B",null],"character_chosen":"THE_SILENT","items_purchased":["Chemical X","Ninja Scroll","Vajra","Centennial Puzzle","Well Laid Plans","Secret Technique"],"campfire_rested":6,"item_purchase_floors":[20,20,36,36,54,54],"current_hp_per_floor":[55,54,54,66,54,40,39,17,17,36,36,55,36,25,44,20,55,55,55,55,55,50,50,50,50,50,50,50,50,50,50,50,50,50,50,50,41,47,50,50,50,50,50,74,74,83,85,85,85,85,85,85,85,85,87,87],"gold":49,"neow_bonus":"BOSS_RELIC","is_daily":false,"chose_seed":false,"campfire_upgraded":0,"win_rate":0.0,"timestamp":1611780409,"path_taken":["M","M","M","?","M","E","M","E","T","R","E","R","E","?","R","BOSS","M","M","$","M","?","E","?","E","T","E","?","M","?","?","R","BOSS","M","?","?","M","M","E","M","?","T","E","M","E","M","E","R","BOSS","BOSS","R","$","E","BOSS"],"items_purchased_type":["Relic","Relic","Relic","Relic","Card","Card"],"build_version":"2020-12-22","purchased_purges":2,"victory":true,"max_hp_per_floor":[66,66,66,66,66,66,66,66,66,66,66,66,66,66,66,66,66,66,66,66,66,50,50,50,50,50,50,50,50,50,50,50,50,50,50,50,50,50,50,50,50,50,50,74,74,83,85,85,85,85,85,85,85,85,87,87],"relic_stats":{"Singing Bowl":6,"counters":[34,148],"Dead Branch":[436],"Blue Candle":[21],"Pen Nib":[15],"Ginger":[8],"War Paint":["Blade Dance","Defend_G"],"Cursed Key":2,"Smiling Mask":30,"Mercury Hourglass":[446],"Centennial Puzzle":[12],"Sundial":[2],"Bird Faced Urn":[1],"Bronze Scales":[96],"Art of War":[6],"Black Star":5,"Chemical X":[26],"obtain_stats":[{"Calipers":42,"Singing Bowl":43,"Vajra":36,"Mango":44,"Ginger":40,"Cursed Key":17,"Smiling Mask":26,"Centennial Puzzle":36,"HornCleat":27,"Ninja Scroll":20,"Sundial":48,"Strawberry":46,"Fusion Hammer":0,"Chemical X":20,"Ring of the Snake":0,"Pear":44,"Dead Branch":11,"Blue Candle":25,"Thread and Needle":8,"The Courier":23,"Pen Nib":48,"War Paint":6,"White Beast Statue":46,"Mercury Hourglass":9,"Bird Faced Urn":55,"Bronze Scales":55,"Art of War":13,"Black Star":34,"TungstenRod":40},{"Calipers":25,"Singing Bowl":25,"Vajra":20,"Mango":26,"Ginger":23,"Cursed Key":10,"Smiling Mask":15,"Centennial Puzzle":20,"HornCleat":16,"Ninja Scroll":12,"Sundial":30,"Strawberry":28,"Fusion Hammer":0,"Chemical X":12,"Ring of the Snake":0,"Pear":26,"Dead Branch":8,"Blue Candle":15,"Thread and Needle":7,"The Courier":14,"Pen Nib":30,"War Paint":5,"White Beast Statue":28,"Mercury Hourglass":7,"Bird Faced Urn":33,"Bronze Scales":33,"Art of War":9,"Black Star":19,"TungstenRod":23},{"Calipers":99,"Singing Bowl":99,"Vajra":86,"Mango":103,"Ginger":95,"Cursed Key":55,"Smiling Mask":69,"Centennial Puzzle":86,"HornCleat":71,"Ninja Scroll":59,"Sundial":119,"Strawberry":111,"Fusion Hammer":0,"Chemical X":59,"Ring of the Snake":0,"Pear":103,"Dead Branch":45,"Blue Candle":69,"Thread and Needle":38,"The Courier":65,"Pen Nib":119,"War Paint":28,"White Beast Statue":111,"Mercury Hourglass":38,"Bird Faced Urn":141,"Bronze Scales":141,"Art of War":49,"Black Star":83,"TungstenRod":95}],"TungstenRod":40},"card_choices":[{"not_picked":["Accuracy","PiercingWail"],"picked":"Caltrops","floor":1.0},{"not_picked":["Cloak And Dagger","PiercingWail"],"picked":"Dagger Spray","floor":2.0},{"not_picked":["Dodge and Roll","Escape Plan"],"picked":"Terror","floor":3.0},{"not_picked":["Endless Agony","Dagger Spray"],"picked":"Wraith Form v2","floor":5.0},{"not_picked":["Dagger Spray","Phantasmal Killer"],"picked":"Blade Dance","floor":6.0},{"not_picked":["Prepared","Slice"],"picked":"Dash","floor":7.0},{"not_picked":["Cloak And Dagger","Reflex","Noxious Fumes"],"picked":"SKIP","floor":8.0},{"not_picked":["Prepared","Cloak And Dagger","Poisoned Stab"],"picked":"SKIP","floor":11},{"not_picked":["Slice","Choke","Dodge and Roll"],"picked":"SKIP","floor":13},{"not_picked":["Phantasmal Killer","Corpse Explosion"],"picked":"Adrenaline","floor":16},{"not_picked":["Poisoned Stab","Slice"],"picked":"Accuracy","floor":18},{"not_picked":["Bane+1","Reflex+1","Sucker Punch"],"picked":"SKIP","floor":19},{"not_picked":["Prepared","Sucker Punch+1"],"picked":"Backflip+1","floor":21},{"not_picked":["Backflip","Deadly Poison","Underhanded Strike"],"picked":"SKIP","floor":23},{"not_picked":["All Out Attack+1","Backflip"],"picked":"Doppelganger","floor":25},{"not_picked":["Crippling Poison","Deadly Poison","Underhanded Strike"],"picked":"SKIP","floor":27},{"not_picked":["Choke","Flying Knee","Catalyst"],"picked":"SKIP","floor":29},{"not_picked":["Prepared","Underhanded Strike","Riddle With Holes"],"picked":"SKIP","floor":30},{"not_picked":["Night Terror","Tools of the Trade"],"picked":"After Image","floor":33},{"not_picked":["Dodge and Roll","Backflip","Finisher"],"picked":"SKIP","floor":35},{"not_picked":["Underhanded Strike+1","Slice+1","Deadly Poison"],"picked":"SKIP","floor":38},{"not_picked":["Masterful Stab","Accuracy","Dagger Throw+1"],"picked":"SKIP","floor":39},{"not_picked":["Masterful Stab","Accuracy"],"picked":"Dagger Throw+1","floor":39},{"not_picked":["Sucker Punch","Deflect+1","Dagger Spray"],"picked":"SKIP","floor":40},{"not_picked":["Sucker Punch","Deflect+1","Dagger Spray"],"picked":"SKIP","floor":40},{"not_picked":["Distraction","Deadly Poison","Deflect"],"picked":"SKIP","floor":41},{"not_picked":["Poisoned Stab","Flying Knee"],"picked":"Deflect+1","floor":42},{"not_picked":["Catalyst+1","Riddle With Holes+1"],"picked":"Wraith Form v2","floor":44},{"not_picked":["Predator+1","Expertise"],"picked":"PiercingWail","floor":45},{"not_picked":["Expertise","Dagger Throw","Acrobatics"],"picked":"Singing Bowl","floor":46},{"not_picked":["Accuracy","Deadly Poison+1","Dagger Throw"],"picked":"Singing Bowl","floor":47},{"not_picked":["Deflect","Eviscerate"],"picked":"Escape Plan","floor":48},{"not_picked":["Bane","Heel Hook+1","Endless Agony"],"picked":"Singing Bowl","floor":55}],"player_experience":21667446,"relics_obtained":[{"floor":6.0,"key":"War Paint"},{"floor":8.0,"key":"Thread and Needle"},{"floor":9.0,"key":"Mercury Hourglass"},{"floor":11,"key":"Dead Branch"},{"floor":13,"key":"Art of War"},{"floor":23,"key":"The Courier"},{"floor":25,"key":"Blue Candle"},{"floor":26,"key":"Smiling Mask"},{"floor":27,"key":"HornCleat"},{"floor":40,"key":"Ginger"},{"floor":40,"key":"TungstenRod"},{"floor":42,"key":"Calipers"},{"floor":43,"key":"Singing Bowl"},{"floor":44,"key":"Pear"},{"floor":44,"key":"Mango"},{"floor":46,"key":"White Beast Statue"},{"floor":46,"key":"Strawberry"},{"floor":48,"key":"Pen Nib"},{"floor":48,"key":"Sundial"},{"floor":55,"key":"Bird Faced Urn"},{"floor":55,"key":"Bronze Scales"}],"event_choices":[{"damage_healed":16.0,"max_hp_gain":0.0,"max_hp_loss":0.0,"gold_gain":0.0,"event_name":"The Cleric","player_choice":"Healed","floor":4.0,"gold_loss":35.0,"damage_taken":0.0},{"damage_healed":0,"gold_gain":75,"player_choice":"Gather Gold","damage_taken":11,"max_hp_gain":0,"max_hp_loss":0,"event_name":"World of Goop","floor":14,"gold_loss":0},{"damage_healed":0,"gold_gain":0,"player_choice":"Became a vampire","damage_taken":0,"max_hp_gain":0,"max_hp_loss":16,"event_name":"Vampires","floor":22,"gold_loss":0,"cards_obtained":["Bite","Bite","Bite","Bite"]},{"damage_healed":0,"gold_gain":0,"player_choice":"Simplicity","damage_taken":0,"max_hp_gain":0,"max_hp_loss":0,"event_name":"Back to Basics","floor":24,"gold_loss":0,"cards_upgraded":["Defend_G","Defend_G","Defend_G","Defend_G"]},{"damage_healed":0,"gold_gain":0,"player_choice":"Read","damage_taken":0,"max_hp_gain":0,"max_hp_loss":0,"event_name":"The Library","floor":28,"gold_loss":0,"cards_obtained":["Infinite Blades"]},{"cards_removed":["Neutralize"],"damage_healed":0,"gold_gain":0,"player_choice":"Purged","damage_taken":0,"max_hp_gain":0,"max_hp_loss":0,"event_name":"Purifier","floor":31,"gold_loss":0},{"damage_healed":0,"gold_gain":0,"player_choice":"Embrace Madness","damage_taken":9,"max_hp_gain":0,"max_hp_loss":0,"event_name":"Winding Halls","floor":37,"gold_loss":0,"cards_obtained":["Madness","Madness"]},{"damage_healed":0,"gold_gain":0,"player_choice":"Fight","damage_taken":0,"max_hp_gain":0,"max_hp_loss":0,"event_name":"Mysterious Sphere","floor":42,"gold_loss":0}],"is_beta":false,"boss_relics":[{"not_picked":["Runic Dome","SacredBark"],"picked":"Cursed Key"},{"not_picked":["Velvet Choker","Pandora\u0027s Box"],"picked":"Black Star"}],"items_purged_floors":[20,54],"is_endless":false,"potions_floor_spawned":[1,5,13,18,19,27,29,30,40,44,45,46,47,48,55],"ascension_level":20}}