{"host":"h2977v3ax51ohsow","time":1611768398,"event":{"mods":["Act Like it!","BaseMod","Colored Powertips","Koishi","Marisa（F雨　魔理沙）","Minty Spire (QoL Compilation)","Remilia（蕾米莉亚）","StSLib","The Bug Knight","WarShipGirlsR/战舰少女R mod","Yakumo Yukari mod"],"gold_per_floor":[113,127,127,138,158,158,184,202,202,202,232,52,52,2,2,105,105,119,109,109],"floor_reached":19,"language":"ZHS","playtime":918,"items_purged":["Koishi:BasicStrike"],"score":179,"play_id":"d7bd92e2-05e9-468c-a3bd-dac50044ca97","local_time":"20210128012638","is_ascension_mode":false,"campfire_choices":[{"data":"Koishi:ReleaseOfTheId","floor":6,"key":"SMITH"},{"floor":10,"key":"REST"},{"data":"Koishi:PredatoryInstincts","floor":15,"key":"SMITH"}],"circlet_count":0,"master_deck":["Koishi:BasicStrike","Koishi:BasicStrike","Koishi:BasicDefend","Koishi:BasicDefend","Koishi:BasicDefend","Koishi:Provoke","Koishi:HauntingSlash","Koishi:ReleaseOfTheId+1","Koishi:UnconsciousUrges","Koishi:FreudianInstinct","Koishi:HeartAttack","Koishi:SubconsciousSweep","Koishi:Untouchable","Koishi:DreadfulBlow","Koishi:DreadfulBlow","Koishi:YoukaiPolygraph","Koishi:PredatoryInstincts+1","Koishi:RollingInRichesHeart","Koishi:SilentAndRestless","CurseOfTheBell","Koishi:StingingMind"],"relics":["Koishi:ImaginaryFriend","Bottled Lightning","Question Card","Bag of Preparation","Calling Bell","ScarletDevilRocket","Koishi:LettersToReimu","Torii"],"acts_visited":["Exordium","TheCity"],"potions_floor_usage":[7,19],"damage_taken":[{"damage":0,"enemies":"Cultist","floor":1,"turns":3},{"damage":0,"enemies":"2 Louse","floor":2,"turns":3},{"damage":0,"enemies":"Small Slimes","floor":3,"turns":3},{"damage":8,"enemies":"2 Fungi Beasts","floor":4,"turns":3},{"damage":8,"enemies":"Red Slaver","floor":5,"turns":3},{"damage":10,"enemies":"Gremlin Nob","floor":7,"turns":3},{"damage":5,"enemies":"Looter","floor":8,"turns":3},{"damage":4,"enemies":"Lagavulin","floor":11,"turns":5},{"damage":4,"enemies":"Hexaghost","floor":16,"turns":8},{"damage":10,"enemies":"Spheric Guardian","floor":18,"turns":6},{"damage":74,"enemies":"Collector","floor":19,"turns":11}],"seed_played":"-3739939173944815656","potions_obtained":[{"floor":5,"key":"DistilledChaos"},{"floor":8,"key":"Strength Potion"},{"floor":11,"key":"ColorlessPotion"},{"floor":16,"key":"DistilledChaos"},{"floor":18,"key":"DuplicationPotion"}],"is_trial":false,"path_per_floor":["M","M","M","M","M","R","E","M","T","R","E","$","?","?","R","B",null,"M","B"],"character_chosen":"KOISHI","items_purchased":["Koishi:YoukaiPolygraph","Koishi:PredatoryInstincts"],"campfire_rested":1,"item_purchase_floors":[12,12],"current_hp_per_floor":[66,66,66,59,51,51,42,37,37,56,54,54,54,54,54,56,66,57,0,0],"gold":109,"neow_bonus":"TEN_PERCENT_HP_BONUS","is_daily":false,"chose_seed":false,"campfire_upgraded":2,"win_rate":0.0,"timestamp":1611768398,"path_taken":["M","M","M","M","?","R","E","?","T","R","E","$","?","?","R","BOSS","M","BOSS"],"items_purchased_type":["Card","Card"],"build_version":"2020-12-22","purchased_purges":1,"victory":false,"max_hp_per_floor":[66,66,66,66,66,66,66,66,66,66,66,66,66,66,66,66,66,66,66,66],"card_choices":[{"not_picked":["Koishi:ParalyzingFear","Koishi:JumpScare"],"picked":"Koishi:ReleaseOfTheId","floor":1},{"not_picked":["Koishi:VengefulSpirit","Koishi:CatchAndRose"],"picked":"Koishi:UnconsciousUrges","floor":2},{"not_picked":["Koishi:PhantomBarrier","Koishi:ParalyzingFear"],"picked":"Koishi:FreudianInstinct","floor":3},{"not_picked":["Koishi:JumpScare","Koishi:SpiritedAway"],"picked":"Koishi:HeartAttack","floor":4},{"not_picked":["Koishi:Jaunt","Koishi:PhantomStrike"],"picked":"Koishi:SubconsciousSweep","floor":5},{"not_picked":["Koishi:UnconsciousUrges","Koishi:Prune"],"picked":"Koishi:Untouchable","floor":7},{"not_picked":["Koishi:CatchAndRose","Koishi:RuptureMind"],"picked":"Koishi:DreadfulBlow","floor":8},{"not_picked":["Koishi:ParalyzingFear","Koishi:UnansweredLove","Koishi:FleetingPhantom"],"picked":"Koishi:DreadfulBlow","floor":11},{"not_picked":["Koishi:ConditionedTeleport","Koishi:ImGoingToCallYouNow","Koishi:RuptureMind"],"picked":"Koishi:SilentAndRestless","floor":16},{"not_picked":["Koishi:PhantomBarrier","Koishi:ReflexRadar+1","Koishi:ParalyzingFear+1"],"picked":"Koishi:StingingMind","floor":18}],"player_experience":93591,"relics_obtained":[{"floor":7,"key":"Bottled Lightning"},{"floor":9,"key":"Question Card"},{"floor":11,"key":"Bag of Preparation"},{"floor":17,"key":"ScarletDevilRocket"},{"floor":17,"key":"Koishi:LettersToReimu"},{"floor":17,"key":"Torii"}],"event_choices":[{"damage_healed":0,"gold_gain":0,"cards_transformed":["Koishi:BasicStrike"],"player_choice":"Change","damage_taken":0,"max_hp_gain":0,"max_hp_loss":0,"event_name":"Living Wall","floor":13,"gold_loss":0,"cards_obtained":["Koishi:RollingInRichesHeart"]},{"cards_removed":["Koishi:BasicDefend"],"damage_healed":0,"gold_gain":0,"player_choice":"Card Removal","damage_taken":0,"max_hp_gain":0,"max_hp_loss":0,"event_name":"The Cleric","floor":14,"gold_loss":50}],"is_beta":false,"boss_relics":[{"not_picked":["Velvet Choker","Runic Pyramid"],"picked":"Calling Bell"}],"items_purged_floors":[12],"is_endless":false,"potions_floor_spawned":[5,8,11,16,18],"killed_by":"Collector","ascension_level":0}}