{"host":"r53pw7z744tg3fxg","time":1611783808,"event":{"mods":["AchievementEnabler","BaseMod","Colored Map","Colored Powertips","Highlight Path","Minty Spire (QoL Compilation)","Quick Restart","Transform Curses"],"gold_per_floor":[119,119,129,142,157,157,199,199,225,251,15,24,47,91,91,173,182,205,224,149,176,185,185,209,209,209,209,31,31,31,31,31],"floor_reached":31,"language":"ENG","playtime":759,"items_purged":["Writhe"],"score":592,"play_id":"b31c79d7-f4ea-4f3c-aa92-46a4604271a6","local_time":"20210127144328","is_ascension_mode":true,"campfire_choices":[{"floor":6.0,"key":"REST"},{"data":"Eruption","floor":8.0,"key":"SMITH"},{"data":"Sweeping Beam","floor":15.0,"key":"SMITH"},{"floor":23.0,"key":"REST"},{"data":"Sunder","floor":25.0,"key":"SMITH"},{"data":"Judgement","floor":29.0,"key":"SMITH"}],"circlet_count":0,"master_deck":["AscendersBane","Strike_P+1","Strike_P","Strike_P","Strike_P","Defend_P","Defend_P","Defend_P","Defend_P+1","Eruption+1","Vigilance","BowlingBash+1","WheelKick","FollowUp+1","CarveReality","ReachHeaven","Prostrate","PathToVictory","ThirdEye","FlurryOfBlows","Sweeping Beam+1","Judgement+1","CurseOfTheBell","Sunder+1","Evaluate","DeceiveReality","Storm","LikeWater","Panacea"],"relics":["PureWater","CeramicFish","Potion Belt","PrismaticShard","Akabeko","Whetstone","Calling Bell","Pen Nib","The Courier","Peace Pipe","Eternal Feather","Smiling Mask","MutagenicStrength","Nilry\u0027s Codex"],"acts_visited":["Exordium","TheCity"],"potions_floor_usage":[],"damage_taken":[{"damage":0.0,"enemies":"Small Slimes","floor":1.0,"turns":2.0},{"damage":0.0,"enemies":"2 Louse","floor":3.0,"turns":2.0},{"damage":4.0,"enemies":"Jaw Worm","floor":4.0,"turns":3.0},{"damage":0.0,"enemies":"Large Slime","floor":5.0,"turns":3.0},{"damage":0.0,"enemies":"Gremlin Nob","floor":7.0,"turns":2.0},{"damage":1.0,"enemies":"2 Fungi Beasts","floor":10.0,"turns":3.0},{"damage":0.0,"enemies":"Blue Slaver","floor":13.0,"turns":1.0},{"damage":12.0,"enemies":"3 Sentries","floor":14.0,"turns":7.0},{"damage":3.0,"enemies":"Slime Boss","floor":16.0,"turns":4.0},{"damage":6.0,"enemies":"Spheric Guardian","floor":18.0,"turns":3.0},{"damage":11.0,"enemies":"2 Thieves","floor":19.0,"turns":3.0},{"damage":40.0,"enemies":"Shelled Parasite and Fungi","floor":21.0,"turns":4.0},{"damage":7.0,"enemies":"Sentry and Sphere","floor":24.0,"turns":3.0},{"damage":52,"enemies":"Book of Stabbing","floor":31,"turns":4}],"seed_played":"639862110123559623","potions_obtained":[{"floor":4.0,"key":"Strength Potion"},{"floor":5.0,"key":"Fire Potion"},{"floor":16.0,"key":"BlessingOfTheForge"}],"is_trial":false,"path_per_floor":["M","?","M","M","M","R","E","R","T","M","$","?","M","E","R","B",null,"M","M","?","M","?","R","M","R","T","?","$","R","?","E"],"character_chosen":"WATCHER","items_purchased":["PrismaticShard","PathToVictory","ThirdEye","LikeWater","Panacea"],"campfire_rested":2,"item_purchase_floors":[11,11,11,28,28],"current_hp_per_floor":[67,45,45,41,41,63,63,63,63,62,62,62,62,50,50,47,67,61,50,50,10,10,47,40,55,55,55,55,70,49,0,0],"gold":31,"neow_bonus":"TEN_PERCENT_HP_BONUS","is_daily":false,"chose_seed":false,"campfire_upgraded":4,"win_rate":0.0,"timestamp":1611783808,"path_taken":["M","?","M","M","M","R","E","R","T","M","$","?","M","E","R","BOSS","M","M","?","M","?","R","M","R","T","?","$","R","?","E"],"items_purchased_type":["Relic","Card","Card","Card","Card"],"build_version":"2020-12-22","purchased_purges":1,"victory":false,"max_hp_per_floor":[74,74,74,74,74,74,74,74,74,74,74,74,74,74,74,74,74,74,74,74,74,74,74,74,74,74,74,74,74,74,74,74],"card_choices":[{"not_picked":["Prostrate","WreathOfFlame"],"picked":"BowlingBash","floor":1.0},{"not_picked":["Protect","FlyingSleeves"],"picked":"WheelKick","floor":3.0},{"not_picked":["FlurryOfBlows","Crescendo"],"picked":"FollowUp","floor":4.0},{"not_picked":["Collect","WaveOfTheHand"],"picked":"CarveReality","floor":5.0},{"not_picked":["EmptyMind","Sanctity"],"picked":"ReachHeaven","floor":7.0},{"not_picked":["ConjureBlade","JustLucky"],"picked":"Prostrate","floor":10.0},{"not_picked":["FlyingSleeves","Gash"],"picked":"FlurryOfBlows","floor":13.0},{"not_picked":["Swivel","Bloodletting"],"picked":"Sweeping Beam","floor":14.0},{"not_picked":["Fiend Fire","Amplify"],"picked":"Judgement","floor":16.0},{"not_picked":["Wild Strike","Calculated Gamble"],"picked":"Sunder","floor":18.0},{"not_picked":["All Out Attack","Carnage"],"picked":"Evaluate","floor":19.0},{"not_picked":["Slice","Headbutt"],"picked":"DeceiveReality","floor":21.0},{"not_picked":["Purity","Night Terror"],"picked":"Storm","floor":24.0}],"player_experience":1374869,"relics_obtained":[{"floor":7.0,"key":"CeramicFish"},{"floor":9.0,"key":"Potion Belt"},{"floor":14.0,"key":"Whetstone"},{"floor":17.0,"key":"Pen Nib"},{"floor":17.0,"key":"The Courier"},{"floor":17.0,"key":"Peace Pipe"},{"floor":26.0,"key":"Smiling Mask"},{"floor":30.0,"key":"Nilry\u0027s Codex"}],"event_choices":[{"damage_healed":0.0,"max_hp_gain":0.0,"max_hp_loss":0.0,"gold_gain":0.0,"event_name":"Shining Light","player_choice":"Entered Light","floor":2.0,"gold_loss":0.0,"damage_taken":22.0,"cards_upgraded":["Strike_P","Defend_P"]},{"damage_healed":0.0,"max_hp_gain":0.0,"max_hp_loss":0.0,"gold_gain":0.0,"event_name":"Big Fish","player_choice":"Box","floor":12.0,"gold_loss":0.0,"damage_taken":0.0,"relics_obtained":["Akabeko"],"cards_obtained":["Regret"]},{"cards_removed":["Regret"],"damage_healed":0.0,"max_hp_gain":0.0,"max_hp_loss":0.0,"gold_gain":0.0,"event_name":"Beggar","player_choice":"Gave Gold","floor":20.0,"gold_loss":75.0,"damage_taken":0.0},{"damage_healed":0.0,"max_hp_gain":0.0,"max_hp_loss":0.0,"gold_gain":0.0,"event_name":"The Mausoleum","player_choice":"Opened","floor":22.0,"gold_loss":0.0,"damage_taken":0.0,"relics_obtained":["Eternal Feather"],"cards_obtained":["Writhe"]},{"damage_healed":0.0,"max_hp_gain":0.0,"max_hp_loss":0.0,"gold_gain":0.0,"event_name":"Drug Dealer","player_choice":"Inject Mutagens","floor":27.0,"gold_loss":0.0,"damage_taken":0.0,"relics_obtained":["MutagenicStrength"]},{"damage_healed":0.0,"max_hp_gain":0.0,"max_hp_loss":0.0,"gold_gain":0.0,"event_name":"Cursed Tome","player_choice":"Obtained Book","floor":30.0,"gold_loss":0.0,"damage_taken":21.0}],"is_beta":false,"boss_relics":[{"not_picked":["Runic Pyramid","Coffee Dripper"],"picked":"Calling Bell"}],"items_purged_floors":[28],"is_endless":false,"potions_floor_spawned":[4,5,16],"killed_by":"Book of Stabbing","ascension_level":17}}