{"host":"qrt7o4dq2qslzw13","time":1611724207,"event":{"mods":["BaseMod","Colored Map","Colored Powertips","Minty Spire (QoL Compilation)","Quick Restart","Replay The Spire","Shop Mod","StSLib","SuperFastMode"],"gold_per_floor":[111,111,111,121,136,136,164,27,52,52,62,237,237,255,255,255,255],"floor_reached":16,"language":"ENG","playtime":295,"items_purged":[],"score":125,"play_id":"f44cb42d-f328-400b-8320-9d856abb022f","local_time":"20210127001007","is_ascension_mode":true,"campfire_choices":[{"data":"WheelKick","floor":6,"key":"SMITH"},{"floor":13,"key":"REST"},{"floor":15,"key":"REST"}],"circlet_count":0,"master_deck":["Strike_P","Strike_P","Strike_P","Strike_P","Defend_P","Defend_P+1","Defend_P","Defend_P","Eruption+1","Vigilance","Defend_G","Strike_R","Violence+1","Replay:BluntJabs+1","Vengeance","WheelKick+1","Replay:DivineShield","SpiritShield","Wallop","Doubt","Worship"],"relics":["PureWater","Akabeko","Nunchaku"],"acts_visited":["Exordium"],"potions_floor_usage":[11],"damage_taken":[{"damage":6,"enemies":"2 Louse","floor":1,"turns":2},{"damage":0,"enemies":"Small Slimes","floor":4,"turns":1},{"damage":0,"enemies":"Cultist","floor":5,"turns":2},{"damage":35,"enemies":"3 Sentries","floor":7,"turns":6},{"damage":0,"enemies":"2 Fungi Beasts","floor":11,"turns":1},{"damage":0,"enemies":"Blue Slaver","floor":14,"turns":3},{"damage":60,"enemies":"Hexaghost","floor":16,"turns":9}],"seed_played":"-1950075735866211581","potions_obtained":[{"floor":4,"key":"Toxic Potion"},{"floor":5,"key":"Adrenaline Potion"},{"floor":14,"key":"Block Potion"}],"is_trial":false,"path_per_floor":["M","?","?","M","M","R","E","$","T","?","M","?","R","M","R","B"],"character_chosen":"WATCHER","items_purchased":["SpiritShield"],"campfire_rested":2,"item_purchase_floors":[8],"current_hp_per_floor":[66,66,66,66,66,66,31,31,31,17,17,17,38,38,59,0,0],"gold":255,"neow_bonus":"RANDOM_COLORLESS_2","is_daily":false,"chose_seed":false,"campfire_upgraded":1,"win_rate":0.0,"timestamp":1611724207,"path_taken":["M","?","?","M","?","R","E","$","T","?","M","?","R","M","R","BOSS"],"items_purchased_type":["Card"],"build_version":"2020-12-22","purchased_purges":0,"victory":false,"max_hp_per_floor":[72,72,72,72,72,72,72,72,72,72,72,72,72,72,72,72,72],"card_choices":[{"not_picked":["Transmutation","Secret Weapon"],"picked":"Violence","floor":0},{"not_picked":["Sanctity","Fasting2"],"picked":"Replay:BluntJabs","floor":1},{"not_picked":["Protect","CrushJoints"],"picked":"Vengeance","floor":4},{"not_picked":["FlyingSleeves","Fasting2"],"picked":"WheelKick","floor":5},{"not_picked":["InnerPeace","Crescendo"],"picked":"Replay:DivineShield","floor":7},{"not_picked":["FollowUp","Replay:AtTheReady"],"picked":"Wallop","floor":11},{"not_picked":["Halt","JustLucky"],"picked":"Worship","floor":14}],"player_experience":593691,"relics_obtained":[{"floor":7,"key":"Akabeko"},{"floor":9,"key":"Nunchaku"}],"event_choices":[{"damage_healed":0,"gold_gain":0,"player_choice":"Grow","damage_taken":0,"max_hp_gain":0,"max_hp_loss":0,"event_name":"Living Wall","floor":2,"gold_loss":0,"cards_upgraded":["Replay:BluntJabs"]},{"damage_healed":0,"gold_gain":0,"player_choice":"Upgraded","damage_taken":0,"max_hp_gain":0,"max_hp_loss":0,"event_name":"Upgrade Shrine","floor":3,"gold_loss":0,"cards_upgraded":["Eruption"]},{"damage_healed":0,"gold_gain":0,"player_choice":"Entered Light","damage_taken":14,"max_hp_gain":0,"max_hp_loss":0,"event_name":"Shining Light","floor":10,"gold_loss":0,"cards_upgraded":["Defend_P","Violence"]},{"damage_healed":0,"gold_gain":175,"player_choice":"AGREE","damage_taken":0,"max_hp_gain":0,"max_hp_loss":0,"event_name":"Liars Game","floor":12,"gold_loss":0,"cards_obtained":["Doubt"]}],"is_beta":false,"boss_relics":[],"items_purged_floors":[],"is_endless":false,"potions_floor_spawned":[4,5,14],"killed_by":"Hexaghost","ascension_level":5}}