{"host":"l1bfbgeb3oxa8ieg","time":1611763617,"event":{"mods":["AlwaysNeverKeys","Aspiration","BaseMod","Beaked The Cultist","Better Match","Better Note","Better Third Choice","BetterRewards","Colored Powertips","Conspire","Energized Spire","Fiend Mod","Friendly Minions","Halation","Infinite Spire","Minty Spire (QoL Compilation)","Permanent Neow","Quick Restart","Replay The Spire","Shop Mod","Spicy Shops","Spikes Relics","StSLib","TestMod","The Blackbeard","The Mystic","The Necromancer","Uncapped","UnlockEverythingMod"],"gold_per_floor":[113,113,113,304,321,352,352,365,365,365,392,411,411,430,430,532,532,555,572,334,351,366,366,366,366,366,366,389,418,343,375,125,243,243,263,263,306,323,323,361,385,428,455,472,532,295,421,421,421,437],"floor_reached":51,"language":"ENG","playtime":8728,"items_purged":[],"score":825,"play_id":"1cc71bcd-7329-4261-b826-befbc6fb6ac5","local_time":"20210127170657","is_ascension_mode":false,"campfire_choices":[{"data":"Thunderclap","floor":7,"key":"SMITH"},{"data":"Flex","floor":10,"key":"SMITH"},{"data":"Neutralize","floor":13,"key":"SMITH"},{"floor":15,"key":"REST"},{"data":"Body Slam","floor":23,"key":"SMITH"},{"data":"Dual Wield","floor":25,"key":"SMITH"},{"data":"Pommel Strike","floor":27,"key":"SMITH"},{"floor":49,"key":"REST"}],"circlet_count":0,"master_deck":["Strike_R","Strike_R","Strike_R+1","Strike_R","Strike_R","Defend_R","Defend_R","Defend_R","Defend_R","Thunderclap+1","Survivor","Neutralize+1","Clash+1","Ghostly Armor","Bloodletting","Flex+1","Shrug It Off","conspire:HitWhereItHurts","Body Slam+1","Pommel Strike+1","Dual Wield+1","Anger","conspire:ExplosiveBarrier","Searing Blow+1","GremboGang","Double Tap","Flex","Armaments+1","Life Link+1","Rupture+1","Metallicize","Infernal Blade","infinitespire:Execution","Impervious"],"relics":["Burning Blood","testmod-TestBox","Replay:Ringing Soul","infinitespire:Beetle Shell","aspiration:TomeofQuesting","testmod-DeterminationOfClimber","Mercury Hourglass","Whetstone","Bag of Marbles","FossilizedHelix","testmod-TurbochargingSystem","Dream Catcher","testmod-Antiphasic","Turnip","BranchBurnRelic"],"acts_visited":["Exordium","TheCity","TheBeyond"],"potions_floor_usage":[18,37,40,44,45,47,47],"damage_taken":[{"damage":1,"enemies":"Cultist","floor":1,"turns":3},{"damage":0,"enemies":"2 Louse","floor":5,"turns":2},{"damage":30,"enemies":"3 Sentries","floor":6,"turns":11},{"damage":3,"enemies":"Small Slimes","floor":8,"turns":1},{"damage":7,"enemies":"Blue Slaver","floor":12,"turns":3},{"damage":15,"enemies":"Exordium Wildlife","floor":14,"turns":6},{"damage":54,"enemies":"The Guardian","floor":16,"turns":15},{"damage":14,"enemies":"Spheric Guardian","floor":18,"turns":4},{"damage":18,"enemies":"2 Thieves","floor":19,"turns":4},{"damage":13,"enemies":"Shelled Parasite and Fungi","floor":21,"turns":4},{"damage":13,"enemies":"Centurion and Healer","floor":22,"turns":3},{"damage":11,"enemies":"Snake Plant","floor":28,"turns":3},{"damage":1,"enemies":"Shelled Parasite and Fungi","floor":29,"turns":4},{"damage":3,"enemies":"Gremlin Leader","floor":31,"turns":2},{"damage":6,"enemies":"Automaton","floor":33,"turns":7},{"damage":3,"enemies":"3 Shapes","floor":35,"turns":2},{"damage":16,"enemies":"conspire:MimicChest","floor":37,"turns":5},{"damage":0,"enemies":"Orb Walker","floor":38,"turns":3},{"damage":9,"enemies":"Nemesis","floor":40,"turns":5},{"damage":0,"enemies":"Spire Growth","floor":41,"turns":4},{"damage":12,"enemies":"Giant Head","floor":42,"turns":6},{"damage":15,"enemies":"4 Shapes","floor":44,"turns":4},{"damage":0,"enemies":"Mind Bloom Boss Battle","floor":45,"turns":5},{"damage":3,"enemies":"infinitespire:Three Voidlings","floor":47,"turns":4},{"damage":162,"enemies":"Nightmare_Alpha","floor":47,"turns":11},{"damage":82,"enemies":"conspire:OrnateMirror","floor":50,"turns":7}],"seed_played":"-1316560200360862131","potions_obtained":[{"floor":5,"key":"SkillPotion"},{"floor":8,"key":"AttackPotion"},{"floor":12,"key":"Block Potion"},{"floor":22,"key":"SkillPotion"},{"floor":37,"key":"PowerPotion"},{"floor":40,"key":"SteroidPotion"},{"floor":44,"key":"testmod-SpacePotion"},{"floor":45,"key":"BloodPotion"}],"is_trial":true,"path_per_floor":["M","?","$","?","M","E","R","M","T","R","T","M","R","M","R","B",null,"M","M","$","M","M","R","?","R","T","R","M","M","?","E","R","B",null,"M","?","?","M","?","E","M","E","T","M","?","$","?","?","R","B",null],"character_chosen":"IRONCLAD","items_purchased":["Mercury Hourglass","Infernal Blade"],"campfire_rested":2,"item_purchase_floors":[20,46],"current_hp_per_floor":[80,80,80,60,66,45,45,51,51,51,51,50,50,44,70,25,92,85,81,81,84,86,86,101,101,101,101,104,107,107,110,113,116,116,119,119,120,122,122,122,125,128,128,128,131,134,25,25,66,21],"gold":437,"neow_bonus":"","is_daily":false,"chose_seed":false,"campfire_upgraded":6,"win_rate":0.0,"timestamp":1611763617,"path_taken":["M","?","$","?","M","E","R","M","T","R","?","?","R","M","R","BOSS","M","M","$","M","M","R","?","R","T","R","M","M","?","E","R","BOSS","M","?","?","M","?","E","M","E","T","?","?","$","?","?","R","BOSS"],"items_purchased_type":["Relic","Card"],"build_version":"2020-12-22","purchased_purges":0,"victory":true,"max_hp_per_floor":[80,80,80,80,80,83,83,86,86,86,86,86,86,89,89,92,92,92,95,95,98,101,101,101,101,101,101,104,107,107,110,113,116,116,119,119,122,122,122,122,125,128,128,131,131,134,137,137,137,137],"card_choices":[{"not_picked":["Replay:Undeath\u0027s Touch","Wild Strike"],"picked":"Thunderclap","floor":1},{"not_picked":["Burning Pact","Hemokinesis"],"picked":"Clash","floor":4},{"not_picked":["True Grit","Defy Death"],"picked":"Ghostly Armor","floor":5},{"not_picked":["Reaper","Pommel Strike"],"picked":"Bloodletting","floor":6},{"not_picked":["Power Through","Replay:Undeath\u0027s Touch"],"picked":"Flex","floor":8},{"not_picked":["Havoc","Sword Boomerang","Dropkick"],"picked":"SKIP","floor":12},{"not_picked":["Heavy Blade","Disarm"],"picked":"Shrug It Off","floor":14},{"not_picked":["Fiend Fire","Offering"],"picked":"conspire:HitWhereItHurts","floor":16},{"not_picked":["Wild Strike","Clash","Defy Death"],"picked":"SKIP","floor":18},{"not_picked":["Fire Breathing","Pummel"],"picked":"Body Slam","floor":19},{"not_picked":["Dropkick","Shockwave+1"],"picked":"Pommel Strike","floor":21},{"not_picked":["Abandon","Run Through+1"],"picked":"Dual Wield","floor":22},{"not_picked":["Thunderclap","Headbutt"],"picked":"Anger","floor":28},{"not_picked":["Sword Boomerang+1","ReplayReversal"],"picked":"conspire:ExplosiveBarrier","floor":29},{"not_picked":["Feel No Pain","Twin Strike+1"],"picked":"Searing Blow","floor":31},{"not_picked":["Fiend Fire","Immolate"],"picked":"Double Tap","floor":33},{"not_picked":["Anger","Clash"],"picked":"Flex","floor":35},{"not_picked":["True Grit+1","Clothesline"],"picked":"Armaments+1","floor":37},{"not_picked":["ReplayTheSpireMod:LeadingStrike+1","ReplayTheSpireMod:Corrosion Curse","True Grit"],"picked":"SKIP","floor":38},{"not_picked":["Fire Breathing","Sword Boomerang","ReplayTheSpireMod:LeadingStrike"],"picked":"SKIP","floor":40},{"not_picked":["Thunderclap","conspire:Purge"],"picked":"Life Link+1","floor":41},{"not_picked":["conspire:Charge","Body Slam+1"],"picked":"Rupture+1","floor":42},{"not_picked":["Warcry+1","ReplayTheSpireMod:LeadingStrike"],"picked":"Metallicize","floor":44},{"not_picked":["infinitespire:Collect","infinitespire:Gouge"],"picked":"infinitespire:Execution","floor":47},{"not_picked":["Invigoration+1","Second Wind+1"],"picked":"Impervious","floor":47}],"player_experience":170765,"relics_obtained":[{"floor":6,"key":"Replay:Ringing Soul"},{"floor":9,"key":"infinitespire:Beetle Shell"},{"floor":11,"key":"aspiration:TomeofQuesting"},{"floor":26,"key":"Whetstone"},{"floor":31,"key":"Bag of Marbles"},{"floor":37,"key":"FossilizedHelix"},{"floor":40,"key":"testmod-TurbochargingSystem"},{"floor":42,"key":"Dream Catcher"},{"floor":43,"key":"testmod-Antiphasic"},{"floor":45,"key":"Turnip"},{"floor":47,"key":"Dead Branch"}],"event_choices":[{"damage_healed":15,"gold_gain":0,"player_choice":"Full Heal","damage_taken":0,"max_hp_gain":0,"max_hp_loss":0,"event_name":"Wheel of Change","floor":24,"gold_loss":0},{"damage_healed":0,"gold_gain":0,"player_choice":"3","damage_taken":0,"max_hp_gain":0,"max_hp_loss":0,"event_name":"betterMatch:BetterMatch","floor":30,"gold_loss":0,"cards_obtained":[]},{"damage_healed":0,"gold_gain":0,"player_choice":"Upgraded","damage_taken":0,"max_hp_gain":0,"max_hp_loss":0,"event_name":"Upgrade Shrine","floor":39,"gold_loss":0,"cards_upgraded":["Searing Blow"]},{"damage_healed":0,"gold_gain":0,"player_choice":"Fight","damage_taken":0,"max_hp_gain":0,"max_hp_loss":0,"event_name":"MindBloom","floor":45,"gold_loss":0},{"damage_healed":0,"gold_gain":0,"player_choice":"Ignored","damage_taken":0,"max_hp_gain":0,"max_hp_loss":0,"event_name":"Mysterious Sphere","floor":48,"gold_loss":0}],"is_beta":false,"boss_relics":[{"not_picked":["halation:Risk","testmod-IncinerationGenerator"],"picked":"testmod-DeterminationOfClimber"},{"not_picked":["energizedSpire:StickyHand","conspire:SeveredTorchhead","energizedSpire:NeverEndingSparkler"]}],"items_purged_floors":[],"is_endless":false,"potions_floor_spawned":[5,8,12,16,22,28,31,37,40,41,44,45],"ascension_level":0}}