{"host":"l5zfpd2l2htson6l","time":1611762331,"event":{"mods":["AchievementEnabler","BaseMod","Colored Map","Colored Powertips","Minty Spire (QoL Compilation)","Permanent Neow","Quick Restart","Rare Cards Sparkle","Relic Stats","SuperFastMode"],"gold_per_floor":[111,125,135,154,173,173,202,202,202,233,48,48,63,91,91,186,186,202,219,236,253,253,253],"floor_reached":22,"language":"ENG","playtime":2377,"items_purged":[],"score":341,"play_id":"d66be279-1b3c-4d0f-8754-065a4b0bcf3c","local_time":"20210127074531","is_ascension_mode":true,"campfire_choices":[{"data":"Whirlwind","floor":6.0,"key":"SMITH"},{"data":"Bash","floor":8.0,"key":"SMITH"},{"data":"Bloodletting","floor":15,"key":"SMITH"}],"circlet_count":0,"master_deck":["Strike_R","Strike_R","Strike_R","Strike_R","Strike_R","Defend_R","Defend_R","Defend_R","Defend_R","Bash+1","Shrug It Off","Whirlwind+1","Battle Trance","Bloodletting+1","Thunderclap","Feed","Spot Weakness","Armaments","Carnage","Corruption","Feel No Pain","Dual Wield","Intimidate"],"relics":["Burning Blood","Charon\u0027s Ashes","Ornamental Fan","Kunai","Happy Flower","Matryoshka","SlaversCollar"],"acts_visited":["Exordium","TheCity"],"potions_floor_usage":[14,14,16,16],"damage_taken":[{"damage":9.0,"enemies":"Cultist","floor":1.0,"turns":5.0},{"damage":2.0,"enemies":"Jaw Worm","floor":2.0,"turns":7.0},{"damage":1.0,"enemies":"Small Slimes","floor":3.0,"turns":5.0},{"damage":6.0,"enemies":"Blue Slaver","floor":4.0,"turns":6.0},{"damage":7.0,"enemies":"Red Slaver","floor":5.0,"turns":5.0},{"damage":20.0,"enemies":"3 Sentries","floor":7.0,"turns":4.0},{"damage":33.0,"enemies":"Lagavulin","floor":10.0,"turns":4.0},{"damage":3.0,"enemies":"Looter","floor":13.0,"turns":1.0},{"damage":6,"enemies":"Gremlin Nob","floor":14,"turns":2},{"damage":18,"enemies":"Hexaghost","floor":16,"turns":6},{"damage":32,"enemies":"2 Thieves","floor":18,"turns":3},{"damage":26,"enemies":"3 Byrds","floor":19,"turns":4},{"damage":3,"enemies":"Snecko","floor":20,"turns":4},{"damage":46,"enemies":"3 Cultists","floor":21,"turns":6},{"damage":32,"enemies":"Snake Plant","floor":22,"turns":4}],"seed_played":"-7063497787323015434","potions_obtained":[{"floor":0.0,"key":"SkillPotion"},{"floor":0.0,"key":"ColorlessPotion"},{"floor":0.0,"key":"GamblersBrew"},{"floor":1.0,"key":"Dexterity Potion"},{"floor":10.0,"key":"ElixirPotion"},{"floor":12.0,"key":"GamblersBrew"},{"floor":12.0,"key":"HeartOfIron"},{"floor":13.0,"key":"LiquidMemories"},{"floor":14,"key":"SkillPotion"},{"floor":20,"key":"FairyPotion"}],"is_trial":false,"path_per_floor":["M","M","M","M","M","R","E","R","T","E","$","?","M","E","R","B",null,"M","M","M","M","M"],"character_chosen":"IRONCLAD","items_purchased":["Happy Flower","Spot Weakness"],"campfire_rested":0,"item_purchase_floors":[11,11],"current_hp_per_floor":[69,73,78,78,77,77,63,63,63,36,36,36,39,42,42,30,70,44,24,27,31,0,0],"gold":253,"neow_bonus":"THREE_SMALL_POTIONS","is_daily":false,"chose_seed":false,"campfire_upgraded":3,"win_rate":0.0,"timestamp":1611762331,"path_taken":["M","?","M","M","M","R","E","R","T","E","?","?","M","E","R","BOSS","M","M","?","M","?"],"items_purchased_type":["Relic","Card"],"build_version":"2020-12-22","purchased_purges":0,"victory":false,"max_hp_per_floor":[80,80,80,80,80,80,80,80,80,80,80,80,80,83,83,83,83,83,83,83,86,86,86],"relic_stats":{"Happy Flower":[10],"counters":[15,66],"Ornamental Fan":[16],"Charon\u0027s Ashes":[48],"Kunai":[4],"obtain_stats":[{"SlaversCollar":17,"Matryoshka":14,"Happy Flower":11,"Ornamental Fan":9,"Charon\u0027s Ashes":7,"Kunai":10,"Burning Blood":0},{"SlaversCollar":10,"Matryoshka":9,"Happy Flower":7,"Ornamental Fan":6,"Charon\u0027s Ashes":6,"Kunai":7,"Burning Blood":0},{"SlaversCollar":45,"Matryoshka":39,"Happy Flower":36,"Ornamental Fan":32,"Charon\u0027s Ashes":32,"Kunai":36,"Burning Blood":0}],"Burning Blood":84},"card_choices":[{"not_picked":["Body Slam","Shockwave"],"picked":"Shrug It Off","floor":1.0},{"not_picked":["Anger","Warcry"],"picked":"Whirlwind","floor":2.0},{"not_picked":["Iron Wave","Heavy Blade","Shrug It Off"],"picked":"SKIP","floor":3.0},{"not_picked":["Pommel Strike","Armaments"],"picked":"Battle Trance","floor":4.0},{"not_picked":["Power Through","Flex"],"picked":"Bloodletting","floor":5.0},{"not_picked":["Shrug It Off","Pummel"],"picked":"Thunderclap","floor":7.0},{"not_picked":["Metallicize","Clash"],"picked":"Feed","floor":10.0},{"not_picked":["Anger","Dark Embrace"],"picked":"Armaments","floor":13.0},{"not_picked":["Iron Wave","Shrug It Off"],"picked":"Carnage","floor":14},{"not_picked":["Juggernaut","Reaper"],"picked":"Corruption","floor":16},{"not_picked":["Metallicize+1","Heavy Blade"],"picked":"Feel No Pain","floor":18},{"not_picked":["Anger+1","Heavy Blade"],"picked":"Dual Wield","floor":19},{"not_picked":["Reckless Charge","Heavy Blade+1"],"picked":"Intimidate","floor":20},{"not_picked":["Clash","Sword Boomerang","Seeing Red"],"picked":"SKIP","floor":21}],"player_experience":726086,"relics_obtained":[{"floor":7.0,"key":"Charon\u0027s Ashes"},{"floor":9.0,"key":"Ornamental Fan"},{"floor":10.0,"key":"Kunai"},{"floor":14,"key":"Matryoshka"}],"event_choices":[{"damage_healed":0.0,"max_hp_gain":0.0,"max_hp_loss":0.0,"gold_gain":0.0,"event_name":"Lab","player_choice":"Got Potions","floor":12.0,"gold_loss":0.0,"damage_taken":0.0}],"is_beta":false,"boss_relics":[{"not_picked":["Velvet Choker","SacredBark"],"picked":"SlaversCollar"}],"items_purged_floors":[],"is_endless":false,"potions_floor_spawned":[1,4,10,13,14,20],"killed_by":"Snake Plant","ascension_level":9}}