{"host":"pigfart","time":1611719544,"event":{"mods":["BaseMod","Colored Map","Minty Spire (QoL Compilation)","Relic Stats","StSLib"],"gold_per_floor":[109,259,272,197,197,228,228,285,309,320,320,336,35,61,61,61,61],"floor_reached":16,"language":"ENG","playtime":504,"items_purged":["Strike_G"],"score":266,"play_id":"4547a494-b745-46f7-ba73-312b42396bc0","local_time":"20210126215224","is_ascension_mode":true,"campfire_choices":[{"data":"Crippling Poison","floor":7,"key":"SMITH"},{"data":"Terror","floor":11,"key":"SMITH"},{"floor":15,"key":"REST"}],"circlet_count":0,"master_deck":["AscendersBane","Strike_G","Strike_G","Strike_G","Strike_G","Defend_G","Defend_G","Defend_G","Defend_G","Defend_G","Survivor","Neutralize+1","Footwork","Crippling Poison+1","Bouncing Flask","Terror+1","Footwork","Cloak And Dagger","Heel Hook","Footwork","Catalyst"],"relics":["Ring of the Snake","NeowsBlessing","Blue Candle","FossilizedHelix","Vajra"],"acts_visited":["Exordium"],"potions_floor_usage":[8],"damage_taken":[{"damage":0,"enemies":"2 Louse","floor":1,"turns":1},{"damage":0,"enemies":"Small Slimes","floor":3,"turns":1},{"damage":0,"enemies":"Lagavulin","floor":6,"turns":1},{"damage":23,"enemies":"3 Sentries","floor":8,"turns":15},{"damage":0,"enemies":"Jaw Worm","floor":10,"turns":3},{"damage":0,"enemies":"2 Fungi Beasts","floor":12,"turns":3},{"damage":30,"enemies":"3 Sentries","floor":14,"turns":16},{"damage":28,"enemies":"Hexaghost","floor":16,"turns":10}],"seed_played":"6490475658344736778","potions_obtained":[{"floor":6,"key":"Block Potion"},{"floor":12,"key":"Ancient Potion"},{"floor":14,"key":"Explosive Potion"}],"is_trial":false,"path_per_floor":["M","?","M","?","?","E","R","?","T","M","R","M","$","E","R","B"],"character_chosen":"THE_SILENT","items_purchased":["Cloak And Dagger","Heel Hook","Footwork"],"campfire_rested":1,"item_purchase_floors":[13,13,13],"current_hp_per_floor":[59,59,59,59,59,59,59,36,36,36,36,36,36,6,25,0,0],"gold":61,"neow_bonus":"THREE_ENEMY_KILL","is_daily":false,"chose_seed":false,"campfire_upgraded":2,"win_rate":0.0,"timestamp":1611719544,"path_taken":["M","?","M","?","?","E","R","?","T","M","R","M","?","E","R","BOSS"],"items_purchased_type":["Card","Card","Card"],"build_version":"2020-12-18","purchased_purges":1,"victory":false,"max_hp_per_floor":[66,66,66,66,66,66,66,66,66,66,66,66,66,66,66,66,66],"relic_stats":{"counters":[8,50],"Blue Candle":[0],"obtain_stats":[{"NeowsBlessing":0,"Blue Candle":6,"Vajra":14,"FossilizedHelix":8,"Ring of the Snake":0},{"NeowsBlessing":0,"Blue Candle":3,"Vajra":7,"FossilizedHelix":4,"Ring of the Snake":0},{"NeowsBlessing":0,"Blue Candle":3,"Vajra":40,"FossilizedHelix":18,"Ring of the Snake":0}],"Ring of the Snake":[16]},"card_choices":[{"not_picked":["Outmaneuver","Blur"],"picked":"Footwork","floor":1},{"not_picked":["PiercingWail","Reflex","Deadly Poison"],"picked":"SKIP","floor":3},{"not_picked":["Escape Plan","Caltrops"],"picked":"Crippling Poison","floor":6},{"not_picked":["Quick Slash","All Out Attack"],"picked":"Bouncing Flask","floor":8},{"not_picked":["PiercingWail","Sucker Punch"],"picked":"Terror","floor":10},{"not_picked":["All Out Attack","Dodge and Roll"],"picked":"Footwork","floor":12},{"not_picked":["Outmaneuver","Grand Finale"],"picked":"Catalyst","floor":14}],"player_experience":2349231,"relics_obtained":[{"floor":6,"key":"Blue Candle"},{"floor":8,"key":"FossilizedHelix"},{"floor":14,"key":"Vajra"}],"event_choices":[{"damage_healed":0,"gold_gain":150,"player_choice":"AGREE","damage_taken":0,"max_hp_gain":0,"max_hp_loss":0,"event_name":"Liars Game","floor":2,"gold_loss":0,"cards_obtained":["Doubt"]},{"cards_removed":["Doubt"],"damage_healed":0,"gold_gain":0,"player_choice":"Card Removal","damage_taken":0,"max_hp_gain":0,"max_hp_loss":0,"event_name":"The Cleric","floor":4,"gold_loss":75},{"damage_healed":0,"gold_gain":0,"player_choice":"Grow","damage_taken":0,"max_hp_gain":0,"max_hp_loss":0,"event_name":"Living Wall","floor":5,"gold_loss":0,"cards_upgraded":["Neutralize"]},{"damage_healed":0,"gold_gain":0,"player_choice":"Searched \u00271\u0027 times","damage_taken":0,"max_hp_gain":0,"max_hp_loss":0,"event_name":"Dead Adventurer","floor":8,"gold_loss":0}],"is_beta":true,"boss_relics":[],"items_purged_floors":[13],"is_endless":false,"potions_floor_spawned":[6,12,14],"killed_by":"Hexaghost","ascension_level":20}}