{"host":"rwmcmr2m88k7tuzm","time":1611710697,"event":{"mods":["BaseMod","BetterRewards","Conspire","Downfall","Hubris","Infinite Spire","Minty Spire (QoL Compilation)","Quick Restart","Replay The Spire","Shop Mod","StSLib","SuperFastMode"],"gold_per_floor":[124,89,116,116,41,41,41,41,114,114,114,135,135,159,159,269,269,297,297,222,222,222,222,259,259,285,285,312,363,363,278,278,403,403,439,485,485],"floor_reached":36,"language":"ENG","playtime":1002,"items_purged":[],"score":514,"play_id":"87533cd1-f23f-417f-9977-f54028bf8f0a","local_time":"20210127012457","is_ascension_mode":false,"campfire_choices":[{"data":"Bash","floor":6,"key":"SMITH"},{"data":"Strike_R","floor":10,"key":"SMITH"},{"floor":13,"key":"REST"},{"data":"Cleave","floor":15,"key":"SMITH"},{"floor":23,"key":"REST"},{"data":"Immolate","floor":25,"key":"SMITH"},{"data":"Reaper","floor":30,"key":"SMITH"},{"data":"Pummel","floor":32,"key":"SMITH"}],"circlet_count":0,"master_deck":["Strike_R","Strike_R","Strike_R","Strike_R+1","Defend_R","Defend_R","Bash+1","Shrug It Off+1","hubris:CleavingFinish+1","Cleave+1","Iron Wave","Immolate+1","Twin Strike+1","Pummel+1","Seeing Red+1","Reaper+1","Reaper","hubris:ReadiedAction+1"],"relics":["Burning Blood","Membership Card","Juzu Bracelet","Replay:Rubber Ducky","Toxic Egg 2","Replay:Bandana","Strange Spoon","Medical Kit","hubris:Towel","Gremlin Horn","Bag of Marbles","SlaversCollar","MutagenicStrength","ReplayTheSpireMod:Spearhead","Potion Belt","hubris:DisguiseKit","Anchor","hubris:Backtick","hubris:SphereOfDissonance","infinitespire:EvilPickle"],"acts_visited":["Exordium","TheCity","TheBeyond"],"potions_floor_usage":[33,33,33,33,36,36,36],"damage_taken":[{"damage":7,"enemies":"Small Slimes","floor":1,"turns":5},{"damage":11,"enemies":"Jaw Worm","floor":3,"turns":5},{"damage":0,"enemies":"Cultist","floor":12,"turns":3},{"damage":7,"enemies":"2 Fungi Beasts","floor":14,"turns":2},{"damage":60,"enemies":"Hexaghost","floor":16,"turns":12},{"damage":37,"enemies":"Spheric Guardian","floor":18,"turns":5},{"damage":5,"enemies":"Shell Parasite","floor":24,"turns":3},{"damage":15,"enemies":"Slavers","floor":29,"turns":2},{"damage":50,"enemies":"Pondfish","floor":33,"turns":12},{"damage":0,"enemies":"3 Shapes","floor":35,"turns":1},{"damage":0,"enemies":"infinitespire:Three Voidlings","floor":36,"turns":1},{"damage":90,"enemies":"Nightmare_Alpha","floor":36,"turns":5}],"seed_played":"-4706238087648249593","potions_obtained":[{"floor":14,"key":"AttackPotion"},{"floor":16,"key":"ColorlessPotion"},{"floor":24,"key":"Adrenaline Potion"},{"floor":33,"key":"EntropicBrew"}],"is_trial":false,"path_per_floor":["M","?","M","?","$","R","?","?","T","R","T","M","R","M","R","B",null,"M","?","?","?","?","R","M","R","T","?","T","E","R","?","R","B",null,"M","?"],"character_chosen":"IRONCLAD","items_purchased":["Membership Card","Juzu Bracelet","Replay:Rubber Ducky","Toxic Egg 2","Replay:Bandana","Strange Spoon","Shrug It Off+1","Medical Kit"],"campfire_rested":2,"item_purchase_floors":[0,0,0,0,0,0,0,5],"current_hp_per_floor":[43,63,58,58,58,58,58,58,58,58,58,64,80,79,79,25,80,49,49,49,49,49,73,74,74,74,74,74,65,65,65,65,50,80,80,0,0],"gold":485,"neow_bonus":"","is_daily":false,"chose_seed":false,"campfire_upgraded":6,"win_rate":0.0,"timestamp":1611710697,"path_taken":["M","?","M","?","$","R","?","?","T","R","?","M","R","M","R","BOSS","M","?","?","?","?","R","M","R","T","?","?","E","R","?","R","BOSS","M","?"],"items_purchased_type":["Relic","Relic","Relic","Relic","Relic","Relic","Card","Relic"],"build_version":"2020-12-22","purchased_purges":0,"victory":false,"max_hp_per_floor":[80,80,80,80,80,80,80,80,80,80,80,80,80,80,80,80,80,80,80,80,80,80,80,80,80,80,80,80,80,80,80,80,80,80,80,80,80],"card_choices":[{"not_picked":["Sword Boomerang","True Grit+1"],"picked":"hubris:CleavingFinish","floor":1},{"not_picked":["Massacre","True Grit+1","Wild Strike"],"picked":"SKIP","floor":3},{"not_picked":["Sword Boomerang","Dark Embrace"],"picked":"Cleave","floor":12},{"not_picked":["Sword Boomerang","hubris:ReadiedAction+1"],"picked":"Iron Wave","floor":14},{"not_picked":["hubris:StunningStrike","Barricade"],"picked":"Immolate","floor":16},{"not_picked":["Body Slam","Clothesline"],"picked":"Twin Strike+1","floor":18},{"not_picked":["ReplayTheSpireMod:Muscle Training+1","Fire Breathing"],"picked":"Seeing Red+1","floor":24},{"not_picked":["infinitespire:OneForAll","Power Through+1"],"picked":"Reaper","floor":29},{"not_picked":["conspire:Purge+1","Corruption","champ:SwordThrow"],"picked":"Reaper","floor":33},{"not_picked":["Thunderclap+1","Disarm+1","champ:PerfectedStrike"],"picked":"hubris:ReadiedAction+1","floor":35}],"player_experience":164432,"relics_obtained":[{"floor":9,"key":"Gremlin Horn"},{"floor":11,"key":"Bag of Marbles"},{"floor":26,"key":"ReplayTheSpireMod:Spearhead"},{"floor":28,"key":"Potion Belt"},{"floor":29,"key":"hubris:DisguiseKit"}],"event_choices":[{"damage_healed":20,"gold_gain":0,"player_choice":"Healed","damage_taken":0,"max_hp_gain":0,"max_hp_loss":0,"event_name":"The Cleric","floor":2,"gold_loss":35},{"cards_removed":["Defend_R"],"damage_healed":0,"gold_gain":0,"player_choice":"Card Removal","damage_taken":0,"max_hp_gain":0,"max_hp_loss":0,"event_name":"Wheel of Change","floor":4,"gold_loss":0},{"damage_healed":0,"gold_gain":0,"cards_transformed":["Defend_R"],"player_choice":"Transformed","damage_taken":0,"max_hp_gain":0,"max_hp_loss":0,"event_name":"Transmorgrifier","floor":19,"gold_loss":0,"cards_obtained":["Pummel"]},{"cards_removed":["Strike_R"],"damage_healed":0,"gold_gain":0,"player_choice":"Gave Gold","damage_taken":0,"max_hp_gain":0,"max_hp_loss":0,"event_name":"Beggar","floor":20,"gold_loss":75},{"damage_healed":0,"gold_gain":0,"player_choice":"Inject Mutagens","damage_taken":0,"relics_obtained":["MutagenicStrength"],"max_hp_gain":0,"max_hp_loss":0,"event_name":"Drug Dealer","floor":22,"gold_loss":0},{"damage_healed":0,"gold_gain":0,"player_choice":"Ignored","damage_taken":0,"max_hp_gain":0,"max_hp_loss":0,"event_name":"Ghosts","floor":27,"gold_loss":0},{"damage_healed":0,"gold_gain":0,"player_choice":"Obtained Relic","damage_taken":0,"relics_obtained":["Anchor"],"max_hp_gain":0,"max_hp_loss":0,"event_name":"Addict","floor":31,"gold_loss":85}],"is_beta":false,"boss_relics":[{"not_picked":["conspire:SeveredTorchhead","bronze:MakeshiftBattery"],"picked":"SlaversCollar"},{"not_picked":["Runic Dome","ReplayTheSpireMod:DimensionalGlitch"],"picked":"hubris:Backtick"}],"items_purged_floors":[],"is_endless":false,"potions_floor_spawned":[14,16,24,33],"killed_by":"Nightmare_Alpha","ascension_level":0}}