{"host":"neeznpvpgo0qgfkd","time":1611722357,"event":{"mods":["AchievementEnabler","BaseMod","BetterRewards","Colored Map","Colored Powertips","Exacting","Minty Spire (QoL Compilation)","Permanent Neow","Quick Restart","Shop Mod"],"gold_per_floor":[148,161,161,161,236,262,312,312,312,345,70,87,121,42,42,113,113,126,156,13,13,13,46,58,58],"floor_reached":24,"language":"ENG","playtime":766,"items_purged":[],"score":564,"play_id":"b0c6588b-af88-4af0-b9f0-05b0510a36c9","local_time":"20210126233917","is_ascension_mode":true,"campfire_choices":[{"floor":8.0,"key":"REST"},{"floor":15.0,"key":"REST"}],"circlet_count":0,"master_deck":["AscendersBane","Strike_G","Strike_G","Strike_G","Strike_G","Strike_G","Defend_G","Defend_G","Defend_G","Defend_G","Defend_G","Survivor","Neutralize","Poisoned Stab+1","Die Die Die","Regret","Accuracy","Noxious Fumes","Cloak And Dagger","Backstab","Noxious Fumes","Burst","Flying Knee","Blade Dance","RitualDagger","Dagger Spray"],"relics":["Ring of the Serpent","Shuriken","Potion Belt","Bird Faced Urn","Bottled Tornado","Lee\u0027s Waffle","TungstenRod","Regal Pillow","MutagenicStrength","MawBank"],"acts_visited":["Exordium","TheCity"],"potions_floor_usage":[23,23],"damage_taken":[{"damage":10.0,"enemies":"2 Louse","floor":1.0,"turns":4.0},{"damage":0.0,"enemies":"Small Slimes","floor":2.0,"turns":2.0},{"damage":26.0,"enemies":"Gremlin Nob","floor":6.0,"turns":5.0},{"damage":3.0,"enemies":"Cultist","floor":10.0,"turns":3.0},{"damage":0.0,"enemies":"Exordium Thugs","floor":12.0,"turns":3.0},{"damage":47.0,"enemies":"Lagavulin","floor":13.0,"turns":6.0},{"damage":29.0,"enemies":"The Guardian","floor":16.0,"turns":10.0},{"damage":42.0,"enemies":"2 Thieves","floor":18.0,"turns":4.0},{"damage":3.0,"enemies":"3 Byrds","floor":19.0,"turns":4.0},{"damage":23,"enemies":"Gremlin Leader","floor":23,"turns":5},{"damage":12,"enemies":"Snake Plant","floor":24,"turns":1}],"seed_played":"-390962439475183499","potions_obtained":[{"floor":2.0,"key":"Swift Potion"},{"floor":12.0,"key":"Explosive Potion"},{"floor":16.0,"key":"CultistPotion"},{"floor":18.0,"key":"Explosive Potion"}],"is_trial":false,"path_per_floor":["M","M","?","?","?","E","?","R","T","M","$","M","E","$","R","B",null,"M","M","$","?","?","E","M"],"character_chosen":"THE_SILENT","items_purchased":["Shuriken","BlessingOfTheForge","Noxious Fumes","Cloak And Dagger","Lee\u0027s Waffle","Noxious Fumes","Regal Pillow"],"campfire_rested":2,"item_purchase_floors":[0,0,11,11,11,14,20],"current_hp_per_floor":[49,49,49,49,38,12,6,25,25,24,73,73,28,28,49,26,61,25,28,28,28,23,6,0,0],"gold":58,"neow_bonus":"","is_daily":false,"chose_seed":false,"campfire_upgraded":0,"win_rate":0.0,"timestamp":1611722357,"path_taken":["M","M","?","?","?","E","?","R","T","?","?","M","E","$","R","BOSS","M","M","$","?","?","E","?"],"items_purchased_type":["Relic","Potion","Card","Card","Relic","Card","Relic"],"build_version":"2020-12-22","purchased_purges":0,"victory":false,"max_hp_per_floor":[66,66,66,66,66,66,66,66,66,66,73,73,73,73,73,73,73,73,73,73,73,73,73,73,73],"card_choices":[{"not_picked":["Flying Knee","Sucker Punch"],"picked":"Poisoned Stab","floor":1.0},{"not_picked":["Prepared","PiercingWail"],"picked":"Die Die Die","floor":2.0},{"not_picked":["Underhanded Strike","Doppelganger"],"picked":"Accuracy","floor":6.0},{"not_picked":["Deadly Poison","Underhanded Strike","Backflip"],"picked":"SKIP","floor":10.0},{"not_picked":["Concentrate","Deadly Poison"],"picked":"Backstab","floor":12.0},{"not_picked":["Quick Slash","Underhanded Strike","Leg Sweep"],"picked":"SKIP","floor":13.0},{"not_picked":["Unload","Storm of Steel"],"picked":"Burst","floor":16.0},{"not_picked":["Sucker Punch","Well Laid Plans"],"picked":"Flying Knee","floor":18.0},{"not_picked":["Deflect","Reflex"],"picked":"Blade Dance","floor":19.0},{"not_picked":["Acrobatics","PiercingWail"],"picked":"Dagger Spray","floor":23}],"player_experience":1930631,"relics_obtained":[{"floor":6.0,"key":"Bird Faced Urn"},{"floor":9.0,"key":"Bottled Tornado"},{"floor":13.0,"key":"TungstenRod"},{"floor":23,"key":"MawBank"}],"event_choices":[{"damage_healed":0.0,"max_hp_gain":0.0,"max_hp_loss":0.0,"gold_gain":0.0,"event_name":"Living Wall","player_choice":"Grow","floor":3.0,"gold_loss":0.0,"damage_taken":0.0,"cards_upgraded":["Poisoned Stab"]},{"damage_healed":0.0,"max_hp_gain":0.0,"max_hp_loss":0.0,"gold_gain":0.0,"event_name":"Big Fish","player_choice":"Box","floor":4.0,"gold_loss":0.0,"damage_taken":0.0,"relics_obtained":["Potion Belt"],"cards_obtained":["Regret"]},{"damage_healed":0.0,"max_hp_gain":0.0,"max_hp_loss":0.0,"gold_gain":75.0,"event_name":"World of Goop","player_choice":"Gather Gold","floor":5.0,"gold_loss":0.0,"damage_taken":11.0},{"damage_healed":0.0,"max_hp_gain":0.0,"max_hp_loss":0.0,"gold_gain":50.0,"event_name":"FaceTrader","player_choice":"Touch","floor":7.0,"gold_loss":0.0,"damage_taken":6.0},{"damage_healed":0.0,"max_hp_gain":0.0,"max_hp_loss":0.0,"gold_gain":0.0,"event_name":"Drug Dealer","player_choice":"Inject Mutagens","floor":21.0,"gold_loss":0.0,"damage_taken":0.0,"relics_obtained":["MutagenicStrength"]},{"damage_healed":0.0,"max_hp_gain":0.0,"max_hp_loss":0.0,"gold_gain":0.0,"event_name":"Nest","player_choice":"Joined the Cult","floor":22.0,"gold_loss":0.0,"damage_taken":6.0,"cards_obtained":["RitualDagger"]}],"is_beta":false,"boss_relics":[{"not_picked":["Cursed Key","Black Star"],"picked":"Ring of the Serpent"}],"items_purged_floors":[],"is_endless":false,"potions_floor_spawned":[2,12,16,18],"killed_by":"Snake Plant","ascension_level":15}}