{"host":"z9811rt50ti81n54","time":1611754282,"event":{"mods":["BaseMod","Minty Spire (QoL Compilation)","Reliquary","StSLib"],"gold_per_floor":[209,227,227,99,117,117,117,17,17,17,42,57,72,85,85,190,190,201,76,90,90,90,90,118,118,145,145,145,159,194,222,222,326,326,336,336,336,336,558,588,588,622,646,658,672,690,722,116,116,116],"floor_reached":51,"language":"ENG","playtime":1483,"items_purged":["Strike_R","Strike_R","Strike_R","Defend_R"],"score":921,"play_id":"787984ab-1345-48ce-9b91-ea8248d609e2","local_time":"20210127223122","is_ascension_mode":false,"campfire_choices":[{"data":"Searing Blow+1","floor":6,"key":"SMITH"},{"data":"Searing Blow+2","floor":10,"key":"SMITH"},{"data":"Searing Blow+3","floor":15,"key":"SMITH"},{"data":"Searing Blow+4","floor":23,"key":"SMITH"},{"data":"Searing Blow+5","floor":25,"key":"SMITH"},{"data":"Searing Blow+6","floor":27,"key":"SMITH"},{"data":"Searing Blow+7","floor":32,"key":"SMITH"},{"data":"Searing Blow+8","floor":41,"key":"SMITH"},{"data":"Searing Blow+9","floor":49,"key":"SMITH"}],"circlet_count":0,"master_deck":["Defend_R","Defend_R","Defend_R","Bash","Searing Blow+10","Whirlwind","Armaments","Second Wind","Burning Pact","Headbutt","Brutality","Rage","Ghostly+1","Ghostly","Ghostly","Ghostly","Ghostly","Armaments","Power Through+1","Double Tap+1","Chrysalis","True Grit+1","Dark Embrace+1","Apotheosis","Double Tap"],"relics":["Burning Blood","PreservedInsect","Champion Belt","Gremlin Horn","Runic Pyramid","Bottled Tornado","reliquary:PorcupineQuills","reliquary:PrincelyHelmet","Red Mask","Velvet Choker","reliquary:RoseTintedGlasses","Kunai","War Paint","Bottled Lightning"],"acts_visited":["Exordium","TheCity","TheBeyond"],"potions_floor_usage":[20,31,33,33,50,50],"damage_taken":[{"damage":6,"enemies":"Cultist","floor":1,"turns":4},{"damage":3,"enemies":"Small Slimes","floor":2,"turns":3},{"damage":0,"enemies":"2 Louse","floor":5,"turns":1},{"damage":8,"enemies":"Lagavulin","floor":11,"turns":3},{"damage":2,"enemies":"2 Fungi Beasts","floor":12,"turns":4},{"damage":10,"enemies":"Looter","floor":13,"turns":2},{"damage":0,"enemies":"Large Slime","floor":14,"turns":4},{"damage":37,"enemies":"Hexaghost","floor":16,"turns":8},{"damage":2,"enemies":"Spheric Guardian","floor":18,"turns":4},{"damage":7,"enemies":"2 Thieves","floor":20,"turns":3},{"damage":3,"enemies":"Book of Stabbing","floor":24,"turns":5},{"damage":10,"enemies":"Chosen and Byrds","floor":29,"turns":6},{"damage":11,"enemies":"Slavers","floor":30,"turns":7},{"damage":11,"enemies":"Masked Bandits","floor":31,"turns":6},{"damage":32,"enemies":"Collector","floor":33,"turns":8},{"damage":5,"enemies":"Orb Walker","floor":35,"turns":5},{"damage":0,"enemies":"Reptomancer","floor":40,"turns":1},{"damage":2,"enemies":"Nemesis","floor":42,"turns":3},{"damage":8,"enemies":"3 Darklings","floor":44,"turns":6},{"damage":4,"enemies":"Writhing Mass","floor":45,"turns":5},{"damage":5,"enemies":"Spire Growth","floor":46,"turns":4},{"damage":3,"enemies":"Giant Head","floor":47,"turns":4},{"damage":5,"enemies":"Donu and Deca","floor":50,"turns":4}],"seed_played":"3492512503820955893","potions_obtained":[{"floor":11,"key":"BlessingOfTheForge"},{"floor":12,"key":"SneckoOil"},{"floor":13,"key":"SpeedPotion"},{"floor":14,"key":"BloodPotion"},{"floor":30,"key":"ElixirPotion"},{"floor":31,"key":"BloodPotion"},{"floor":33,"key":"Fire Potion"},{"floor":40,"key":"CultistPotion"}],"is_trial":false,"path_per_floor":["M","M","?","$","M","R","?","$","T","R","E","M","M","M","R","B",null,"M","$","M","?","?","R","E","R","T","R","?","M","E","?","R","B",null,"M","?","?","?","?","E","R","E","T","M","M","M","E","$","R","B",null],"character_chosen":"IRONCLAD","items_purchased":["Armaments","Apotheosis","Double Tap","FairyPotion","Swift Potion"],"campfire_rested":0,"item_purchase_floors":[4,48,48,48,48],"current_hp_per_floor":[80,80,80,80,80,80,80,80,80,80,78,80,76,80,80,49,80,80,80,79,79,40,40,40,40,40,40,35,31,26,30,30,13,45,45,45,45,43,43,43,43,43,43,41,43,43,43,43,43,43],"gold":116,"neow_bonus":"HUNDRED_GOLD","is_daily":false,"chose_seed":false,"campfire_upgraded":9,"win_rate":0.0,"timestamp":1611754282,"path_taken":["M","M","?","$","?","R","?","$","T","R","E","M","M","M","R","BOSS","M","$","M","?","?","R","E","R","T","R","?","M","E","?","R","BOSS","M","?","?","?","?","E","R","E","T","M","M","?","E","$","R","BOSS"],"items_purchased_type":["Card","Card","Card","Potion","Potion"],"build_version":"2020-12-22","purchased_purges":4,"victory":true,"max_hp_per_floor":[80,80,80,80,80,80,80,80,80,80,80,80,80,80,80,80,80,80,80,80,80,40,40,40,40,40,40,45,45,45,45,45,45,45,45,45,45,43,43,43,43,43,43,43,43,43,43,43,43,43],"card_choices":[{"not_picked":["Wild Strike","Body Slam"],"picked":"Searing Blow","floor":1},{"not_picked":["Bloodletting","Cleave"],"picked":"Whirlwind","floor":2},{"not_picked":["Hemokinesis","Rampage","Clash"],"picked":"SKIP","floor":5},{"not_picked":["Body Slam","Searing Blow","Infernal Blade"],"picked":"SKIP","floor":11},{"not_picked":["Heavy Blade","Dual Wield"],"picked":"Second Wind","floor":12},{"not_picked":["Twin Strike","Rage"],"picked":"Burning Pact","floor":13},{"not_picked":["Iron Wave","Wild Strike"],"picked":"Headbutt","floor":14},{"not_picked":["Bludgeon","Limit Break"],"picked":"Brutality","floor":16},{"not_picked":["Spot Weakness","Evolve","Perfected Strike+1"],"picked":"SKIP","floor":18},{"not_picked":["Flex+1","Blood for Blood+1","Clash"],"picked":"SKIP","floor":20},{"not_picked":["Sword Boomerang","Clash","Sever Soul"],"picked":"SKIP","floor":24},{"not_picked":["Cleave","Clash"],"picked":"Armaments","floor":29},{"not_picked":["Perfected Strike+1","Heavy Blade","Twin Strike+1"],"picked":"SKIP","floor":30},{"not_picked":["Pummel+1","Headbutt"],"picked":"Power Through+1","floor":31},{"not_picked":["Bludgeon","Barricade"],"picked":"Double Tap","floor":33},{"not_picked":["Shrug It Off","Flex","Inflame+1"],"picked":"SKIP","floor":35},{"not_picked":["Impatience","Purity"],"picked":"Chrysalis","floor":37},{"not_picked":["Wild Strike+1","Perfected Strike"],"picked":"True Grit+1","floor":40},{"not_picked":["Cleave+1","Clash","Evolve"],"picked":"SKIP","floor":42},{"not_picked":["Hemokinesis+1","Iron Wave+1","True Grit"],"picked":"SKIP","floor":44},{"not_picked":["Bludgeon","Metallicize","Combust"],"picked":"SKIP","floor":45},{"not_picked":["Reckless Charge+1","Flex+1","Rage"],"picked":"SKIP","floor":46},{"not_picked":["Combust+1","Blood for Blood"],"picked":"Dark Embrace+1","floor":47}],"player_experience":423580,"relics_obtained":[{"floor":9,"key":"Champion Belt"},{"floor":11,"key":"Gremlin Horn"},{"floor":24,"key":"Bottled Tornado"},{"floor":26,"key":"reliquary:PorcupineQuills"},{"floor":30,"key":"reliquary:PrincelyHelmet"},{"floor":31,"key":"Red Mask"},{"floor":40,"key":"reliquary:RoseTintedGlasses"},{"floor":42,"key":"Kunai"},{"floor":43,"key":"War Paint"},{"floor":47,"key":"Bottled Lightning"}],"event_choices":[{"damage_healed":0,"gold_gain":0,"player_choice":"Upgraded","damage_taken":0,"max_hp_gain":0,"max_hp_loss":0,"event_name":"Upgrade Shrine","floor":3,"gold_loss":0,"cards_upgraded":["Searing Blow"]},{"damage_healed":0,"gold_gain":0,"player_choice":"Searched \u00271\u0027 times","damage_taken":0,"relics_obtained":["PreservedInsect"],"max_hp_gain":0,"max_hp_loss":0,"event_name":"Dead Adventurer","floor":7,"gold_loss":0},{"damage_healed":0,"gold_gain":0,"cards_transformed":["Strike_R","Strike_R"],"player_choice":"Became Test Subject","damage_taken":0,"max_hp_gain":0,"max_hp_loss":0,"event_name":"Drug Dealer","floor":21,"gold_loss":0,"cards_obtained":["Pummel","Rage"]},{"damage_healed":0,"gold_gain":0,"player_choice":"Became a Ghost","damage_taken":0,"max_hp_gain":0,"max_hp_loss":40,"event_name":"Ghosts","floor":22,"gold_loss":0,"cards_obtained":["Ghostly","Ghostly","Ghostly","Ghostly","Ghostly"]},{"damage_healed":0,"gold_gain":0,"player_choice":"Shed Blood","damage_taken":10,"max_hp_gain":5,"max_hp_loss":0,"event_name":"Forgotten Altar","floor":28,"gold_loss":0},{"damage_healed":0,"gold_gain":0,"player_choice":"Fought Bandits","damage_taken":0,"max_hp_gain":0,"max_hp_loss":0,"event_name":"Masked Bandits","floor":31,"gold_loss":0},{"cards_removed":["Pummel"],"damage_healed":0,"gold_gain":0,"player_choice":"Removed Attack","damage_taken":0,"max_hp_gain":0,"max_hp_loss":0,"event_name":"Falling","floor":36,"gold_loss":0},{"damage_healed":0,"gold_gain":0,"player_choice":"Memory 1","damage_taken":0,"max_hp_gain":0,"max_hp_loss":0,"event_name":"SensoryStone","floor":37,"gold_loss":0},{"damage_healed":0,"gold_gain":0,"player_choice":"Max HP","damage_taken":0,"max_hp_gain":0,"max_hp_loss":2,"event_name":"Winding Halls","floor":38,"gold_loss":0},{"damage_healed":0,"gold_gain":222,"player_choice":"Wore Mask","damage_taken":0,"max_hp_gain":0,"max_hp_loss":0,"event_name":"Tomb of Lord Red Mask","floor":39,"gold_loss":0}],"is_beta":false,"boss_relics":[{"not_picked":["Ectoplasm","Cursed Key"],"picked":"Runic Pyramid"},{"not_picked":["Sozu","Calling Bell"],"picked":"Velvet Choker"}],"items_purged_floors":[4,8,19,48],"is_endless":false,"potions_floor_spawned":[11,12,13,14,18,30,31,33,40,45],"ascension_level":0}}