{"host":"ELF","time":1611780258,"event":{"mods":["BaseMod","Bestiary","Minty Spire (QoL Compilation)","Relic Stats","Slay the Relics Exporter"],"gold_per_floor":[116,134,150,160,178,212,227,227,227,227,258,258,258,275,275,275,275],"floor_reached":16,"language":"ENG","playtime":774,"items_purged":[],"score":222,"play_id":"2e0f4d01-13dc-4c5c-9fad-f85ffface9a0","local_time":"20210127144418","is_ascension_mode":true,"campfire_choices":[{"floor":8,"key":"REST"},{"data":"Whirlwind","floor":12,"key":"SMITH"},{"data":"Disarm","floor":15,"key":"SMITH"}],"circlet_count":0,"master_deck":["AscendersBane","Strike_R","Strike_R","Strike_R","Strike_R","Defend_R","Defend_R","Defend_R","Defend_R","Bash","Carnage","Metallicize","Impervious","Cleave","Feel No Pain","Power Through","Sever Soul","Whirlwind+1","Disarm+1"],"relics":["Burning Blood","MealTicket","Mummified Hand","Shuriken"],"acts_visited":["Exordium"],"potions_floor_usage":[6,11],"damage_taken":[{"damage":10,"enemies":"Small Slimes","floor":1,"turns":3},{"damage":0,"enemies":"2 Louse","floor":2,"turns":3},{"damage":9,"enemies":"Cultist","floor":3,"turns":4},{"damage":2,"enemies":"2 Fungi Beasts","floor":4,"turns":4},{"damage":3,"enemies":"3 Louse","floor":5,"turns":3},{"damage":43,"enemies":"Gremlin Nob","floor":6,"turns":5},{"damage":9,"enemies":"Large Slime","floor":7,"turns":7},{"damage":4,"enemies":"Lagavulin","floor":11,"turns":6},{"damage":8,"enemies":"Looter","floor":14,"turns":2},{"damage":68,"enemies":"Hexaghost","floor":16,"turns":14}],"seed_played":"3076361073518318779","potions_obtained":[{"floor":1,"key":"Explosive Potion"},{"floor":3,"key":"Energy Potion"},{"floor":7,"key":"DuplicationPotion"},{"floor":14,"key":"Energy Potion"}],"is_trial":false,"path_per_floor":["M","M","M","M","M","E","M","R","T","?","E","R","?","M","R","B"],"character_chosen":"IRONCLAD","items_purchased":[],"campfire_rested":1,"item_purchase_floors":[],"current_hp_per_floor":[64,70,67,71,74,37,34,56,56,56,58,58,63,61,61,0,0],"gold":275,"neow_bonus":"TRANSFORM_CARD","is_daily":false,"chose_seed":false,"campfire_upgraded":2,"win_rate":0.0,"timestamp":1611780258,"path_taken":["M","M","M","M","M","E","M","R","T","?","E","R","?","M","R","BOSS"],"items_purchased_type":[],"build_version":"2020-12-18","purchased_purges":0,"victory":false,"max_hp_per_floor":[75,75,75,75,75,75,75,75,75,75,75,75,80,80,80,80,80],"relic_stats":{"counters":[10,51],"Mummified Hand":[6],"Shuriken":[0],"MealTicket":0,"obtain_stats":[{"Mummified Hand":9,"Shuriken":11,"MealTicket":6,"Burning Blood":0},{"Mummified Hand":7,"Shuriken":8,"MealTicket":6,"Burning Blood":0},{"Mummified Hand":29,"Shuriken":35,"MealTicket":22,"Burning Blood":0}],"Burning Blood":54},"card_choices":[{"not_picked":["Second Wind","Thunderclap"],"picked":"Metallicize","floor":1},{"not_picked":["Sword Boomerang","Clothesline","Heavy Blade"],"picked":"SKIP","floor":2},{"not_picked":["Second Wind","Wild Strike"],"picked":"Impervious","floor":3},{"not_picked":["Iron Wave","Thunderclap"],"picked":"Cleave","floor":4},{"not_picked":["Headbutt","Perfected Strike"],"picked":"Feel No Pain","floor":5},{"not_picked":["Sentinel","Heavy Blade"],"picked":"Power Through","floor":6},{"not_picked":["Flex","Seeing Red"],"picked":"Sever Soul","floor":7},{"not_picked":["Wild Strike","Dropkick"],"picked":"Whirlwind","floor":11},{"not_picked":["Headbutt","Rupture"],"picked":"Disarm","floor":14}],"player_experience":3326518,"relics_obtained":[{"floor":6,"key":"MealTicket"},{"floor":9,"key":"Mummified Hand"},{"floor":11,"key":"Shuriken"}],"event_choices":[{"damage_healed":0,"gold_gain":0,"player_choice":"Ignored","damage_taken":0,"max_hp_gain":0,"max_hp_loss":0,"event_name":"Liars Game","floor":10,"gold_loss":0},{"damage_healed":0,"gold_gain":0,"player_choice":"Donut","damage_taken":0,"max_hp_gain":5,"max_hp_loss":0,"event_name":"Big Fish","floor":13,"gold_loss":0}],"is_beta":true,"boss_relics":[],"items_purged_floors":[],"is_endless":false,"potions_floor_spawned":[1,3,7,14],"killed_by":"Hexaghost","ascension_level":19}}