{"host":"qrt7o4dq2qslzw13","time":1611727646,"event":{"mods":["BaseMod","Colored Map","Colored Powertips","Minty Spire (QoL Compilation)","Quick Restart","Replay The Spire","Shop Mod","StSLib","SuperFastMode"],"gold_per_floor":[109,109,124,134,148,148,17,48,100,100,100,100,100,112,123,133,158,158,158],"floor_reached":18,"language":"ENG","playtime":319,"items_purged":[],"score":181,"play_id":"7d4465ac-4040-4a02-b427-fb7b2fd7efba","local_time":"20210127010726","is_ascension_mode":true,"campfire_choices":[{"data":"ReplayTheSpireMod:Necrogeddon","floor":6.0,"key":"SMITH"},{"data":"Alpha","floor":12.0,"key":"SMITH"}],"circlet_count":0,"master_deck":["Strike_P","Strike_P","Strike_P","Strike_P","Defend_P","Defend_P","Defend_P","Defend_P","Eruption","Vigilance","Decay","ReplayTheSpireMod:Necrogeddon+1","FlyingSleeves","ClearTheMind","Alpha+1","Consecrate","Purity","FollowUp","FollowUp","DeceiveReality","SandsOfTime","EmptyBody","BattleHymn","ReplayTheSpireMod:Splinters","Fasting2"],"relics":["PureWater","Kunai","Replay:Mystery Machine","Du-Vu Doll"],"acts_visited":["Exordium"],"potions_floor_usage":[18],"damage_taken":[{"damage":10.0,"enemies":"Jaw Worm","floor":1.0,"turns":4.0},{"damage":0.0,"enemies":"Cultist","floor":3.0,"turns":2.0},{"damage":4.0,"enemies":"2 Louse","floor":4.0,"turns":3.0},{"damage":23.0,"enemies":"Lots of Slimes","floor":5.0,"turns":3.0},{"damage":0.0,"enemies":"Lagavulin","floor":8.0,"turns":3.0},{"damage":0.0,"enemies":"Large Slime","floor":14.0,"turns":5.0},{"damage":4.0,"enemies":"3 Louse","floor":15.0,"turns":4.0},{"damage":0.0,"enemies":"Gremlin Gang","floor":16.0,"turns":1.0},{"damage":29,"enemies":"Fading Forest","floor":18,"turns":5}],"seed_played":"5345328637256478998","potions_obtained":[{"floor":2.0,"key":"CultistPotion"},{"floor":2.0,"key":"CultistPotion"},{"floor":2.0,"key":"Explosive Potion"},{"floor":8.0,"key":"BottledMiracle"},{"floor":15.0,"key":"ColorlessPotion"},{"floor":16.0,"key":"Adrenaline Potion"}],"is_trial":false,"path_per_floor":["M","?","M","M","M","R","$","E","T","PTL","PTL","R","?","M","M","M","R_BF","B"],"character_chosen":"WATCHER","items_purchased":["Purity","FollowUp"],"campfire_rested":0,"item_purchase_floors":[7,7],"current_hp_per_floor":[55,55,55,51,28,28,28,28,28,28,28,28,21,21,17,17,17,0,0],"gold":158,"neow_bonus":"RANDOM_COLORLESS_2","is_daily":false,"chose_seed":false,"campfire_upgraded":2,"win_rate":0.0,"timestamp":1611727646,"path_taken":["M","?","M","?","M","R","$","E","T","PTL","PTL","R","?","?","M","M","R_BF","BOSS"],"items_purchased_type":["Card","Card"],"build_version":"2020-12-22","purchased_purges":0,"victory":false,"max_hp_per_floor":[72,72,72,72,72,72,72,72,72,72,72,72,72,72,72,72,72,72,72],"card_choices":[{"not_picked":["Mayhem","Violence"],"picked":"ReplayTheSpireMod:Necrogeddon","floor":0.0},{"not_picked":["WindmillStrike","Crescendo"],"picked":"FlyingSleeves","floor":1.0},{"not_picked":["Consecrate","JustLucky"],"picked":"ClearTheMind","floor":3.0},{"not_picked":["CutThroughFate","SashWhip"],"picked":"Alpha","floor":4.0},{"not_picked":["BowlingBash","JustLucky"],"picked":"Consecrate","floor":5.0},{"not_picked":["ClearTheMind","SashWhip"],"picked":"DeceiveReality","floor":8.0},{"not_picked":["WheelKick","Crescendo"],"picked":"SandsOfTime","floor":14.0},{"not_picked":["SashWhip","CrushJoints"],"picked":"EmptyBody","floor":15.0},{"not_picked":["SandsOfTime","FollowUp"],"picked":"BattleHymn","floor":16.0},{"not_picked":["Consecrate","ClearTheMind"],"picked":"Fasting2","floor":17.0}],"player_experience":597296,"relics_obtained":[{"floor":8.0,"key":"Kunai"},{"floor":9.0,"key":"Replay:Mystery Machine"},{"floor":17.0,"key":"Du-Vu Doll"}],"event_choices":[{"damage_healed":0.0,"max_hp_gain":0.0,"max_hp_loss":0.0,"gold_gain":0.0,"event_name":"Lab","player_choice":"Got Potions","floor":2.0,"gold_loss":0.0,"damage_taken":0.0},{"damage_healed":0.0,"max_hp_gain":0.0,"max_hp_loss":0.0,"gold_gain":0.0,"event_name":"Wheel of Change","player_choice":"Damaged","floor":13.0,"gold_loss":0.0,"damage_taken":7.0}],"is_beta":false,"boss_relics":[],"items_purged_floors":[],"is_endless":false,"potions_floor_spawned":[3,8,15,16],"killed_by":"Fading Forest","ascension_level":6}}