{"host":"3j2m8n0ywf988fwb","time":1611738948,"event":{"mods":["2.2 Compatiblity","AchievementEnabler","BaseMod","Better Altar","Better Match","Better Note","Better Sensory Stone","Better Skull","Better Third Choice","Colored Map","Colored Powertips","Dark Map","Mimic Mod","Minty Spire (QoL Compilation)","Random Character Button","Relic Stats","Robot Space Explorer","Shop Mod","Somnambulant","StSLib","TheSurvivalist","Unceasing Turn Reminder","Weighted Paths","everything is the same but u backflip on backflip"],"gold_per_floor":[113,113,113,144,157,157,184,184,219,219,95,121,136,136,136,237,237,254,274,291,306,306,306,306,231,268,268,301,377,377,392,392,493,493,503,519,519,533,545,577,577,577,622,622,146,176,176,186,186,186,186],"floor_reached":50,"language":"ENG","playtime":2328,"items_purged":["Regret","survmod:Strike"],"score":576,"play_id":"575940a4-d843-4a28-8e66-29f3fd5b8559","local_time":"20210127031548","is_ascension_mode":false,"campfire_choices":[{"data":"survmod:TwinShot","floor":6,"key":"SMITH"},{"data":"survmod:QuickDash","floor":8,"key":"SMITH"},{"floor":10,"key":"REST"},{"data":"survmod:GoForFace","floor":15,"key":"SMITH"},{"floor":23,"key":"REST"},{"floor":27,"key":"REST"},{"floor":30,"key":"REST"},{"floor":32,"key":"REST"},{"floor":41,"key":"REST"},{"data":"survmod:GoForFace","floor":49,"key":"SMITH"}],"circlet_count":0,"master_deck":["survmod:Defend+1","survmod:Defend","survmod:Defend","survmod:Defend+1","survmod:VersatileOffense+1","survmod:Sprint","survmod:SimpleMutation","survmod:TwinShot+1","survmod:QuickDash+1","survmod:GoForFace+1","survmod:ChokingBow","survmod:GoForFace+1","survmod:PiercingShot","survmod:GoForFace+1","Necronomicurse","survmod:FocusedFire","survmod:EmptyQuiver","survmod:OverwhelmingAssault+1","survmod:SwiftKick","survmod:TwinShot+1","survmod:OverwhelmingAssault","survmod:ComplexMutation","Writhe"],"relics":["survmod:AdvancedEvolution","NeowsBlessing","survmod:SharpenedDagger","Bottled Flame","Nunchaku","PreservedInsect","Necronomicon","Mummified Hand","StrikeDummy","White Beast Statue","Sozu","StoneCalendar","Oddly Smooth Stone","War Paint","OrangePellets","CaptainsWheel"],"acts_visited":["Exordium","TheCity","TheBeyond"],"potions_floor_usage":[7,16,21,28],"damage_taken":[{"damage":0,"enemies":"Jaw Worm","floor":1,"turns":1},{"damage":4,"enemies":"Small Slimes","floor":4,"turns":2},{"damage":0,"enemies":"Small Slimes","floor":5,"turns":1},{"damage":17,"enemies":"3 Sentries","floor":7,"turns":7},{"damage":7,"enemies":"Cultist","floor":9,"turns":5},{"damage":0,"enemies":"Gremlin Nob","floor":12,"turns":4},{"damage":0,"enemies":"Cultist","floor":13,"turns":2},{"damage":8,"enemies":"Slime Boss","floor":16,"turns":9},{"damage":15,"enemies":"3 Byrds","floor":18,"turns":6},{"damage":6,"enemies":"Spheric Guardian","floor":19,"turns":4},{"damage":8,"enemies":"Snake Plant","floor":20,"turns":5},{"damage":11,"enemies":"Cultist and Chosen","floor":21,"turns":5},{"damage":0,"enemies":"Chosen and Byrds","floor":26,"turns":4},{"damage":9,"enemies":"Book of Stabbing","floor":28,"turns":3},{"damage":7,"enemies":"Chosen and Byrds","floor":31,"turns":5},{"damage":5,"enemies":"Collector","floor":33,"turns":8},{"damage":0,"enemies":"3 Shapes","floor":35,"turns":4},{"damage":8,"enemies":"Orb Walker","floor":36,"turns":4},{"damage":7,"enemies":"Spire Growth","floor":38,"turns":5},{"damage":14,"enemies":"4 Shapes","floor":39,"turns":4},{"damage":14,"enemies":"Nemesis","floor":40,"turns":5},{"damage":22,"enemies":"Giant Head","floor":46,"turns":7},{"damage":4,"enemies":"Maw","floor":48,"turns":6},{"damage":25,"enemies":"Awakened One","floor":50,"turns":8}],"seed_played":"-911576363746851777","potions_obtained":[{"floor":1,"key":"SneckoOil"},{"floor":13,"key":"SkillPotion"},{"floor":16,"key":"Dexterity Potion"},{"floor":20,"key":"AttackPotion"},{"floor":21,"key":"Weak Potion"},{"floor":31,"key":"FairyPotion"},{"floor":33,"key":"EssenceOfSteel"}],"is_trial":false,"path_per_floor":["M","?","?","MIM","M","R","E","R","MIM","R","$","E","M","?","R","B",null,"M","M","M","M","?","R","?","?","MIM","R","E","T","R","M","R","B",null,"M","M","?","M","M","E","R","?","T","?","$","E","?","M","R","B"],"character_chosen":"THE_SURVIVOR","items_purchased":["survmod:GoForFace","War Paint","survmod:OverwhelmingAssault","OrangePellets"],"campfire_rested":6,"item_purchase_floors":[11,45,45,45],"current_hp_per_floor":[50,50,50,46,46,46,29,29,22,37,37,37,37,37,37,29,50,35,29,21,10,10,25,9,9,9,24,15,15,30,23,38,33,50,50,42,42,35,21,7,22,22,22,22,22,15,28,24,24,0,0],"gold":186,"neow_bonus":"THREE_ENEMY_KILL","is_daily":false,"chose_seed":false,"campfire_upgraded":4,"win_rate":0.0,"timestamp":1611738948,"path_taken":["M","?","?","?","M","R","E","R","MIM","R","$","E","?","?","R","BOSS","M","?","M","M","?","R","?","?","MIM","R","E","?","R","M","R","BOSS","M","M","?","?","M","E","R","?","T","?","$","E","?","M","R","BOSS"],"items_purchased_type":["Card","Relic","Card","Relic"],"build_version":"2020-12-22","purchased_purges":2,"victory":false,"max_hp_per_floor":[50,50,50,50,50,50,50,50,50,50,50,50,50,50,50,50,50,50,50,50,50,50,50,50,50,50,50,50,50,50,50,50,50,50,50,50,50,50,50,50,50,50,50,50,50,50,50,50,50,50,50],"relic_stats":{"Sozu":7,"OrangePellets":[3],"Nunchaku":[17],"counters":[24,109],"Mummified Hand":[53],"StoneCalendar":[34],"PreservedInsect":212,"Necronomicon":[38],"War Paint":["survmod:Defend","survmod:Defend"],"obtain_stats":[{"NeowsBlessing":0,"Oddly Smooth Stone":43,"StoneCalendar":40,"PreservedInsect":12,"survmod:SharpenedDagger":2,"War Paint":45,"White Beast Statue":29,"Sozu":34,"OrangePellets":45,"Bottled Flame":7,"Nunchaku":9,"CaptainsWheel":46,"Mummified Hand":26,"Necronomicon":24,"survmod:AdvancedEvolution":17,"survmod:InnateMutation":0,"StrikeDummy":28},{"NeowsBlessing":0,"Oddly Smooth Stone":21,"StoneCalendar":21,"PreservedInsect":6,"survmod:SharpenedDagger":1,"War Paint":21,"White Beast Statue":14,"Sozu":16,"OrangePellets":21,"Bottled Flame":4,"Nunchaku":5,"CaptainsWheel":22,"Mummified Hand":13,"Necronomicon":12,"survmod:AdvancedEvolution":8,"survmod:InnateMutation":0,"StrikeDummy":14},{"NeowsBlessing":0,"Oddly Smooth Stone":88,"StoneCalendar":88,"PreservedInsect":20,"survmod:SharpenedDagger":1,"War Paint":88,"White Beast Statue":56,"Sozu":68,"OrangePellets":88,"Bottled Flame":11,"Nunchaku":16,"CaptainsWheel":95,"Mummified Hand":53,"Necronomicon":49,"survmod:AdvancedEvolution":31,"survmod:InnateMutation":0,"StrikeDummy":56}]},"card_choices":[{"not_picked":["survmod:BearTrap","survmod:FindCover"],"picked":"survmod:SimpleMutation","floor":1},{"not_picked":["survmod:HiddenTactic","survmod:AimForTheLiver"],"picked":"survmod:TwinShot","floor":4},{"not_picked":["survmod:FlashbangTrap","survmod:ShrapnelTraps","survmod:FindCover"],"picked":"SKIP","floor":5},{"not_picked":["survmod:SurpriseTrap","survmod:ExplosiveTrap"],"picked":"survmod:QuickDash","floor":7},{"not_picked":["survmod:BearTrap","survmod:QuickDash","survmod:NockAnArrow"],"picked":"SKIP","floor":12},{"not_picked":["survmod:PersonalMark","survmod:MarkedFromAfar","survmod:Hawkeye"],"picked":"SKIP","floor":13},{"not_picked":["survmod:Heartseeker","survmod:Detonation"],"picked":"survmod:ChokingBow","floor":16},{"not_picked":["survmod:PinningSnipe+1","survmod:FenceTrap+1"],"picked":"survmod:GoForFace","floor":18},{"not_picked":["survmod:MarkedShot","survmod:MarkTrap"],"picked":"survmod:PiercingShot","floor":19},{"not_picked":["survmod:ExpertSniper","survmod:UnfortunateEscape","survmod:BearTrap+1"],"picked":"SKIP","floor":20},{"not_picked":["survmod:FenceTrap+1","survmod:QuickThinking+1"],"picked":"survmod:GoForFace+1","floor":21},{"not_picked":["survmod:PiercingShot","survmod:WalledOffTraps"],"picked":"survmod:QuickThinking+1","floor":26},{"not_picked":["survmod:RejectWeakness","survmod:TwinShot"],"picked":"survmod:FocusedFire","floor":28},{"not_picked":["survmod:MarkedFromAfar","survmod:QuickThinking","survmod:RejectWeakness"],"picked":"SKIP","floor":31},{"not_picked":["survmod:RobFromTheRich","survmod:MarkedForDeath"],"picked":"survmod:EmptyQuiver","floor":33},{"not_picked":["survmod:QuickThinking+1","survmod:PiercingShot"],"picked":"survmod:OverwhelmingAssault+1","floor":35},{"not_picked":["survmod:MarkedShot+1","survmod:LongShot+1","survmod:AcidTrap"],"picked":"SKIP","floor":36},{"not_picked":["survmod:PenetratingShot+1","survmod:NockAnArrow+1"],"picked":"survmod:SwiftKick","floor":38},{"not_picked":["survmod:FindCover","survmod:AimForTheLiver+1","survmod:FlashbangShot"],"picked":"SKIP","floor":39},{"not_picked":["survmod:Adaptability+1","survmod:Marksmanship"],"picked":"survmod:TwinShot+1","floor":40},{"not_picked":["survmod:SwiftKick","survmod:OverwhelmingAssault+1"],"picked":"survmod:ComplexMutation","floor":46},{"not_picked":["survmod:FenceTrap","survmod:DuckAndFlare","survmod:AcidTrap"],"picked":"SKIP","floor":48}],"player_experience":877179,"relics_obtained":[{"floor":7,"key":"Bottled Flame"},{"floor":9,"key":"Nunchaku"},{"floor":12,"key":"PreservedInsect"},{"floor":24,"key":"Necronomicon"},{"floor":26,"key":"Mummified Hand"},{"floor":28,"key":"StrikeDummy"},{"floor":29,"key":"White Beast Statue"},{"floor":40,"key":"StoneCalendar"},{"floor":43,"key":"Oddly Smooth Stone"},{"floor":46,"key":"CaptainsWheel"}],"event_choices":[{"damage_healed":0,"gold_gain":0,"player_choice":"Box","damage_taken":0,"relics_obtained":["survmod:SharpenedDagger"],"max_hp_gain":0,"max_hp_loss":0,"event_name":"Big Fish","floor":2,"gold_loss":0,"cards_obtained":["Regret"]},{"damage_healed":0,"gold_gain":0,"player_choice":"Grow","damage_taken":0,"max_hp_gain":0,"max_hp_loss":0,"event_name":"Living Wall","floor":3,"gold_loss":0,"cards_upgraded":["survmod:VersatileOffense"]},{"damage_healed":0,"gold_gain":0,"player_choice":"Ignored","damage_taken":0,"max_hp_gain":0,"max_hp_loss":0,"event_name":"betterNote:BetterNote","floor":14,"gold_loss":0,"cards_obtained":["Neutralize"]},{"cards_removed":["survmod:Strike"],"damage_healed":0,"gold_gain":0,"player_choice":"Elegance","damage_taken":0,"max_hp_gain":0,"max_hp_loss":0,"event_name":"betterThird:BetterWriting","floor":22,"gold_loss":0},{"damage_healed":0,"gold_gain":0,"player_choice":"Obtained Book","damage_taken":16,"max_hp_gain":0,"max_hp_loss":0,"event_name":"Cursed Tome","floor":24,"gold_loss":0},{"cards_removed":["survmod:Strike"],"damage_healed":0,"gold_gain":0,"player_choice":"Gave Gold","damage_taken":0,"max_hp_gain":0,"max_hp_loss":0,"event_name":"Beggar","floor":25,"gold_loss":75},{"cards_removed":["survmod:Strike"],"damage_healed":0,"gold_gain":0,"player_choice":"Purged","damage_taken":0,"max_hp_gain":0,"max_hp_loss":0,"event_name":"Purifier","floor":37,"gold_loss":0},{"cards_removed":["survmod:QuickThinking"],"damage_healed":0,"gold_gain":0,"player_choice":"Removed Skill","damage_taken":0,"max_hp_gain":0,"max_hp_loss":0,"event_name":"Falling","floor":42,"gold_loss":0},{"damage_healed":0,"gold_gain":0,"player_choice":"Ignored","damage_taken":0,"max_hp_gain":0,"max_hp_loss":0,"event_name":"The Moai Head","floor":44,"gold_loss":0},{"damage_healed":13,"gold_gain":0,"player_choice":"Writhe","damage_taken":0,"max_hp_gain":0,"max_hp_loss":0,"event_name":"Winding Halls","floor":47,"gold_loss":0,"cards_obtained":["Writhe"]}],"is_beta":false,"boss_relics":[{"not_picked":["Tiny House","Empty Cage"],"picked":"survmod:AdvancedEvolution"},{"not_picked":["SacredBark","Astrolabe"],"picked":"Sozu"}],"items_purged_floors":[11,45],"is_endless":false,"potions_floor_spawned":[1,13,16,20,21,31,33,35,36,38,39,40,46,48],"killed_by":"Awakened One","ascension_level":0}}