{"host":"sav7uxregyirlf69","time":1611760159,"event":{"mods":["AchievementEnabler","BaseMod","Colored Map","DeckTracker","Keyboard Shortcuts","Minty Spire (QoL Compilation)","READ ME - Guardian Mod","StSLib","SuperFastMode"],"gold_per_floor":[114,114,128,128,52,52,77,77,77,77,115,135,135,60,60,159,159,172,186,76,101,1,1,22,22,49,68,93,106,106,145,145,145,145],"floor_reached":33,"language":"KOR","playtime":503,"items_purged":["Strike_R","Defend_R"],"score":534,"play_id":"6af8a682-b278-455c-9d80-de8431627d0e","local_time":"20210128000919","is_ascension_mode":true,"campfire_choices":[{"data":"Whirlwind","floor":6,"key":"SMITH"},{"data":"Flex","floor":8,"key":"SMITH"},{"data":"Evolve","floor":10,"key":"SMITH"},{"data":"Fire Breathing","floor":13,"key":"SMITH"},{"data":"Fire Breathing","floor":15,"key":"SMITH"},{"data":"Power Through","floor":23,"key":"SMITH"},{"data":"True Grit","floor":25,"key":"SMITH"},{"floor":30,"key":"REST"},{"floor":32,"key":"REST"}],"circlet_count":0,"master_deck":["AscendersBane","Strike_R+1","Strike_R+1","Strike_R","Defend_R+1","Defend_R+1","Defend_R+1","Bash","Flex+1","Whirlwind+1","Evolve+1","Ghostly Armor","Fire Breathing+1","Fire Breathing+1","Power Through+1","True Grit+1","Shrug It Off"],"relics":["Burning Blood","War Paint","Golden Idol","Centennial Puzzle","Mark of Pain","Tiny Chest","Frozen Egg 2"],"acts_visited":["Exordium","TheCity"],"potions_floor_usage":[11,16,27,31,33],"damage_taken":[{"damage":0,"enemies":"2 Louse","floor":1,"turns":4},{"damage":8,"enemies":"Small Slimes","floor":3,"turns":5},{"damage":0,"enemies":"Cultist","floor":7,"turns":3},{"damage":26,"enemies":"3 Sentries","floor":11,"turns":7},{"damage":0,"enemies":"Red Slaver","floor":12,"turns":4},{"damage":25,"enemies":"Slime Boss","floor":16,"turns":6},{"damage":1,"enemies":"Spheric Guardian","floor":18,"turns":3},{"damage":9,"enemies":"2 Thieves","floor":19,"turns":4},{"damage":24,"enemies":"Snake Plant","floor":21,"turns":3},{"damage":8,"enemies":"Centurion and Healer","floor":24,"turns":4},{"damage":31,"enemies":"Chosen and Byrds","floor":27,"turns":3},{"damage":15,"enemies":"Snake Plant","floor":28,"turns":4},{"damage":0,"enemies":"3 Cultists","floor":29,"turns":3},{"damage":30,"enemies":"Gremlin Leader","floor":31,"turns":7},{"damage":42,"enemies":"Champ","floor":33,"turns":7}],"seed_played":"4884748075588803734","potions_obtained":[{"floor":3,"key":"ColorlessPotion"},{"floor":7,"key":"BloodPotion"},{"floor":16,"key":"Dexterity Potion"},{"floor":19,"key":"SteroidPotion"},{"floor":24,"key":"SkillPotion"},{"floor":27,"key":"Explosive Potion"},{"floor":31,"key":"Fire Potion"}],"is_trial":false,"path_per_floor":["M","?","M","?","$","R","M","R","T","R","E","M","R","$","R","B",null,"M","M","?","M","$","R","M","R","T","M","M","M","R","E","R","B"],"character_chosen":"IRONCLAD","items_purchased":["Evolve"],"campfire_rested":2,"item_purchase_floors":[5],"current_hp_per_floor":[74,48,46,23,23,23,29,29,29,29,9,15,15,15,15,11,59,64,61,61,43,43,43,41,41,41,16,7,13,35,11,33,0,0],"gold":145,"neow_bonus":"RANDOM_COMMON_RELIC","is_daily":false,"chose_seed":false,"campfire_upgraded":7,"win_rate":0.0,"timestamp":1611760159,"path_taken":["M","?","M","?","$","R","M","R","T","R","E","M","R","$","R","BOSS","M","M","?","?","?","R","?","R","T","M","M","M","R","E","R","BOSS"],"items_purchased_type":["Card"],"build_version":"2020-12-22","purchased_purges":2,"victory":false,"max_hp_per_floor":[75,75,75,75,75,75,75,75,75,75,75,75,75,75,75,75,75,75,75,75,75,75,75,75,75,75,75,75,75,75,75,75,75,75],"card_choices":[{"not_picked":["Cleave","Dual Wield"],"picked":"Flex","floor":1},{"not_picked":["Shrug It Off","Body Slam"],"picked":"Whirlwind","floor":3},{"not_picked":["Perfected Strike","Infernal Blade"],"picked":"Ghostly Armor","floor":7},{"not_picked":["Cleave","Uppercut"],"picked":"Fire Breathing","floor":11},{"not_picked":["Inflame","Berserk"],"picked":"Fire Breathing","floor":12},{"not_picked":["Carnage","Infernal Blade","Uppercut"],"picked":"SKIP","floor":18},{"not_picked":["Perfected Strike","Clash","Pommel Strike+1"],"picked":"SKIP","floor":19},{"not_picked":["Feel No Pain","Flex+1"],"picked":"Power Through","floor":21},{"not_picked":["Thunderclap+1","Sentinel"],"picked":"True Grit","floor":24},{"not_picked":["Havoc","Uppercut","Clothesline"],"picked":"SKIP","floor":27},{"not_picked":["Sword Boomerang","Dual Wield","Flex"],"picked":"SKIP","floor":28},{"not_picked":["Exhume","Perfected Strike","Clash"],"picked":"SKIP","floor":29},{"not_picked":["Headbutt","Heavy Blade"],"picked":"Shrug It Off","floor":31}],"player_experience":1404372,"relics_obtained":[{"floor":11,"key":"Centennial Puzzle"},{"floor":26,"key":"Tiny Chest"},{"floor":31,"key":"Frozen Egg 2"}],"event_choices":[{"damage_healed":0,"gold_gain":0,"player_choice":"Take Damage","damage_taken":26,"relics_obtained":["Golden Idol"],"max_hp_gain":0,"max_hp_loss":0,"event_name":"Golden Idol","floor":2,"gold_loss":0},{"damage_healed":0,"gold_gain":0,"player_choice":"Entered Light","damage_taken":23,"max_hp_gain":0,"max_hp_loss":0,"event_name":"Shining Light","floor":4,"gold_loss":0,"cards_upgraded":["Strike_R","Defend_R"]},{"cards_removed":["Strike_R"],"damage_healed":0,"gold_gain":0,"player_choice":"Upgrade and Remove","damage_taken":0,"max_hp_gain":0,"max_hp_loss":0,"event_name":"Designer","floor":20,"gold_loss":110,"cards_upgraded":["Strike_R"]}],"is_beta":false,"boss_relics":[{"not_picked":["Tiny House","Empty Cage"],"picked":"Mark of Pain"}],"items_purged_floors":[14,22],"is_endless":false,"potions_floor_spawned":[3,7,16,19,24,27,31],"killed_by":"Champ","ascension_level":20}}