{"host":"vyiqbz5w606ur92t","time":1611717307,"event":{"mods":["BaseMod","Downfall","Minty Spire (QoL Compilation)","StSLib"],"gold_per_floor":[99,115,132,132,57,57,81,112,126,226,251,267,300,312,324,421,421,371,388,488,505,340,370,670,683,683,712,727,739,589,689,704,800,800,750,766,778,798,900,920,946,832,634,699,731,804,871,905,655,655,655,687,244,194,194,194],"floor_reached":57,"language":"ENG","playtime":7267,"items_purged":["Slimebound:Chomp","Slimebound:LeadByExample","Slimebound:Tackle"],"score":1547,"play_id":"0fff36a0-a2de-4db1-98ed-aa549d0bf78d","local_time":"20210127031507","is_ascension_mode":true,"campfire_choices":[{"data":"Slimebound:Split","floor":1,"key":"SMITH"},{"floor":18,"key":"RECALL"},{"data":"Slimebound:MassFeed","floor":30,"key":"SMITH"},{"data":"Slimebound:CheckThePlaybook","floor":35,"key":"SMITH"},{"data":"Slimebound:LevelUp","floor":49,"key":"SMITH"},{"data":"Slimebound:LevelUp","floor":54,"key":"SMITH"}],"circlet_count":0,"master_deck":["Slimebound:Strike_Slimebound","Slimebound:Defend_Slimebound","Slimebound:Defend_Slimebound","Slimebound:Defend_Slimebound","Slimebound:Defend_Slimebound","Slimebound:Split+1","Slimebound:CorrosiveSpit","Slimebound:LeechEnergy","Slimebound:SplitSpecialist","Slimebound:Equalize","Slimebound:SplitSpecialist","Slimebound:LivingWall","Slimebound:DisruptingSlam","Slimebound:Teamwork","CurseOfTheBell","Slimebound:Repurpose+1","Slimebound:CheckThePlaybook+1","J.A.X.","Slimebound:GoopSpray","Slimebound:HauntingLick+1","Slimebound:Gluttony+1","Slimebound:Schlurp","Slimebound:MassFeed+1","Slimebound:ComboTackle","Slimebound:PressTheAttack+1","Slimebound:TongueLash+1","Slimebound:SlimeTap+1","Slimebound:GoopSpray+1","Slimebound:LeadByExample+1","Slimebound:Prepare+1","Slimebound:LevelUp+1","Slimebound:SlimeBarrage+1","Slimebound:RallyTheTroops","Slimebound:LevelUp+1","Slimebound:SlimeBarrage+1","Slimebound:SlimeTap+1","Panache"],"relics":["Slimebound:AbsorbEndCombat","TungstenRod","Slimebound:GreedOozeRelic","downfall:ShatteredFragment","Lantern","Bag of Preparation","Blood Vial","Oddly Smooth Stone","Calling Bell","Pen Nib","Ornamental Fan","Bird Faced Urn","MutagenicStrength","ClockworkSouvenir","StrikeDummy","Old Coin","StoneCalendar","downfall:HeartBlessingRed","downfall:CloakOfManyFaces","CultistMask","FaceOfCleric","NlothsMask","GremlinMask","SsserpentHead","SacredBark","Prayer Wheel","Membership Card","Gremlin Horn","Letter Opener","Medical Kit","Strawberry","Slimebound:MaxSlimesRelic","Anchor","downfall:HeartBlessingBlue","downfall:HeartBlessingGreen","Centennial Puzzle","Toolbox","Bottled Tornado","Vajra"],"acts_visited":["Exordium","TheCity","TheBeyond","TheEnding"],"potions_floor_usage":[13,15,22,32,32,44,50,56,56,56],"damage_taken":[{"damage":0,"enemies":"Small Slimes","floor":2,"turns":3},{"damage":0,"enemies":"2 Louse","floor":3,"turns":2},{"damage":9,"enemies":"Gremlin Nob","floor":8,"turns":3},{"damage":1,"enemies":"Jaw Worm","floor":9,"turns":3},{"damage":10,"enemies":"3 Sentries","floor":11,"turns":7},{"damage":6,"enemies":"Large Slime","floor":12,"turns":6},{"damage":15,"enemies":"Gremlin Nob","floor":13,"turns":3},{"damage":1,"enemies":"Exordium Thugs","floor":14,"turns":3},{"damage":0,"enemies":"Lots of Slimes","floor":15,"turns":2},{"damage":33,"enemies":"DF_ARCHETYPE_STREAMLINE","floor":16,"turns":8},{"damage":2,"enemies":"Chosen","floor":19,"turns":5},{"damage":5,"enemies":"downfall:Augmenter","floor":20,"turns":6},{"damage":2,"enemies":"Spheric Guardian","floor":21,"turns":3},{"damage":10,"enemies":"downfall:FleeingMerchant","floor":22,"turns":4},{"damage":0,"enemies":"Book of Stabbing","floor":23,"turns":2},{"damage":7,"enemies":"Shelled Parasite and Fungi","floor":25,"turns":2},{"damage":11,"enemies":"Gremlin Leader","floor":27,"turns":5},{"damage":7,"enemies":"Snake Plant","floor":28,"turns":3},{"damage":7,"enemies":"Centurion and Healer","floor":29,"turns":5},{"damage":9,"enemies":"downfall:FaceTrader","floor":31,"turns":3},{"damage":6,"enemies":"Shelled Parasite and Fungi","floor":32,"turns":2},{"damage":18,"enemies":"WA_ARCHETYPE_CALM","floor":33,"turns":5},{"damage":26,"enemies":"3 Darklings","floor":36,"turns":5},{"damage":9,"enemies":"3 Shapes","floor":37,"turns":4},{"damage":6,"enemies":"Transient","floor":38,"turns":5},{"damage":22,"enemies":"2 Orb Walkers","floor":39,"turns":3},{"damage":18,"enemies":"Writhing Mass","floor":40,"turns":5},{"damage":4,"enemies":"downfall:FleeingMerchant","floor":42,"turns":3},{"damage":18,"enemies":"Spire Growth","floor":44,"turns":2},{"damage":12,"enemies":"Giant Head","floor":45,"turns":5},{"damage":7,"enemies":"Maw","floor":47,"turns":3},{"damage":18,"enemies":"Reptomancer","floor":48,"turns":4},{"damage":13,"enemies":"SI_POISON_ARCHETYPE","floor":50,"turns":3},{"damage":34,"enemies":"downfall:CharBossMerchant","floor":52,"turns":5},{"damage":30,"enemies":"downfall:NeowBoss","floor":55,"turns":9},{"damage":98,"enemies":"downfall:NeowBossFinal","floor":56,"turns":8}],"seed_played":"-7306066238259875240","potions_obtained":[{"floor":8,"key":"Dexterity Potion"},{"floor":9,"key":"BlessingOfTheForge"},{"floor":11,"key":"Strength Potion"},{"floor":15,"key":"AttackPotion"},{"floor":19,"key":"Swift Potion"},{"floor":23,"key":"AttackPotion"},{"floor":33,"key":"ColorlessPotion"},{"floor":37,"key":"Guardian:BlockOnCardUsePotion"},{"floor":39,"key":"SpeedPotion"},{"floor":40,"key":"champ:CounterPotion"},{"floor":47,"key":"DuplicationPotion"}],"is_trial":false,"path_per_floor":["R","M","M","?","?","?","T","E","M","?","E","M","E","M","M","B",null,"R","M","?","M","$","E","T","M","?","E","M","M","R","?","M","B",null,"R","M","M","M","?","M","T","$","$","M","E","T","M","E","R","B",null,"E","$","R","B","B",null],"character_chosen":"SLIMEBOUND","items_purchased":["ClockworkSouvenir","Membership Card","Slimebound:LevelUp","Gremlin Horn","Letter Opener","Medical Kit","Strawberry","Toolbox","Bottled Tornado","Vajra","Panache","PowerPotion"],"campfire_rested":0,"item_purchase_floors":[22,42,42,42,42,43,43,53,53,53,53,53],"current_hp_per_floor":[59,59,59,59,59,42,42,37,42,42,40,50,43,58,59,36,59,59,57,59,59,59,59,59,59,59,52,59,59,59,59,54,49,61,61,50,52,62,53,56,56,71,78,63,66,66,82,80,90,89,97,78,78,78,79,6],"gold":194,"neow_bonus":"ONE_RARE_RELIC","is_daily":false,"chose_seed":false,"campfire_upgraded":5,"win_rate":0.0,"timestamp":1611717307,"path_taken":["R","M","M","?","?","?","T","E","M","?","E","?","E","M","M","BOSS","R","M","?","M","$","E","T","M","?","E","M","M","R","?","M","BOSS","R","M","M","M","?","M","T","?","$","?","E","?","?","E","R","BOSS","E","$","R","BOSS","BOSS"],"items_purchased_type":["Relic","Relic","Card","Relic","Relic","Relic","Relic","Relic","Relic","Relic","Card","Potion"],"build_version":"2020-12-22","purchased_purges":3,"victory":true,"max_hp_per_floor":[59,59,59,59,59,59,59,59,59,59,59,59,59,59,59,59,59,59,59,59,59,59,59,59,59,59,59,59,59,59,59,60,61,61,61,62,63,64,65,70,70,71,78,79,80,80,85,86,96,97,97,98,98,98,99,100],"card_choices":[{"not_picked":["Slimebound:RainOfGoop","Slimebound:SplitBruiser"],"picked":"Slimebound:LeechEnergy","floor":2},{"not_picked":["Slimebound:GoopTackle","Slimebound:RainOfGoop"],"picked":"Slimebound:SplitSpecialist","floor":3},{"not_picked":["Slimebound:Dissolve","Slimebound:ComboTackle"],"picked":"Slimebound:Equalize","floor":8},{"not_picked":["Slimebound:RollThrough","Slimebound:SlimeSpikes"],"picked":"Slimebound:SplitSpecialist","floor":9},{"not_picked":["Slimebound:Grow","Slimebound:SamplingLick"],"picked":"Slimebound:LivingWall","floor":11},{"not_picked":["Slimebound:HauntingLick","Slimebound:Grow","Slimebound:LeechEnergy"],"picked":"SKIP","floor":12},{"not_picked":["Slimebound:DivideAndConquer","Slimebound:Grow"],"picked":"Slimebound:DisruptingSlam","floor":13},{"not_picked":["Slimebound:SlimeSpikes","Slimebound:LivingWall","Slimebound:Chomp"],"picked":"SKIP","floor":14},{"not_picked":["Slimebound:SplitLeeching","Slimebound:ForwardTackle"],"picked":"Slimebound:LeadByExample","floor":15},{"not_picked":["Slimebound:SelfFormingGoo","Slimebound:RallyTheTroops"],"picked":"Slimebound:Teamwork","floor":16},{"not_picked":["Slimebound:FinishingTackle","Slimebound:SlimeSpikes"],"picked":"Slimebound:Repurpose+1","floor":19},{"not_picked":[],"picked":"J.A.X.","floor":20},{"not_picked":["Slimebound:SplitMire","Slimebound:SplitLeeching"],"picked":"Slimebound:GoopSpray","floor":20},{"not_picked":["Slimebound:FinishingTackle+1","Slimebound:SplitLeeching"],"picked":"Slimebound:HauntingLick+1","floor":21},{"not_picked":["Slimebound:SplitLeeching","Slimebound:GoopSpray"],"picked":"Slimebound:Gluttony+1","floor":22},{"not_picked":["Slimebound:RejuvenatingLick","Slimebound:FinishingTackle"],"picked":"Slimebound:Schlurp","floor":23},{"not_picked":["Slimebound:Replication","Slimebound:Dissolve","Slimebound:LeechEnergy"],"picked":"SKIP","floor":25},{"not_picked":["Slimebound:ServeAndProtect","Slimebound:SlimeSpikes"],"picked":"Slimebound:MassFeed","floor":27},{"not_picked":["Slimebound:Equalize","Slimebound:GoopTackle"],"picked":"Slimebound:ComboTackle","floor":28},{"not_picked":["Slimebound:SamplingLick","Slimebound:Grow+1"],"picked":"Slimebound:PressTheAttack+1","floor":29},{"not_picked":["Slimebound:ForwardTackle","Slimebound:MinionMaster"],"picked":"Slimebound:TongueLash+1","floor":31},{"not_picked":["Slimebound:ComboTackle","Slimebound:FinishingTackle","Slimebound:SplitBruiser"],"picked":"SKIP","floor":32},{"not_picked":["Slimebound:SplitAcid","Slimebound:FlameTackle"],"picked":"Slimebound:SlimeTap+1","floor":36},{"not_picked":["Slimebound:Grow+1","Slimebound:LivingWall"],"picked":"Slimebound:GoopSpray+1","floor":37},{"not_picked":["Slimebound:HauntingLick","Slimebound:FinishingTackle","Slimebound:ItLooksTasty+1"],"picked":"SKIP","floor":38},{"not_picked":["Slimebound:Prepare+1","Slimebound:RejuvenatingLick+1"],"picked":"Slimebound:LeadByExample+1","floor":39},{"not_picked":["Slimebound:ViciousTackle+1","Slimebound:ComboTackle"],"picked":"Slimebound:Prepare+1","floor":40},{"not_picked":["Slimebound:OozeBath","Slimebound:PressTheAttack","Slimebound:ForwardTackle"],"picked":"SKIP","floor":40},{"not_picked":["Slimebound:GoopSpray+1","Slimebound:SplitBruiser","Slimebound:AcidTongue+1"],"picked":"SKIP","floor":42},{"not_picked":["Slimebound:FinishingTackle","Slimebound:RollThrough"],"picked":"Slimebound:SlimeBarrage+1","floor":44},{"not_picked":["Slimebound:DouseInSlime","Slimebound:MegaLick","Slimebound:SlimeSpikes+1"],"picked":"SKIP","floor":44},{"not_picked":["Slimebound:Schlurp","Slimebound:Recollect"],"picked":"Slimebound:RallyTheTroops","floor":45},{"not_picked":["Slimebound:TongueLash","Slimebound:FinishingTackle+1"],"picked":"Slimebound:LevelUp","floor":47},{"not_picked":["Slimebound:LivingWall","Slimebound:SplitSpecialist","Slimebound:GoopTackle"],"picked":"SKIP","floor":47},{"not_picked":["Slimebound:BestDefense+1","Slimebound:GrowthPunch"],"picked":"Slimebound:SlimeBarrage+1","floor":48},{"not_picked":["Slimebound:BestDefense+1","Slimebound:OneTwoCombo"],"picked":"Slimebound:SlimeTap+1","floor":52}],"player_experience":1095797,"relics_obtained":[{"floor":7,"key":"Lantern"},{"floor":8,"key":"Bag of Preparation"},{"floor":11,"key":"Blood Vial"},{"floor":13,"key":"Oddly Smooth Stone"},{"floor":17,"key":"Pen Nib"},{"floor":17,"key":"Ornamental Fan"},{"floor":17,"key":"Bird Faced Urn"},{"floor":20,"key":"MutagenicStrength"},{"floor":23,"key":"StrikeDummy"},{"floor":24,"key":"Old Coin"},{"floor":27,"key":"StoneCalendar"},{"floor":31,"key":"downfall:CloakOfManyFaces"},{"floor":39,"key":"Prayer Wheel"},{"floor":45,"key":"Slimebound:MaxSlimesRelic"},{"floor":48,"key":"Anchor"},{"floor":52,"key":"Centennial Puzzle"}],"event_choices":[{"damage_healed":0,"gold_gain":0,"player_choice":"Fight","damage_taken":0,"max_hp_gain":0,"max_hp_loss":0,"event_name":"Mysterious Sphere","floor":39,"gold_loss":0}],"is_beta":false,"boss_relics":[{"not_picked":["Snecko Eye","Empty Cage"],"picked":"Calling Bell"},{"not_picked":["Runic Dome","Velvet Choker"],"picked":"SacredBark"}],"items_purged_floors":[42,43,53],"is_endless":false,"potions_floor_spawned":[8,9,11,15,19,20,23,25,27,29,33,37,39,40,47,48],"ascension_level":3}}