{"host":"15f3wpiimhe5yrng","time":1611780676,"event":{"mods":["100% Spire Juice","2.2 Compatiblity","BaseMod","Bestiary","Better Altar","Better Match","Better Note","Better Sensory Stone","Better Skull","Better Third Choice","Colored Map","Colored Powertips","Downfall","Good Game Mod","Marisa????????","Minty Spire (QoL Compilation)","Monster B Gone","Permanent Neow","Relic Filter","SacredBarkPlus","Spicy Shops","Spire Arcade","StSLib","The Animator","The Marked","The Servant 0.9.4","TheSwordswoman","Weighted Paths"],"gold_per_floor":[114,124,124,140,156,156,191,214,214,214,214,234,234,246,246,346,346,366,383,383,383,129,164,164,439,439,453,463,463,488,498,498,594,594,609,629,645,59,59,59,73,73,73,83,109,125,158,175,175,175],"floor_reached":51,"language":"ENG","playtime":3170,"items_purged":["Defend_S"],"score":826,"play_id":"3d6f081c-a573-4212-a876-fc0ccc317cad","local_time":"20210127215116","is_ascension_mode":false,"campfire_choices":[{"data":"DoubleEdge","floor":6,"key":"SMITH"},{"data":"Contraction","floor":11,"key":"SMITH"},{"floor":13,"key":"REST"},{"data":"KidneyShot","floor":15,"key":"SMITH"},{"data":"1","floor":24,"key":"LIFT"},{"data":"2","floor":29,"key":"LIFT"},{"data":"3","floor":32,"key":"LIFT"},{"floor":40,"key":"RECALL"},{"data":"MoonPhase","floor":42,"key":"SMITH"},{"floor":49,"key":"REST"}],"circlet_count":0,"master_deck":["Strike_S+1","Defend_S","Defend_S","KidneyShot+1","Exchange+1","Metamorphosis+1","DoubleEdge+1","StarChef","Contraction+1","BottledTime","Luminosity","Sabotage+1","Spin+1","SoulSculpture+1","Defy+1","LessonLearned+1","Unruled+1","DoubleEdge+1","Sabotage+1","Regret","Unruled+1","Ricochet+1","DoubleEdge+1","Rearm+1","Solidify","MoonPhase+1","MoonPhase","Defy+1","SoulSculpture+1","Starlight+1","LightFlow+1"],"relics":["Uniform","REME:ComplimentaryCards","Ornamental Fan","Odd Mushroom","Molten Egg 2","Empty Cage","Blue Candle","Girya","Mango","Orichalcum","Ancient Tea Set","MysterySword","Pocketwatch","Sling","Mummified Hand","The Courier","Blood Vial"],"acts_visited":["Exordium","TheCity","TheBeyond"],"potions_floor_usage":[4,7,14,16,16,16,37,50],"damage_taken":[{"damage":0,"enemies":"2 Louse","floor":1,"turns":3},{"damage":0,"enemies":"Cultist","floor":2,"turns":3},{"damage":1,"enemies":"Jaw Worm","floor":4,"turns":3},{"damage":3,"enemies":"Blue Slaver","floor":5,"turns":3},{"damage":41,"enemies":"Lagavulin","floor":7,"turns":4},{"damage":14,"enemies":"The Mushroom Lair","floor":8,"turns":3},{"damage":1,"enemies":"Red Slaver","floor":12,"turns":5},{"damage":11,"enemies":"Gremlin Gang","floor":14,"turns":4},{"damage":5,"enemies":"Slime Boss","floor":16,"turns":9},{"damage":0,"enemies":"3 Byrds","floor":18,"turns":6},{"damage":0,"enemies":"Spheric Guardian","floor":19,"turns":4},{"damage":14,"enemies":"Book of Stabbing","floor":23,"turns":4},{"damage":1,"enemies":"Shelled Parasite and Fungi","floor":27,"turns":4},{"damage":1,"enemies":"Sentry and Sphere","floor":28,"turns":4},{"damage":14,"enemies":"Slavers","floor":30,"turns":9},{"damage":8,"enemies":"Snecko","floor":31,"turns":5},{"damage":0,"enemies":"Champ","floor":33,"turns":7},{"damage":15,"enemies":"3 Shapes","floor":35,"turns":2},{"damage":7,"enemies":"Orb Walker","floor":36,"turns":3},{"damage":17,"enemies":"4 Shapes","floor":37,"turns":4},{"damage":27,"enemies":"3 Darklings","floor":41,"turns":3},{"damage":7,"enemies":"Transient","floor":44,"turns":5},{"damage":0,"enemies":"Nemesis","floor":45,"turns":4},{"damage":0,"enemies":"Jaw Worm Horde","floor":46,"turns":4},{"damage":8,"enemies":"Giant Head","floor":47,"turns":5},{"damage":0,"enemies":"3 Darklings","floor":48,"turns":3},{"damage":7,"enemies":"Awakened One","floor":50,"turns":10}],"seed_played":"-3337700281111805411","potions_obtained":[{"floor":2,"key":"Block Potion"},{"floor":5,"key":"AttackPotion"},{"floor":8,"key":"champ:CounterPotion"},{"floor":10,"key":"Explosive Potion"},{"floor":10,"key":"Fire Potion"},{"floor":14,"key":"champ:CounterPotion"},{"floor":18,"key":"Energy Potion"},{"floor":23,"key":"Regen Potion"},{"floor":41,"key":"EssenceOfSteel"},{"floor":48,"key":"Regen Potion"}],"is_trial":false,"path_per_floor":["M","M","?","M","M","R","E","?","T","?","R","M","R","M","R","B",null,"M","M","?","?","$","E","R","?","T","M","M","R","E","M","R","B",null,"M","M","M","$","?","R","M","R","T","M","E","M","E","M","R","B",null],"character_chosen":"THE_SERVANT","items_purchased":["Unruled+1","DoubleEdge+1","Girya","MoonPhase","Defy","Pocketwatch","Sling"],"campfire_rested":2,"item_purchase_floors":[22,22,22,38,38,38,38],"current_hp_per_floor":[65,65,65,64,61,61,20,6,6,6,6,5,24,13,13,8,65,65,65,65,60,60,60,60,60,60,59,58,58,44,36,36,36,79,64,57,52,52,52,52,25,25,25,18,18,18,10,12,35,45],"gold":175,"neow_bonus":"UPGRADE_CARD","is_daily":false,"chose_seed":false,"campfire_upgraded":4,"win_rate":0.0,"timestamp":1611780676,"path_taken":["M","M","?","M","?","R","E","?","T","?","R","?","R","?","R","BOSS","M","M","?","?","$","E","R","?","T","M","M","R","E","M","R","BOSS","M","?","M","$","?","R","?","R","T","M","E","M","E","M","R","BOSS"],"items_purchased_type":["Card","Card","Relic","Card","Card","Relic","Relic"],"build_version":"2020-12-22","purchased_purges":1,"victory":true,"max_hp_per_floor":[65,65,65,65,65,65,65,65,65,65,65,65,65,65,65,65,65,65,65,65,65,65,79,79,79,79,79,79,79,79,79,79,79,79,79,79,79,79,79,79,79,79,79,79,79,79,79,79,79,79],"card_choices":[{"not_picked":["Collapse","SurpressingFire"],"picked":"DoubleEdge","floor":1},{"not_picked":["Rewind","Potential"],"picked":"StarChef","floor":2},{"not_picked":["Rewind","TimeWarp"],"picked":"Contraction","floor":4},{"not_picked":["Desolation","Read"],"picked":"BottledTime","floor":5},{"not_picked":["Snipe","Revamp","GearUp"],"picked":"SKIP","floor":7},{"not_picked":["ReturningBlade","Potential"],"picked":"Luminosity","floor":8},{"not_picked":["FanOfKnives+1","Gouge+1"],"picked":"Sabotage+1","floor":12},{"not_picked":["TimeWarp+1","Revamp"],"picked":"Spin+1","floor":14},{"not_picked":["ForgedInTime","Solidify"],"picked":"SoulSculpture+1","floor":16},{"not_picked":["Potential+1","FanOfKnives+1","Revamp+1"],"picked":"SKIP","floor":18},{"not_picked":["BestPractice","Spin+1"],"picked":"Defy","floor":19},{"not_picked":["Moonlight+1","Revamp+1"],"picked":"Sabotage+1","floor":23},{"not_picked":["Starlight+1","Snipe+1"],"picked":"Unruled+1","floor":27},{"not_picked":["FastForward","StarChef"],"picked":"Ricochet+1","floor":28},{"not_picked":["Unruled+1","TimeWarp+1"],"picked":"DoubleEdge+1","floor":30},{"not_picked":["FastForward","Contraction"],"picked":"Rearm+1","floor":31},{"not_picked":["ForgedInTime","Deny"],"picked":"Solidify","floor":33},{"not_picked":["Desolation+1","Ricochet+1","ShiftingGears+1"],"picked":"SKIP","floor":35},{"not_picked":["RealityMarble","ShatteredReality+1"],"picked":"MoonPhase","floor":36},{"not_picked":["Gouge+1","TimeWarp+1","BestPractice+1"],"picked":"SKIP","floor":37},{"not_picked":["Revamp","DualDimension+1","Replace"],"picked":"SKIP","floor":41},{"not_picked":["FastForward+1","Unruled+1","Luminosity+1"],"picked":"SKIP","floor":44},{"not_picked":["ShatteredReality+1","Ricochet+1","Misdirection"],"picked":"SKIP","floor":45},{"not_picked":["TimeWarp+1","Potential+1"],"picked":"Starlight+1","floor":46},{"not_picked":["Deny","Unruled+1"],"picked":"LightFlow+1","floor":47},{"not_picked":["ShiftingGears","Potential+1","TimeWarp+1"],"picked":"SKIP","floor":48}],"player_experience":187494,"relics_obtained":[{"floor":7,"key":"Ornamental Fan"},{"floor":8,"key":"Odd Mushroom"},{"floor":9,"key":"Molten Egg 2"},{"floor":23,"key":"Mango"},{"floor":26,"key":"Orichalcum"},{"floor":30,"key":"Ancient Tea Set"},{"floor":43,"key":"Mummified Hand"},{"floor":45,"key":"The Courier"},{"floor":47,"key":"Blood Vial"}],"event_choices":[{"cards_removed":["Strike_S"],"damage_healed":0,"gold_gain":0,"player_choice":"Offered Basic","damage_taken":0,"max_hp_gain":0,"max_hp_loss":0,"event_name":"Bonfire Elementals","floor":3,"gold_loss":0},{"damage_healed":0,"gold_gain":0,"player_choice":"Fought Mushrooms","damage_taken":0,"max_hp_gain":0,"max_hp_loss":0,"event_name":"Mushrooms","floor":8,"gold_loss":0},{"damage_healed":0,"gold_gain":0,"player_choice":"Got Potions","damage_taken":0,"max_hp_gain":0,"max_hp_loss":0,"event_name":"Lab","floor":10,"gold_loss":0},{"cards_removed":["SoulSculpture"],"damage_healed":0,"gold_gain":0,"player_choice":"Take \u0026 Give","damage_taken":0,"max_hp_gain":0,"max_hp_loss":0,"event_name":"betterNote:BetterNote","floor":20,"gold_loss":0,"cards_obtained":["LessonLearned"]},{"damage_healed":0,"gold_gain":275,"player_choice":"Desecrate","damage_taken":0,"max_hp_gain":0,"max_hp_loss":0,"event_name":"Golden Shrine","floor":25,"gold_loss":0,"cards_obtained":["Regret"]},{"damage_healed":0,"gold_gain":0,"cards_transformed":["Defend_S"],"player_choice":"Transformed","damage_taken":0,"max_hp_gain":0,"max_hp_loss":0,"event_name":"Transmorgrifier","floor":39,"gold_loss":0,"cards_obtained":["SoulSculpture"]}],"is_beta":false,"boss_relics":[{"not_picked":["SacredBark","Cursed Key"],"picked":"Empty Cage"},{"not_picked":["Busted Crown","Snecko Eye"],"picked":"MysterySword"}],"items_purged_floors":[22],"is_endless":false,"potions_floor_spawned":[2,5,8,14,18,23,30,35,36,41,46,48],"ascension_level":0}}