{"host":"f0dbpmn0khgeoqc0","time":1611767706,"event":{"mods":["2.2 Compatiblity","AchievementEnabler","Act Like it!","Ascension Unlocker","Aspiration","BaseMod","Better Altar","Better Match","Better Sensory Stone","Better Skull","Better Third Choice","BetterRewards","Block Reminder","Colored Map","Colored Powertips","Conspire","DNKmod","Disable Question Mark Monsters","Displayed Cursed Tome","Downfall","Evolution","Friendly Minions","Hermit","Highlight Path","Humility","Infinite Spire","Jorbs\u0027s Wanderer Trilogy","Koishi","Marisa????????","Minty Spire (QoL Compilation)","MostiFishMod","Permanent Neow","Random Character Button","Relic Filter","Relic Stats","Replay The Spire","Spicy Shops","Spire Arcade","StSLib","Td1madao Mod","The Gatherer","Treasure Hunter","Wandering Minibosses","??????REMEMod"],"gold_per_floor":[133,180,201,201,272,303,303,303,355,355,355,355,355,375,375,454,454,473,473,273,291,308,344,366,366,414,414,437,387,387,387,387,467,467,501,501,519,542,562,562,601,601,601,611,647,668,693,736,933,961,968,968,968,912,950,956],"floor_reached":57,"language":"ENG","playtime":3679,"items_purged":["stsjorbsmod:Strike_Wanderer","stsjorbsmod:Defend_Wanderer"],"score":3639,"play_id":"91343d8c-b017-41d4-afbf-cb5140801a03","local_time":"20210127121506","is_ascension_mode":true,"campfire_choices":[{"data":"stsjorbsmod:OldPocket","floor":7.0,"key":"SMITH"},{"data":"stsjorbsmod:Toil","floor":10.0,"key":"SMITH"},{"data":"TH:CursedSword","floor":13.0,"key":"SMITH"},{"data":"TH:ElvenBoots","floor":15.0,"key":"SMITH"},{"floor":25.0,"key":"REST"},{"data":"MostiFishMod:PerfectForm","floor":30.0,"key":"SMITH"},{"data":"stsjorbsmod:Prestidigitation","floor":32.0,"key":"SMITH"},{"data":"stsjorbsmod:Fireball","floor":40,"key":"SMITH"},{"data":"stsjorbsmod:GatherPower","floor":42,"key":"SMITH"},{"data":"stsjorbsmod:Stalwart","floor":53,"key":"SMITH"}],"circlet_count":0,"master_deck":["AscendersBane","stsjorbsmod:ForbiddenGrimoire+1","stsjorbsmod:Strike_Wanderer+1","stsjorbsmod:Strike_Wanderer+1","stsjorbsmod:Strike_Wanderer","stsjorbsmod:Defend_Wanderer+1","stsjorbsmod:Defend_Wanderer+1","stsjorbsmod:Defend_Wanderer+1","stsjorbsmod:FreshAdventure","stsjorbsmod:EyeOfTheStorm","stsjorbsmod:Toil+1","stsjorbsmod:ChainLightning+1","stsjorbsmod:OldPocket+1","stsjorbsmod:ArcaneWeapon+1","stsjorbsmod:FlameWard","TH:CursedSword+1","stsjorbsmod:Hibernate+1","TH:TreasureMap+1","stsjorbsmod:ArcaneWeapon","TH:ElvenBoots+1","stsjorbsmod:ArcaneWeapon+1","TH:CursedSword","stsjorbsmod:GatherPower+1","stsjorbsmod:SmithingStrike+1","MostiFishMod:PerfectForm+1","stsjorbsmod:Prestidigitation+1","stsjorbsmod:ArcaneWeapon","TH:CursedSword+1","stsjorbsmod:MageArmor+1","TH:DeckOfManyThings","Ghostly","Ghostly+1","Ghostly","stsjorbsmod:MageArmor+1","conspire:SpireCoStock","TH:CursedSword","stsjorbsmod:Fireball+1","wanderingMiniBosses:FinaleOfPromise+1","stsjorbsmod:Entangle","stsjorbsmod:TinyHut","TH:CursedSword","stsjorbsmod:GatherPower+1","TH:CopperCoins","TH:CopperCoins","stsjorbsmod:Stalwart+1","stsjorbsmod:Inferno","stsjorbsmod:ArcaneWeapon","TH:PixieDust","stsjorbsmod:GatherPower"],"relics":["stsjorbsmod:GrimoireRelic","EVO:Axolotl","DaveBox","REME_ComplimentaryCards","BionicSphere","conspire:TreasureMap","Singing Bowl","BargainBundle","SynthV:TestCard","Whetstone","White Beast Statue","Orichalcum","infinitespire:WardingShard","aspiration:SeaSaltIceCream","NeowsBlessing","Black Star","Question Card","Centennial Puzzle","Replay:Ringing Soul","ChiXiaoBlade","conspire:Boomerang","Ring of Chaos","wanderingMiniBosses:Blackblade","War Paint","conspire:TopHat","Bag of Marbles","Omamori","Toy Ornithopter","aspiration:HiddenCompartment","stsjorbsmod:BottledMemoryRelic"],"acts_visited":["Exordium","TheCity","TheBeyond","TheEnding"],"potions_floor_usage":[44,50,50,56],"damage_taken":[{"damage":0.0,"enemies":"Cultist","floor":1.0,"turns":3.0},{"damage":0.0,"enemies":"2 Louse","floor":3.0,"turns":3.0},{"damage":10.0,"enemies":"3 Sentries","floor":6.0,"turns":6.0},{"damage":0.0,"enemies":"conspire:RoseBush","floor":14.0,"turns":3.0},{"damage":0.0,"enemies":"Fading Forest","floor":16.0,"turns":4.0},{"damage":0.0,"enemies":"conspire:FuzzyDice","floor":18.0,"turns":4.0},{"damage":0.0,"enemies":"Spheric Guardian","floor":21.0,"turns":6.0},{"damage":7.0,"enemies":"Cultist and Chosen","floor":22.0,"turns":5.0},{"damage":34.0,"enemies":"Gremlin Leader","floor":23.0,"turns":5.0},{"damage":0.0,"enemies":"conspire:HollyBat","floor":24.0,"turns":6.0},{"damage":12.0,"enemies":"Shelled Parasite and Fungi","floor":28.0,"turns":7.0},{"damage":6.0,"enemies":"Automaton","floor":33.0,"turns":7.0},{"damage":0,"enemies":"3 Shapes","floor":35,"turns":5},{"damage":0,"enemies":"Orb Walker","floor":37,"turns":3},{"damage":0,"enemies":"Transient","floor":38,"turns":6},{"damage":0,"enemies":"4 Shapes","floor":39,"turns":2},{"damage":0,"enemies":"R_Hoarder","floor":41,"turns":5},{"damage":0,"enemies":"3 Darklings","floor":44,"turns":1},{"damage":10,"enemies":"Nemesis","floor":45,"turns":6},{"damage":0,"enemies":"Spire Growth","floor":46,"turns":4},{"damage":0,"enemies":"Jaw Worm Horde","floor":47,"turns":4},{"damage":0,"enemies":"Transient","floor":48,"turns":7},{"damage":18,"enemies":"Awakened One","floor":50,"turns":7},{"damage":0,"enemies":"Donu and Deca","floor":51,"turns":7},{"damage":13,"enemies":"Shield and Spear","floor":55,"turns":5},{"damage":44,"enemies":"The Heart","floor":56,"turns":10}],"seed_played":"1996962514631652444","potions_obtained":[{"floor":1.0,"key":"stsjorbsmod:BurningPotion"},{"floor":6.0,"key":"bronze:BurnAndBuffPotion"},{"floor":14.0,"key":"champ:CounterPotion"},{"floor":16.0,"key":"stsjorbsmod:LiquidVirtue"},{"floor":21.0,"key":"stsjorbsmod:DimensionDoorPotion"},{"floor":33.0,"key":"Slimebound:ThreeZeroPotion"},{"floor":44,"key":"REME_GoldPotion"},{"floor":45,"key":"Explosive Potion"},{"floor":55,"key":"Languid Potion"}],"is_trial":false,"path_per_floor":["M","T","M","?","?","E","R","?","T","R","?","?","R","M","R","B",null,"M","?","$","M","M","E","M","R","T","?","M","?","R","AVR","R","B",null,"M","$","M","M","M","R","E","R","T","M","E","M","M","M","R_BF","B","B",null,"R","$","E","B",null],"character_chosen":"WANDERER","items_purchased":["conspire:TreasureMap","Singing Bowl","BargainBundle","stsjorbsmod:ChainLightning","stsjorbsmod:OldPocket","stsjorbsmod:ArcaneWeapon","MostiFishMod:PerfectForm","stsjorbsmod:ArcaneWeapon"],"campfire_rested":1,"item_purchase_floors":[0,0,0,0,0,0,20,54],"current_hp_per_floor":[59,59,60,60,60,51,51,51,51,51,51,32,32,33,33,33,56,56,56,56,57,51,22,23,42,45,37,28,31,31,31,31,29,42,48,48,53,56,59,59,62,62,65,67,65,69,74,76,53,45,45,73,73,76,67,28],"gold":956,"neow_bonus":"","is_daily":false,"chose_seed":false,"campfire_upgraded":9,"win_rate":0.0,"timestamp":1611767706,"path_taken":["M","?","M","?","?","E","R","?","T","R","?","?","R","M","R","BOSS","M","?","$","?","M","E","M","R","T","?","M","?","R","AVR","R","BOSS","M","$","M","M","M","R","E","R","T","M","E","M","M","M","R_BF","BOSS","BOSS","R","$","E","BOSS"],"items_purchased_type":["Relic","Relic","Relic","Card","Card","Card","Card","Card"],"build_version":"2020-12-22","purchased_purges":2,"victory":true,"max_hp_per_floor":[64,64,64,64,64,64,64,64,64,64,64,64,64,64,64,64,64,64,64,64,64,64,66,66,66,69,37,40,43,43,43,43,46,46,51,51,54,56,59,59,62,62,65,67,72,74,77,79,82,82,82,82,82,85,88,88],"relic_stats":{"Centennial Puzzle":[18],"Singing Bowl":14,"counters":[149,660],"Black Star":4,"Whetstone":["stsjorbsmod:Strike_Wanderer","stsjorbsmod:ChainLightning"],"Orichalcum":[60],"War Paint":["stsjorbsmod:MageArmor","Ghostly"],"Question Card":34,"obtain_stats":[{"Whetstone":12,"Boot":19,"Sling":38,"Old Coin":0,"Replay:Ringing Soul":17,"conspire:GlowingRock":41,"Sundial":34,"MealTicket":10,"Replay:Wax Seal":0,"aspiration:Headhunter":30,"DianDianMeat":0,"Cola":33,"conspire:TreasureMap":0,"Pear":6,"Eternal Feather":45,"Pen Nib":41,"REME_LimitBreaker":31,"Akabeko":0,"EGODaCapo":3,"MutagenicStrength":19,"BionicSphere":17,"Pandora\u0027s Box":17,"aspiration:Lifesprig":54,"Lantern":41,"TH:Anvil":0,"DaveBox":0,"Singing Bowl":9,"DianPoetry":8,"wanderingMiniBosses:AbyssPearl":35,"Ancient Tea Set":47,"Smiling Mask":13,"Cursed Key":2,"Replay:Rubber Ducky":26,"Matryoshka":19,"infinitespire:Bottled Soul":27,"WingedGreaves":34,"Chemical X":21,"InkBottle":42,"aspiration:ChemicalBlood":25,"NeowsBlessing":0,"Damaru":9,"The Courier":35,"Omamori":48,"Geode":26,"infinitespire:CheckeredPen":50,"Frozen Egg 2":0,"GoldenEye":6,"HaiYi:Twilight":19,"Ornamental Fan":46,"Bloody Idol":20,"Orrery":0,"REME_HandOfSuture":34,"Turnip":51,"Bottled Lightning":43,"Apod":8,"conspire:DeflatedDodgeball":44,"Toy Ornithopter":33,"REME_ComplimentaryCards":0,"infinitespire:Freezer":2,"aspiration:Stellarator":45,"CeramicFish":24,"TH:Strongbox":0,"Runic Capacitor":0,"EVO:Axolotl":0,"Raider\u0027s Mask":39,"Sozu":17,"Centennial Puzzle":8,"HornCleat":0,"infinitespire:SolderingIron":0,"GuanYuAspect":17,"Philosopher\u0027s Stone":34,"Toxic Egg 2":0,"Girya":50,"stsjorbsmod:BottledMemoryRelic":55,"wanderingMiniBosses:ThiefScarf":30,"Happy Flower":7,"wanderingMiniBosses:MasterThiefsPresence":24,"stsjorbsmod:GrimoireRelic":17,"conspire:SlowCooker":48,"infinitespire:Beetle Shell":55,"Ring of Chaos":34,"conspire:Boomerang":31,"aspiration:SeaSaltIceCream":6,"Letter Opener":9,"War Paint":13,"Question Card":23,"aspiration:HiddenCompartment":55,"Bottled Flame":28,"wanderingMiniBosses:Blackblade":35,"Shuriken":35,"Bronze Scales":26,"ChiXiaoBlade":38,"Molten Egg 2":43,"Simple Rune":37,"infinitespire:EmpoweringShard":46,"ReplayTheSpireMod:TigerMarble":10,"Black Star":17,"xbg":17,"Symbiotic Virus":10,"NlothsMask":2,"Iron Core":14,"bronze:BronzeCore":0,"MostiFishMod:Haymaker":6,"Juzu Bracelet":0,"TeardropLocket":0,"Empty Cage":34,"conspire:TopHat":41,"ClockworkSouvenir":37,"Replay:Bandana":9,"Mummified Hand":27,"Red Mask":20,"Cracked Core":2,"BargainBundle":29,"aspiration:RunicSpoon":51,"ShadowXiaoBlade":17,"infinitespire:FocusingShard":31,"aspiration:HummingbirdHeart":48,"Orichalcum":37,"White Beast Statue":47,"Calling Bell":34,"Anchor":19,"DataDisk":26,"SynthV:TestCard":1,"infinitespire:WardingShard":9,"wanderingMiniBosses:CarrionFlame":35,"ChewingGum":17,"Bag of Marbles":39,"Membership Card":0,"REME_CardOfGreed":39,"aspiration:RitualDagger":47,"TungstenRod":12,"FossilizedHelix":31},{"Whetstone":23,"Boot":9,"Sling":11,"Old Coin":0,"Replay:Ringing Soul":128,"conspire:GlowingRock":60,"Sundial":59,"MealTicket":22,"Replay:Wax Seal":67,"aspiration:Headhunter":97,"DianDianMeat":98,"Cola":58,"conspire:TreasureMap":123,"Pear":3,"Eternal Feather":61,"Pen Nib":12,"REME_LimitBreaker":57,"Akabeko":16,"EGODaCapo":100,"MutagenicStrength":27,"BionicSphere":128,"Pandora\u0027s Box":50,"aspiration:Lifesprig":41,"Lantern":60,"TH:Anvil":84,"DaveBox":0,"Singing Bowl":72,"DianPoetry":48,"wanderingMiniBosses:AbyssPearl":115,"Ancient Tea Set":14,"Smiling Mask":24,"Cursed Key":85,"Replay:Rubber Ducky":110,"Matryoshka":93,"infinitespire:Bottled Soul":97,"WingedGreaves":59,"Chemical X":78,"InkBottle":118,"aspiration:ChemicalBlood":110,"NeowsBlessing":0,"Damaru":21,"The Courier":59,"Omamori":39,"Geode":96,"infinitespire:CheckeredPen":65,"Frozen Egg 2":43,"GoldenEye":20,"HaiYi:Twilight":9,"Ornamental Fan":62,"Bloody Idol":107,"Orrery":16,"REME_HandOfSuture":59,"Turnip":66,"Bottled Lightning":12,"Apod":48,"conspire:DeflatedDodgeball":13,"Toy Ornithopter":58,"REME_ComplimentaryCards":0,"infinitespire:Freezer":99,"aspiration:Stellarator":61,"CeramicFish":96,"TH:Strongbox":43,"Runic Capacitor":67,"EVO:Axolotl":0,"Raider\u0027s Mask":116,"Sozu":8,"Centennial Puzzle":4,"HornCleat":67,"infinitespire:SolderingIron":98,"GuanYuAspect":76,"Philosopher\u0027s Stone":32,"Toxic Egg 2":43,"Girya":65,"stsjorbsmod:BottledMemoryRelic":148,"wanderingMiniBosses:ThiefScarf":57,"Happy Flower":102,"wanderingMiniBosses:MasterThiefsPresence":80,"stsjorbsmod:GrimoireRelic":128,"conspire:SlowCooker":39,"infinitespire:Beetle Shell":42,"Ring of Chaos":135,"conspire:Boomerang":134,"aspiration:SeaSaltIceCream":3,"Letter Opener":88,"War Paint":49,"Question Card":132,"aspiration:HiddenCompartment":148,"Bottled Flame":112,"wanderingMiniBosses:Blackblade":136,"Shuriken":59,"Bronze Scales":55,"ChiXiaoBlade":11,"Molten Egg 2":37,"Simple Rune":115,"infinitespire:EmpoweringShard":62,"ReplayTheSpireMod:TigerMarble":103,"Black Star":128,"xbg":91,"Symbiotic Virus":89,"NlothsMask":85,"Iron Core":90,"bronze:BronzeCore":0,"MostiFishMod:Haymaker":47,"Juzu Bracelet":16,"TeardropLocket":16,"Empty Cage":114,"conspire:TopHat":140,"ClockworkSouvenir":34,"Replay:Bandana":102,"Mummified Hand":55,"Red Mask":53,"Cracked Core":85,"BargainBundle":112,"aspiration:RunicSpoon":66,"ShadowXiaoBlade":26,"infinitespire:FocusingShard":58,"aspiration:HummingbirdHeart":65,"Orichalcum":34,"White Beast Statue":63,"Calling Bell":59,"Anchor":52,"DataDisk":96,"SynthV:TestCard":1,"infinitespire:WardingShard":4,"wanderingMiniBosses:CarrionFlame":33,"ChewingGum":105,"Bag of Marbles":60,"Membership Card":43,"REME_CardOfGreed":60,"aspiration:RitualDagger":63,"TungstenRod":23,"FossilizedHelix":57},{"Whetstone":85,"Boot":32,"Sling":47,"Old Coin":0,"Replay:Ringing Soul":548,"conspire:GlowingRock":219,"Sundial":217,"MealTicket":83,"Replay:Wax Seal":256,"aspiration:Headhunter":395,"DianDianMeat":398,"Cola":210,"conspire:TreasureMap":529,"Pear":3,"Eternal Feather":224,"Pen Nib":52,"REME_LimitBreaker":206,"Akabeko":68,"EGODaCapo":403,"MutagenicStrength":101,"BionicSphere":548,"Pandora\u0027s Box":179,"aspiration:Lifesprig":141,"Lantern":219,"TH:Anvil":332,"DaveBox":0,"Singing Bowl":269,"DianPoetry":164,"wanderingMiniBosses:AbyssPearl":475,"Ancient Tea Set":58,"Smiling Mask":88,"Cursed Key":335,"Replay:Rubber Ducky":451,"Matryoshka":377,"infinitespire:Bottled Soul":395,"WingedGreaves":217,"Chemical X":300,"InkBottle":492,"aspiration:ChemicalBlood":451,"NeowsBlessing":0,"Damaru":80,"The Courier":217,"Omamori":136,"Geode":391,"infinitespire:CheckeredPen":243,"Frozen Egg 2":146,"GoldenEye":78,"HaiYi:Twilight":32,"Ornamental Fan":228,"Bloody Idol":435,"Orrery":68,"REME_HandOfSuture":217,"Turnip":250,"Bottled Lightning":52,"Apod":164,"conspire:DeflatedDodgeball":55,"Toy Ornithopter":210,"REME_ComplimentaryCards":0,"infinitespire:Freezer":400,"aspiration:Stellarator":224,"CeramicFish":391,"TH:Strongbox":146,"Runic Capacitor":256,"EVO:Axolotl":0,"Raider\u0027s Mask":480,"Sozu":27,"Centennial Puzzle":6,"HornCleat":256,"infinitespire:SolderingIron":398,"GuanYuAspect":293,"Philosopher\u0027s Stone":117,"Toxic Egg 2":146,"Girya":243,"stsjorbsmod:BottledMemoryRelic":650,"wanderingMiniBosses:ThiefScarf":206,"Happy Flower":410,"wanderingMiniBosses:MasterThiefsPresence":312,"stsjorbsmod:GrimoireRelic":548,"conspire:SlowCooker":136,"infinitespire:Beetle Shell":144,"Ring of Chaos":588,"conspire:Boomerang":581,"aspiration:SeaSaltIceCream":3,"Letter Opener":345,"War Paint":171,"Question Card":568,"aspiration:HiddenCompartment":650,"Bottled Flame":459,"wanderingMiniBosses:Blackblade":593,"Shuriken":217,"Bronze Scales":195,"ChiXiaoBlade":47,"Molten Egg 2":130,"Simple Rune":475,"infinitespire:EmpoweringShard":228,"ReplayTheSpireMod:TigerMarble":415,"Black Star":548,"xbg":365,"Symbiotic Virus":351,"NlothsMask":335,"Iron Core":357,"bronze:BronzeCore":0,"MostiFishMod:Haymaker":163,"Juzu Bracelet":68,"TeardropLocket":68,"Empty Cage":470,"conspire:TopHat":609,"ClockworkSouvenir":123,"Replay:Bandana":410,"Mummified Hand":195,"Red Mask":188,"Cracked Core":335,"BargainBundle":459,"aspiration:RunicSpoon":250,"ShadowXiaoBlade":97,"infinitespire:FocusingShard":210,"aspiration:HummingbirdHeart":243,"Orichalcum":123,"White Beast Statue":235,"Calling Bell":217,"Anchor":186,"DataDisk":391,"SynthV:TestCard":1,"infinitespire:WardingShard":6,"wanderingMiniBosses:CarrionFlame":121,"ChewingGum":427,"Bag of Marbles":219,"Membership Card":146,"REME_CardOfGreed":219,"aspiration:RitualDagger":235,"TungstenRod":85,"FossilizedHelix":206}],"Toy Ornithopter":15},"card_choices":[{"not_picked":["stsjorbsmod:Prepare","stsjorbsmod:OldPocket"],"picked":"stsjorbsmod:FlameWard","floor":1.0},{"not_picked":["TH:DeckOfManyThings","TH:ElvenBoots","TH:TreasureMap"],"picked":"TH:CursedSword","floor":2.0},{"not_picked":["stsjorbsmod:BurningFlask","stsjorbsmod:ChainLightning","stsjorbsmod:DisguiseSelf","stsjorbsmod:SchoolsOfMagic"],"picked":"stsjorbsmod:Hibernate","floor":3.0},{"not_picked":["TH:EnergyPotion","TH:Mimic","TH:BikiniMail"],"picked":"TH:TreasureMap","floor":6.0},{"not_picked":["stsjorbsmod:MagicMirror","stsjorbsmod:Firebolt","stsjorbsmod:Rest","stsjorbsmod:MirrorImage"],"picked":"stsjorbsmod:ArcaneWeapon","floor":6.0},{"not_picked":["TH:PixieDust","TH:DeckOfManyThings","TH:EnergyPotion"],"picked":"TH:ElvenBoots","floor":9.0},{"not_picked":["stsjorbsmod:Channel","stsjorbsmod:DoubleCheck","stsjorbsmod:ColorSpray","stsjorbsmod:FracturedMind"],"picked":"stsjorbsmod:ArcaneWeapon","floor":14.0},{"not_picked":["TH:TreasureMap","TH:EnergyPotion","TH:Mimic"],"picked":"TH:CursedSword","floor":16.0},{"not_picked":["stsjorbsmod:IvoryTower","stsjorbsmod:CorrodingBarrier","stsjorbsmod:Trauma","stsjorbsmod:Banish"],"picked":"stsjorbsmod:GatherPower","floor":16.0},{"not_picked":["stsjorbsmod:ArcaneWeapon+1","stsjorbsmod:MistyStep","stsjorbsmod:Inferno","stsjorbsmod:Aid"],"picked":"stsjorbsmod:SmithingStrike","floor":18.0},{"not_picked":["stsjorbsmod:DisguiseSelf","stsjorbsmod:ChainLightning","stsjorbsmod:Message","stsjorbsmod:Channel"],"picked":"stsjorbsmod:Prestidigitation","floor":21.0},{"not_picked":["stsjorbsmod:FindFamiliar","stsjorbsmod:Channel","stsjorbsmod:HedgeWizard","stsjorbsmod:Entangle"],"picked":"stsjorbsmod:ArcaneWeapon","floor":22.0},{"not_picked":["TH:ArmorSpikes","TH:Mimic","TH:CopperCoins"],"picked":"TH:CursedSword","floor":23.0},{"not_picked":["stsjorbsmod:Thorns","stsjorbsmod:FlameWard","stsjorbsmod:Prepare","stsjorbsmod:Materialize","stsjorbsmod:Firebolt+1"],"picked":"Singing Bowl","floor":23.0},{"not_picked":["stsjorbsmod:Firebolt","stsjorbsmod:BlackTentacles","stsjorbsmod:Materialize","stsjorbsmod:IvoryTower","stsjorbsmod:UnseenServant"],"picked":"stsjorbsmod:MageArmor","floor":24.0},{"not_picked":["TH:ArmorSpikes","TH:ElvenBoots","TH:Mimic","TH:EnergyPotion"],"picked":"TH:DeckOfManyThings","floor":26.0},{"not_picked":["stsjorbsmod:Patron","stsjorbsmod:Hurt+1","stsjorbsmod:Message+1","stsjorbsmod:Introspection","stsjorbsmod:Aid"],"picked":"stsjorbsmod:MageArmor","floor":28.0},{"not_picked":["TH:BikiniMail","TH:ElvenBoots","TH:TreasureMap","TH:Mimic"],"picked":"TH:CursedSword","floor":33.0},{"not_picked":["stsjorbsmod:Withdraw","stsjorbsmod:Rediscovery","stsjorbsmod:Banish","stsjorbsmod:CorrodingBarrier","stsjorbsmod:Feast"],"picked":"stsjorbsmod:Fireball","floor":33.0},{"not_picked":[],"picked":"wanderingMiniBosses:FinaleOfPromise","floor":35},{"not_picked":["stsjorbsmod:Message","stsjorbsmod:BlackTentacles","stsjorbsmod:DisguiseSelf","stsjorbsmod:BurningFlask","stsjorbsmod:DoubleCheck","stsjorbsmod:Mania"],"picked":"Singing Bowl","floor":35},{"not_picked":["stsjorbsmod:Prepare","stsjorbsmod:DoubleCheck","stsjorbsmod:TollTheDead","stsjorbsmod:Index","stsjorbsmod:Aid"],"picked":"stsjorbsmod:Entangle","floor":37},{"not_picked":["stsjorbsmod:BlackTentacles","stsjorbsmod:Index","stsjorbsmod:LoseGrip+1","stsjorbsmod:Hibernate+1","stsjorbsmod:Mindworm","stsjorbsmod:Firebolt"],"picked":"Singing Bowl","floor":38},{"not_picked":["stsjorbsmod:ParryingBlow+1","stsjorbsmod:SchoolsOfMagic","stsjorbsmod:Mending","stsjorbsmod:MagicMirror","stsjorbsmod:TrueStrike"],"picked":"stsjorbsmod:TinyHut","floor":39},{"not_picked":["TH:DeckOfManyThings","TH:PixieDust","TH:ElvenBoots","TH:ArmorSpikes"],"picked":"TH:CursedSword","floor":41},{"not_picked":["stsjorbsmod:Will+1","stsjorbsmod:Index","stsjorbsmod:SmithingStrike","stsjorbsmod:FracturedMind","stsjorbsmod:ParryingBlow"],"picked":"stsjorbsmod:GatherPower","floor":41},{"not_picked":["TH:PixieDust","TH:Mimic","TH:DeckOfManyThings","TH:TreasureMap"],"picked":"TH:CopperCoins","floor":43},{"not_picked":["stsjorbsmod:Prepare+1","stsjorbsmod:BurningFlask","stsjorbsmod:ChatteringStrike","stsjorbsmod:MistyStep","stsjorbsmod:Hurt","stsjorbsmod:ParryingBlow"],"picked":"Singing Bowl","floor":44},{"not_picked":["TH:ElvenBoots","TH:TreasureMap","TH:BikiniMail","TH:EnergyPotion"],"picked":"TH:CopperCoins","floor":45},{"not_picked":["stsjorbsmod:ChainLightning","stsjorbsmod:Rest","stsjorbsmod:FranticSearch","stsjorbsmod:TinyHut+1","stsjorbsmod:Aid+1","stsjorbsmod:Prestidigitation+1"],"picked":"Singing Bowl","floor":45},{"not_picked":["stsjorbsmod:MageArmor","stsjorbsmod:UnseenServant","stsjorbsmod:LoseGrip+1","stsjorbsmod:Prestidigitation","stsjorbsmod:Counterspell","stsjorbsmod:ColorSpray"],"picked":"Singing Bowl","floor":46},{"not_picked":["stsjorbsmod:Hurt+1","stsjorbsmod:Index","stsjorbsmod:MagicMirror","stsjorbsmod:Feast","stsjorbsmod:ParryingBlow+1"],"picked":"stsjorbsmod:Stalwart","floor":47},{"not_picked":["stsjorbsmod:Aid","stsjorbsmod:Message","stsjorbsmod:Introspection","stsjorbsmod:Mending","stsjorbsmod:RayOfFrost","stsjorbsmod:Firebolt"],"picked":"Singing Bowl","floor":48},{"not_picked":["stsjorbsmod:ChatteringStrike","stsjorbsmod:UnseenServant","stsjorbsmod:Prepare+1","stsjorbsmod:WanderingMind","stsjorbsmod:Index"],"picked":"stsjorbsmod:Inferno","floor":49},{"not_picked":["TH:DeckOfManyThings","TH:EnergyPotion","TH:Mimic","TH:BikiniMail"],"picked":"TH:PixieDust","floor":55},{"not_picked":["stsjorbsmod:Prestidigitation","stsjorbsmod:Materialize","stsjorbsmod:Hurt","stsjorbsmod:Will","stsjorbsmod:BlackTentacles"],"picked":"stsjorbsmod:GatherPower","floor":55}],"player_experience":585850,"relics_obtained":[{"floor":1.0,"key":"SynthV:TestCard"},{"floor":2.0,"key":"Whetstone"},{"floor":6.0,"key":"Orichalcum"},{"floor":9.0,"key":"aspiration:SeaSaltIceCream"},{"floor":23.0,"key":"Question Card"},{"floor":23.0,"key":"Centennial Puzzle"},{"floor":26.0,"key":"Replay:Ringing Soul"},{"floor":35,"key":"wanderingMiniBosses:Blackblade"},{"floor":41,"key":"War Paint"},{"floor":41,"key":"conspire:TopHat"},{"floor":43,"key":"Bag of Marbles"},{"floor":45,"key":"Omamori"},{"floor":45,"key":"Toy Ornithopter"},{"floor":55,"key":"aspiration:HiddenCompartment"},{"floor":55,"key":"stsjorbsmod:BottledMemoryRelic"}],"event_choices":[{"damage_healed":0.0,"max_hp_gain":0.0,"max_hp_loss":0.0,"gold_gain":71.0,"event_name":"Golden Wing","player_choice":"Gained Gold","floor":5.0,"gold_loss":0.0,"damage_taken":0.0},{"damage_healed":0.0,"max_hp_gain":0.0,"max_hp_loss":0.0,"gold_gain":0.0,"event_name":"WeMeetAgain","player_choice":"Gave Potion","floor":8.0,"gold_loss":0.0,"damage_taken":0.0,"relics_obtained":["infinitespire:WardingShard"]},{"damage_healed":51.0,"max_hp_gain":0.0,"max_hp_loss":64.0,"gold_gain":0.0,"event_name":"betterThird:BetterShining","player_choice":"Upgrade","floor":12.0,"gold_loss":0.0,"damage_taken":19.0,"cards_upgraded":["stsjorbsmod:Hibernate","stsjorbsmod:Strike_Wanderer"]},{"damage_healed":0.0,"max_hp_gain":0.0,"max_hp_loss":0.0,"gold_gain":0.0,"event_name":"Upgrade Shrine","player_choice":"Upgraded","floor":19.0,"gold_loss":0.0,"damage_taken":0.0,"cards_upgraded":["stsjorbsmod:SmithingStrike"]},{"damage_healed":0.0,"max_hp_gain":0.0,"max_hp_loss":35.0,"gold_gain":0.0,"event_name":"Ghosts","player_choice":"Became a Ghost","floor":27.0,"gold_loss":0.0,"damage_taken":0.0,"cards_obtained":["Ghostly","Ghostly","Ghostly"]},{"damage_healed":0.0,"max_hp_gain":0.0,"max_hp_loss":0.0,"gold_gain":0.0,"event_name":"conspire:Investor","player_choice":"Invest 1","floor":29.0,"gold_loss":0.0,"damage_taken":0.0}],"is_beta":false,"boss_relics":[{"not_picked":["Coffee Dripper","aspiration:RitualDagger"],"picked":"Black Star"},{"not_picked":["Replay:Bronze Core","EE1DDrone"],"picked":"Ring of Chaos"}],"items_purged_floors":[0,0],"is_endless":false,"potions_floor_spawned":[1,6,14,16,18,21,22,23,24,28,33,35,37,38,39,41,44,45,46,47,48,55],"ascension_level":20,"is_humility":true}}