{"host":"l5zfpd2l2htson6l","time":1611769593,"event":{"mods":["AchievementEnabler","BaseMod","Colored Map","Colored Powertips","Minty Spire (QoL Compilation)","Permanent Neow","Quick Restart","Rare Cards Sparkle","Relic Stats","SuperFastMode"],"gold_per_floor":[111,124,140,110,120,147,22,50,76,110,110,135,135,170,170,267,267,277,277,277,295,311,311,341,357,357,357,272,302,35,45,45,146,146,163,181,231,231,231,262,74,101,101,151,151,1,29,49,49,49,49,49,1,26,26],"floor_reached":56,"language":"ENG","playtime":6718,"items_purged":["Strike_R","Writhe","Strike_R"],"score":1911,"play_id":"a975778a-8708-4d96-ad98-aba919b28217","local_time":"20210127094633","is_ascension_mode":true,"campfire_choices":[{"data":"Bash","floor":11.0,"key":"SMITH"},{"data":"Whirlwind","floor":13.0,"key":"SMITH"},{"data":"Disarm","floor":15.0,"key":"SMITH"},{"data":"Reaper","floor":23.0,"key":"SMITH"},{"data":"Blood for Blood","floor":27.0,"key":"SMITH"},{"data":"Clothesline","floor":32.0,"key":"SMITH"},{"floor":45.0,"key":"RECALL"},{"data":"Offering","floor":49.0,"key":"SMITH"},{"data":"Shrug It Off","floor":52.0,"key":"SMITH"}],"circlet_count":0,"master_deck":["Strike_R","Strike_R+1","Strike_R","Defend_R","Defend_R","Defend_R","Defend_R","Bash+1","Twin Strike+1","Whirlwind+1","Infernal Blade+1","Offering+1","Clothesline+1","Blood for Blood+1","Clash","Spot Weakness","Disarm+1","Reaper+1","Flame Barrier+1","True Grit+1","Shrug It Off+1","Hemokinesis","Offering+1","Ghostly Armor+1","Shockwave+1","Evolve+1","Flame Barrier+1"],"relics":["Burning Blood","Centennial Puzzle","Pen Nib","War Paint","Whetstone","Juzu Bracelet","Strawberry","Philosopher\u0027s Stone","Sundial","Red Skull","Tiny Chest","Matryoshka","Bag of Marbles","Mark of Pain","WingedGreaves","Frozen Egg 2","MawBank","Smiling Mask","CeramicFish","Self Forming Clay","Omamori","Happy Flower","Strange Spoon","Shuriken","Bronze Scales"],"acts_visited":["Exordium","TheCity","TheBeyond","TheEnding"],"potions_floor_usage":[55,55,55],"damage_taken":[{"damage":7.0,"enemies":"Jaw Worm","floor":1.0,"turns":3.0},{"damage":4.0,"enemies":"2 Louse","floor":2.0,"turns":3.0},{"damage":2.0,"enemies":"Small Slimes","floor":3.0,"turns":3.0},{"damage":13.0,"enemies":"Exordium Thugs","floor":4.0,"turns":5.0},{"damage":6.0,"enemies":"3 Louse","floor":5.0,"turns":1.0},{"damage":6.0,"enemies":"Gremlin Nob","floor":6.0,"turns":2.0},{"damage":26.0,"enemies":"Lagavulin","floor":8.0,"turns":6.0},{"damage":6.0,"enemies":"Gremlin Nob","floor":10.0,"turns":2.0},{"damage":6.0,"enemies":"Lagavulin","floor":12.0,"turns":3.0},{"damage":6.0,"enemies":"3 Sentries","floor":14.0,"turns":2.0},{"damage":26.0,"enemies":"Hexaghost","floor":16.0,"turns":6.0},{"damage":12.0,"enemies":"3 Byrds","floor":18.0,"turns":5.0},{"damage":10.0,"enemies":"Chosen","floor":21.0,"turns":4.0},{"damage":10.0,"enemies":"Snecko","floor":22.0,"turns":4.0},{"damage":29.0,"enemies":"Gremlin Leader","floor":24.0,"turns":2.0},{"damage":21.0,"enemies":"3 Cultists","floor":25.0,"turns":4.0},{"damage":46.0,"enemies":"Slavers","floor":29.0,"turns":4.0},{"damage":7.0,"enemies":"Shelled Parasite and Fungi","floor":31.0,"turns":7.0},{"damage":35.0,"enemies":"Collector","floor":33.0,"turns":9.0},{"damage":18.0,"enemies":"Orb Walker","floor":35.0,"turns":3.0},{"damage":6.0,"enemies":"3 Shapes","floor":36.0,"turns":2.0},{"damage":7.0,"enemies":"Mind Bloom Boss Battle","floor":37.0,"turns":8.0},{"damage":28.0,"enemies":"Nemesis","floor":40.0,"turns":7.0},{"damage":24.0,"enemies":"Reptomancer","floor":42.0,"turns":5.0},{"damage":19.0,"enemies":"Giant Head","floor":47.0,"turns":5.0},{"damage":11.0,"enemies":"3 Darklings","floor":48.0,"turns":5.0},{"damage":65.0,"enemies":"Time Eater","floor":50.0,"turns":9.0},{"damage":44,"enemies":"Shield and Spear","floor":54,"turns":7},{"damage":74,"enemies":"The Heart","floor":55,"turns":8}],"seed_played":"3629991161744261804","potions_obtained":[{"floor":0.0,"key":"SkillPotion"},{"floor":0.0,"key":"Block Potion"},{"floor":0.0,"key":"Fruit Juice"},{"floor":2.0,"key":"Block Potion"},{"floor":5.0,"key":"FearPotion"},{"floor":10.0,"key":"PowerPotion"},{"floor":14.0,"key":"HeartOfIron"},{"floor":16.0,"key":"Dexterity Potion"},{"floor":21.0,"key":"SteroidPotion"},{"floor":24.0,"key":"Weak Potion"},{"floor":29.0,"key":"BlessingOfTheForge"},{"floor":37.0,"key":"FearPotion"},{"floor":40.0,"key":"LiquidMemories"},{"floor":48.0,"key":"BloodPotion"}],"is_trial":false,"path_per_floor":["M","M","M","M","M","E","$","E","T","E","R","E","R","E","R","B",null,"M","?","?","M","M","R","E","M","T","R","?","E","$","M","R","B",null,"M","M","?","?","?","E","$","E","T","T","R","$","E","M","R","B",null,"R","$","E","B",null],"character_chosen":"IRONCLAD","items_purchased":["SteroidPotion","Shrug It Off","Bag of Marbles","Evolve+1","Strange Spoon","Dexterity Potion"],"campfire_rested":0,"item_purchase_floors":[7,30,30,41,46,53],"current_hp_per_floor":[71,78,82,75,75,75,75,55,55,55,55,55,55,62,62,42,80,82,82,64,67,70,70,68,76,76,76,76,54,54,75,75,46,84,72,88,92,92,92,82,82,80,80,80,80,80,89,92,92,33,77,77,77,64,29],"gold":26,"neow_bonus":"THREE_SMALL_POTIONS","is_daily":false,"chose_seed":false,"campfire_upgraded":8,"win_rate":0.0,"timestamp":1611769593,"path_taken":["M","M","M","M","M","E","$","E","T","E","R","E","R","E","R","BOSS","M","?","?","M","M","R","E","M","T","R","?","E","$","M","R","BOSS","M","M","?","?","?","E","$","E","T","?","R","$","E","M","R","BOSS","R","$","E","BOSS"],"items_purchased_type":["Potion","Card","Relic","Card","Relic","Potion"],"build_version":"2020-12-22","purchased_purges":3,"victory":true,"max_hp_per_floor":[80,85,85,85,85,85,85,85,85,85,85,85,85,92,92,92,92,92,92,97,97,97,97,97,97,97,97,97,97,97,97,97,97,97,97,97,97,97,92,92,92,92,92,92,92,92,92,92,92,92,92,92,92,92,92],"relic_stats":{"Happy Flower":[11],"counters":[29,134],"Self Forming Clay":[90],"CeramicFish":9,"Pen Nib":[20],"Juzu Bracelet":1,"Whetstone":["Twin Strike","Strike_R"],"War Paint":["Infernal Blade","Offering"],"MawBank":12,"Smiling Mask":0,"Burning Blood":171,"Strange Spoon":[9],"Centennial Puzzle":[69],"Sundial":[12],"Shuriken":[12],"Bronze Scales":[96],"Tiny Chest":1,"obtain_stats":[{"CeramicFish":43,"Juzu Bracelet":12,"Whetstone":10,"Smiling Mask":42,"Burning Blood":0,"Centennial Puzzle":6,"Matryoshka":29,"Sundial":19,"Strawberry":14,"Philosopher\u0027s Stone":17,"Tiny Chest":28,"WingedGreaves":37,"Red Skull":24,"Happy Flower":44,"Self Forming Clay":43,"Pen Nib":8,"Omamori":44,"War Paint":9,"Frozen Egg 2":38,"MawBank":40,"Strange Spoon":46,"Shuriken":47,"Bronze Scales":54,"Mark of Pain":34,"Bag of Marbles":30},{"CeramicFish":24,"Juzu Bracelet":9,"Whetstone":8,"Smiling Mask":24,"Burning Blood":0,"Centennial Puzzle":6,"Matryoshka":17,"Sundial":12,"Strawberry":10,"Philosopher\u0027s Stone":11,"Tiny Chest":16,"WingedGreaves":22,"Red Skull":15,"Happy Flower":24,"Self Forming Clay":24,"Pen Nib":7,"Omamori":24,"War Paint":7,"Frozen Egg 2":22,"MawBank":23,"Strange Spoon":24,"Shuriken":25,"Bronze Scales":28,"Mark of Pain":19,"Bag of Marbles":17},{"CeramicFish":100,"Juzu Bracelet":28,"Whetstone":25,"Smiling Mask":100,"Burning Blood":0,"Centennial Puzzle":17,"Matryoshka":59,"Sundial":41,"Strawberry":30,"Philosopher\u0027s Stone":36,"Tiny Chest":55,"WingedGreaves":88,"Red Skull":51,"Happy Flower":100,"Self Forming Clay":100,"Pen Nib":23,"Omamori":100,"War Paint":23,"Frozen Egg 2":88,"MawBank":95,"Strange Spoon":100,"Shuriken":105,"Bronze Scales":126,"Mark of Pain":75,"Bag of Marbles":59}]},"card_choices":[{"not_picked":["Intimidate","Bloodletting"],"picked":"Twin Strike","floor":1.0},{"not_picked":["Evolve","Clash"],"picked":"Whirlwind","floor":2.0},{"not_picked":["Cleave","Warcry"],"picked":"Infernal Blade","floor":3.0},{"not_picked":["Dark Embrace","Rupture"],"picked":"Offering","floor":4.0},{"not_picked":["Infernal Blade","Sword Boomerang"],"picked":"Clothesline","floor":5.0},{"not_picked":["Demon Form","Battle Trance"],"picked":"Blood for Blood","floor":6.0},{"not_picked":["Rupture","Perfected Strike"],"picked":"Clash","floor":8.0},{"not_picked":["Bloodletting","Dark Embrace"],"picked":"Spot Weakness","floor":10.0},{"not_picked":["Headbutt","Armaments","Iron Wave"],"picked":"SKIP","floor":12.0},{"not_picked":["Flex","Shrug It Off"],"picked":"Disarm","floor":14.0},{"not_picked":["Feed","Berserk"],"picked":"Reaper","floor":16.0},{"not_picked":["Sword Boomerang+1","Thunderclap+1","Body Slam+1"],"picked":"SKIP","floor":18.0},{"not_picked":["Bloodletting","Body Slam","Iron Wave"],"picked":"SKIP","floor":21.0},{"not_picked":["Burning Pact","Sword Boomerang"],"picked":"Flame Barrier+1","floor":22.0},{"not_picked":["Heavy Blade","Body Slam","Dual Wield"],"picked":"SKIP","floor":24.0},{"not_picked":["Thunderclap","Body Slam"],"picked":"True Grit+1","floor":25.0},{"not_picked":["Clash+1","Heavy Blade","Fiend Fire"],"picked":"SKIP","floor":29.0},{"not_picked":["Spot Weakness+1","Headbutt"],"picked":"Hemokinesis","floor":31.0},{"not_picked":["Double Tap","Reaper"],"picked":"Offering","floor":33.0},{"not_picked":["Searing Blow","Thunderclap","Armaments+1"],"picked":"SKIP","floor":35.0},{"not_picked":["Headbutt+1","Body Slam+1"],"picked":"Ghostly Armor+1","floor":36.0},{"not_picked":["Combust","Reckless Charge+1"],"picked":"Shockwave+1","floor":37.0},{"not_picked":["Iron Wave+1","Inflame+1","Clash"],"picked":"SKIP","floor":40.0},{"not_picked":["Havoc","Intimidate+1","Clothesline+1"],"picked":"SKIP","floor":42.0},{"not_picked":["Cleave+1","Limit Break","Clash+1"],"picked":"SKIP","floor":47.0},{"not_picked":["Reckless Charge","Perfected Strike+1"],"picked":"Flame Barrier+1","floor":48.0},{"not_picked":["Heavy Blade","Fire Breathing+1","Seeing Red+1"],"picked":"SKIP","floor":54}],"player_experience":728463,"relics_obtained":[{"floor":6.0,"key":"Centennial Puzzle"},{"floor":8.0,"key":"Pen Nib"},{"floor":9.0,"key":"War Paint"},{"floor":10.0,"key":"Whetstone"},{"floor":12.0,"key":"Juzu Bracelet"},{"floor":14.0,"key":"Strawberry"},{"floor":24.0,"key":"Red Skull"},{"floor":29.0,"key":"Matryoshka"},{"floor":37.0,"key":"WingedGreaves"},{"floor":40.0,"key":"MawBank"},{"floor":42.0,"key":"Smiling Mask"},{"floor":43.0,"key":"CeramicFish"},{"floor":43.0,"key":"Self Forming Clay"},{"floor":44.0,"key":"Omamori"},{"floor":44.0,"key":"Happy Flower"},{"floor":47.0,"key":"Shuriken"},{"floor":54,"key":"Bronze Scales"}],"event_choices":[{"damage_healed":0.0,"max_hp_gain":0.0,"max_hp_loss":0.0,"gold_gain":0.0,"event_name":"The Mausoleum","player_choice":"Opened","floor":19.0,"gold_loss":0.0,"damage_taken":0.0,"relics_obtained":["Sundial"],"cards_obtained":["Writhe"]},{"damage_healed":0.0,"max_hp_gain":5.0,"max_hp_loss":0.0,"gold_gain":0.0,"event_name":"Forgotten Altar","player_choice":"Shed Blood","floor":20.0,"gold_loss":0.0,"damage_taken":23.0},{"damage_healed":0.0,"max_hp_gain":0.0,"max_hp_loss":0.0,"gold_gain":0.0,"event_name":"Addict","player_choice":"Obtained Relic","floor":28.0,"gold_loss":85.0,"damage_taken":0.0,"relics_obtained":["Tiny Chest"]},{"damage_healed":0.0,"max_hp_gain":0.0,"max_hp_loss":0.0,"gold_gain":0.0,"event_name":"MindBloom","player_choice":"Fight","floor":37.0,"gold_loss":0.0,"damage_taken":0.0},{"damage_healed":0.0,"max_hp_gain":0.0,"max_hp_loss":0.0,"gold_gain":0.0,"event_name":"WeMeetAgain","player_choice":"Gave Potion","floor":38.0,"gold_loss":0.0,"damage_taken":0.0,"relics_obtained":["Frozen Egg 2"]},{"damage_healed":0.0,"max_hp_gain":0.0,"max_hp_loss":5.0,"gold_gain":0.0,"event_name":"Winding Halls","player_choice":"Max HP","floor":39.0,"gold_loss":0.0,"damage_taken":0.0}],"is_beta":false,"boss_relics":[{"not_picked":["Astrolabe","Busted Crown"],"picked":"Philosopher\u0027s Stone"},{"not_picked":["Snecko Eye","Calling Bell"],"picked":"Mark of Pain"}],"items_purged_floors":[7,30,41],"is_endless":false,"potions_floor_spawned":[2,3,5,10,14,16,21,24,29,31,37,40,42,48,54],"ascension_level":9}}