{"host":"mai03x2ekbjy4059","time":1611762140,"event":{"mods":["2.2 Compatiblity","BaseMod","Colored Map","DeckTracker","Keyboard Shortcuts","Minty Spire (QoL Compilation)","Permanent Neow","Quick Restart","SuperFastMode","everything is the same but u backflip on backflip"],"gold_per_floor":[110,124,124,49,69,95,112,143,166,166,196,215,215,228,228,228,228],"floor_reached":16,"language":"KOR","playtime":434,"items_purged":["Normality"],"score":128,"play_id":"5b5c30d8-7905-4683-9103-0f698a89ca02","local_time":"20210128004220","is_ascension_mode":true,"campfire_choices":[{"data":"Terror","floor":13.0,"key":"SMITH"},{"data":"Footwork","floor":15.0,"key":"SMITH"}],"circlet_count":0,"master_deck":["Strike_G","Strike_G","Strike_G","Strike_G","Strike_G","Defend_G","Defend_G","Defend_G","Defend_G","Defend_G","Survivor","Neutralize","A Thousand Cuts+1","Deflect","Terror+1","Footwork+1"],"relics":["Ring of the Snake","Darkstone Periapt","PreservedInsect","Orichalcum","Happy Flower","WingedGreaves"],"acts_visited":["Exordium"],"potions_floor_usage":[16],"damage_taken":[{"damage":0.0,"enemies":"Cultist","floor":1.0,"turns":4.0},{"damage":0.0,"enemies":"2 Louse","floor":2.0,"turns":4.0},{"damage":0.0,"enemies":"Small Slimes","floor":5.0,"turns":3.0},{"damage":14.0,"enemies":"Lagavulin","floor":6.0,"turns":8.0},{"damage":4.0,"enemies":"Blue Slaver","floor":7.0,"turns":4.0},{"damage":43.0,"enemies":"3 Sentries","floor":8.0,"turns":14.0},{"damage":2.0,"enemies":"Gremlin Nob","floor":11.0,"turns":3.0},{"damage":4.0,"enemies":"Looter","floor":12.0,"turns":4.0},{"damage":0.0,"enemies":"3 Louse","floor":14.0,"turns":6.0},{"damage":0,"enemies":"Slime Boss","floor":16,"turns":4}],"seed_played":"-3863019075412215856","potions_obtained":[{"floor":2.0,"key":"BlessingOfTheForge"},{"floor":5.0,"key":"Dexterity Potion"},{"floor":7.0,"key":"Ancient Potion"},{"floor":8.0,"key":"Ancient Potion"},{"floor":14.0,"key":"CunningPotion"}],"is_trial":false,"path_per_floor":["M","M","?","$","M","E","M","E","T","?","E","M","R","M","R","B"],"character_chosen":"THE_SILENT","items_purchased":[],"campfire_rested":0,"item_purchase_floors":[],"current_hp_per_floor":[70,70,70,70,70,56,52,9,9,9,7,3,3,3,3,3,3],"gold":228,"neow_bonus":"THREE_RARE_CARDS","is_daily":false,"chose_seed":false,"campfire_upgraded":2,"win_rate":0.0,"timestamp":1611762140,"path_taken":["M","?","?","$","?","E","M","E","T","?","E","M","R","M","R","BOSS"],"items_purchased_type":[],"build_version":"2020-12-22","purchased_purges":1,"victory":false,"max_hp_per_floor":[70,70,70,70,70,70,70,70,70,70,70,70,70,70,70,70,70],"card_choices":[{"not_picked":["Die Die Die","Venomology"],"picked":"A Thousand Cuts","floor":0.0},{"not_picked":["Eviscerate","Noxious Fumes","Underhanded Strike"],"picked":"SKIP","floor":1.0},{"not_picked":["Quick Slash","Reflex"],"picked":"Deflect","floor":2.0},{"not_picked":["Crippling Poison","Outmaneuver"],"picked":"Terror","floor":5.0},{"not_picked":["Acrobatics","PiercingWail","Backflip"],"picked":"SKIP","floor":6.0},{"not_picked":["Prepared","Acrobatics","Poisoned Stab"],"picked":"SKIP","floor":7.0},{"not_picked":["Quick Slash","Choke","Flechettes"],"picked":"SKIP","floor":8.0},{"not_picked":["Expertise","Deadly Poison","Distraction"],"picked":"SKIP","floor":11.0},{"not_picked":["Bullet Time","Catalyst","Sucker Punch"],"picked":"SKIP","floor":12.0},{"not_picked":["Cloak And Dagger","Choke"],"picked":"Footwork","floor":14.0}],"player_experience":1143786,"relics_obtained":[{"floor":6.0,"key":"PreservedInsect"},{"floor":8.0,"key":"Orichalcum"},{"floor":9.0,"key":"Happy Flower"},{"floor":11.0,"key":"WingedGreaves"}],"event_choices":[{"damage_healed":0.0,"max_hp_gain":0.0,"max_hp_loss":0.0,"gold_gain":0.0,"event_name":"WeMeetAgain","player_choice":"Gave Potion","floor":3.0,"gold_loss":0.0,"damage_taken":0.0,"relics_obtained":["Darkstone Periapt"]},{"damage_healed":0.0,"max_hp_gain":0.0,"max_hp_loss":0.0,"gold_gain":0.0,"event_name":"Accursed Blacksmith","player_choice":"Forge","floor":10.0,"gold_loss":0.0,"damage_taken":0.0,"cards_upgraded":["A Thousand Cuts"]}],"is_beta":false,"boss_relics":[],"items_purged_floors":[4],"is_endless":false,"potions_floor_spawned":[2,5,7,8,14],"killed_by":"Slime Boss","ascension_level":1}}