{"host":"vhrbb9mxb8fcxsba","time":1611747003,"event":{"mods":["2.2 Compatiblity","Act Like it!","Aspiration","BaseMod","Downfall","GungeonMod","Hubris","Infinite Spire","Minty Spire (QoL Compilation)","Quick Restart","StSLib","The Disciple","Wandering Minibosses"],"gold_per_floor":[116,116,129,148,166,198,208,208,208,208,237,237,237,237],"floor_reached":13,"language":"ENG","playtime":370,"items_purged":[],"score":105,"play_id":"7f4b8f64-9d62-4d7a-ab8d-ae740d559eea","local_time":"20210128003003","is_ascension_mode":true,"campfire_choices":[],"circlet_count":0,"master_deck":["Strike_B","Strike_B","Strike_B","Strike_B","Defend_B","Defend_B","Defend_B","Zap","Dualcast","Amplify","Glacier","Ball Lightning","infinitespire:NeuralNetwork"],"relics":["Cracked Core","hubris:FunFungus","Pen Nib","hubris:BottledRain","Sundial"],"acts_visited":["Exordium"],"potions_floor_usage":[11,13],"damage_taken":[{"damage":2,"enemies":"2 Louse","floor":1,"turns":3},{"damage":1,"enemies":"Cultist","floor":3,"turns":4},{"damage":12,"enemies":"Jaw Worm","floor":4,"turns":2},{"damage":6,"enemies":"Looter","floor":5,"turns":6},{"damage":17,"enemies":"Lagavulin","floor":6,"turns":7},{"damage":3,"enemies":"Red Slaver","floor":7,"turns":3},{"damage":2,"enemies":"Gremlin Nob","floor":11,"turns":4},{"damage":25,"enemies":"Lagavulin","floor":13,"turns":4}],"seed_played":"3007536428897553203","potions_obtained":[{"floor":3,"key":"Explosive Potion"},{"floor":7,"key":"Block Potion"},{"floor":11,"key":"LiquidBronze"}],"is_trial":false,"path_per_floor":["M","?","M","M","M","E","M","?","T","?","E","T","E"],"character_chosen":"DEFECT","items_purchased":[],"campfire_rested":0,"item_purchase_floors":[],"current_hp_per_floor":[73,73,72,60,54,37,34,16,16,16,14,14,0,0],"gold":237,"neow_bonus":"ONE_RANDOM_RARE_CARD","is_daily":false,"chose_seed":false,"campfire_upgraded":0,"win_rate":0.0,"timestamp":1611747003,"path_taken":["M","?","?","?","M","E","M","?","T","?","E","?","E"],"items_purchased_type":[],"build_version":"2020-12-22","purchased_purges":0,"victory":false,"max_hp_per_floor":[75,75,75,75,75,75,75,75,75,75,75,75,75,75],"card_choices":[{"not_picked":["Fusion","Steam","Compile Driver"],"picked":"SKIP","floor":1},{"not_picked":["Cold Snap","Sweeping Beam"],"picked":"Ball Lightning","floor":3},{"not_picked":["Conserve Battery","Genetic Algorithm","Doom and Gloom"],"picked":"SKIP","floor":4},{"not_picked":["Steam","Redo","Genetic Algorithm"],"picked":"SKIP","floor":5},{"not_picked":["Genetic Algorithm","Fusion","Meteor Strike"],"picked":"SKIP","floor":6},{"not_picked":["Conserve Battery","Steam","Redo"],"picked":"SKIP","floor":7},{"not_picked":["infinitespire:Menacing","infinitespire:TheBestDefense"],"picked":"infinitespire:NeuralNetwork","floor":8},{"not_picked":["Glacier","Coolheaded","Blizzard"],"picked":"SKIP","floor":11}],"player_experience":172897,"relics_obtained":[{"floor":6,"key":"hubris:FunFungus"},{"floor":9,"key":"Pen Nib"},{"floor":11,"key":"hubris:BottledRain"},{"floor":12,"key":"Sundial"}],"event_choices":[{"damage_healed":0,"gold_gain":0,"cards_transformed":["Defend_B"],"player_choice":"Transformed","damage_taken":0,"max_hp_gain":0,"max_hp_loss":0,"event_name":"Transmorgrifier","floor":2,"gold_loss":0,"cards_obtained":["Glacier"]}],"is_beta":false,"boss_relics":[],"items_purged_floors":[],"is_endless":false,"potions_floor_spawned":[3,7,11],"killed_by":"Lagavulin","ascension_level":2}}