{"host":"a0d98l75j0h1o085","time":1611710423,"event":{"mods":["AlwaysNeverKeys","BaseMod","Downfall","Highlight Path","Minty Spire (QoL Compilation)","StSLib"],"gold_per_floor":[99,199,219,219,235,255,336,61,61,81,81,113,113,142,152,256,256,256,20,20,5,24,49,49,49,60,95,114,145,45,60,78,180,180,180,199,249,297,22,22,47,66,91,101,101,116,116,148,161,161],"floor_reached":51,"language":"ENG","playtime":17384,"items_purged":["champ:Strike","champ:Defend","champ:Strike"],"score":915,"play_id":"a0782b6b-0359-4545-bab6-71cf79d18753","local_time":"20210127012023","is_ascension_mode":false,"campfire_choices":[{"data":"champ:Taunt","floor":1.0,"key":"SMITH"},{"data":"expansioncontent:DashGenerateEvil","floor":9.0,"key":"SMITH"},{"data":"champ:RecklessLeap","floor":11.0,"key":"SMITH"},{"data":"champ:FaceSlap","floor":13.0,"key":"SMITH"},{"data":"champ:StrikeOfGenius","floor":18.0,"key":"SMITH"},{"data":"champ:StanceDance","floor":30.0,"key":"SMITH"},{"data":"champ:Improvising","floor":35,"key":"SMITH"},{"data":"1","floor":45,"key":"LIFT"},{"data":"2","floor":47,"key":"LIFT"}],"circlet_count":0,"master_deck":["champ:Strike","champ:Strike","champ:Defend","champ:Defend+1","champ:Defend","champ:Execute","champ:Taunt+1","champ:RecklessLeap+1","champ:Backstep+1","champ:Taunt+1","champ:CalledShot","champ:StanceDance+1","champ:FaceSlap+1","expansioncontent:DashGenerateEvil+1","champ:ShieldSlam","champ:StrikeOfGenius+1","champ:Shatter","champ:ShieldWall","champ:ArenaPreparation","champ:MurderStrike","champ:AdrenalArmor","champ:StanceDance+1","champ:BringItOn","champ:Improvising+1","champ:IgnorePain+1","expansioncontent:QuickStudy","champ:EnGarde+1","champ:Encircle+1"],"relics":["champ:ChampionCrown","Champion Belt","Pantograph","Regal Pillow","Black Star","PreservedInsect","Nloth\u0027s Gift","Bag of Preparation","Gremlin Horn","Pear","TungstenRod","Art of War","champ:FightingForDummies","Potion Belt","downfall:HeartBlessingGreen","Busted Crown","WingedGreaves","War Paint","Juzu Bracelet","Girya","Nunchaku","Centennial Puzzle","Anchor"],"acts_visited":["Exordium","TheCity","TheBeyond"],"potions_floor_usage":[36,43,43,50,50],"damage_taken":[{"damage":52.0,"floor":2.0,"turns":5.0},{"damage":27.0,"enemies":"Jaw Worm","floor":3.0,"turns":5.0},{"damage":10.0,"enemies":"2 Louse","floor":5.0,"turns":3.0},{"damage":29.0,"enemies":"Cultist","floor":6.0,"turns":3.0},{"damage":30.0,"enemies":"downfall:FleeingMerchant","floor":8.0,"turns":4.0},{"damage":10.0,"enemies":"Exordium Thugs","floor":10.0,"turns":3.0},{"damage":35.0,"enemies":"Gremlin Nob","floor":12.0,"turns":4.0},{"damage":10.0,"enemies":"The Mushroom Lair","floor":14.0,"turns":4.0},{"damage":26.0,"enemies":"Large Slime","floor":15.0,"turns":5.0},{"damage":106.0,"enemies":"WA_ARCHETYPE_RETAIN","floor":16.0,"turns":11.0},{"damage":20.0,"enemies":"downfall:FleeingMerchant","floor":19.0,"turns":4.0},{"damage":3.0,"enemies":"downfall:FleeingMerchant","floor":21.0,"turns":4.0},{"damage":0.0,"enemies":"Spheric Guardian","floor":22.0,"turns":1.0},{"damage":86.0,"enemies":"Slavers","floor":23.0,"turns":6.0},{"damage":26.0,"enemies":"Chosen","floor":26.0,"turns":4.0},{"damage":10.0,"enemies":"Book of Stabbing","floor":27.0,"turns":4.0},{"damage":17.0,"enemies":"Snake Plant","floor":28.0,"turns":4.0},{"damage":14.0,"enemies":"Slavers","floor":29.0,"turns":2.0},{"damage":4.0,"enemies":"Snecko","floor":31.0,"turns":5.0},{"damage":47.0,"enemies":"3 Cultists","floor":32.0,"turns":5.0},{"damage":57.0,"enemies":"IC_MUSHROOM_ARCHETYPE","floor":33.0,"turns":11.0},{"damage":12,"enemies":"3 Darklings","floor":36,"turns":5},{"damage":26,"enemies":"3 Darklings","floor":37,"turns":6},{"damage":16,"enemies":"downfall:FleeingMerchant","floor":38,"turns":4},{"damage":17,"enemies":"Orb Walker","floor":42,"turns":2},{"damage":16,"enemies":"Reptomancer","floor":43,"turns":2},{"damage":28,"enemies":"4 Shapes","floor":44,"turns":6},{"damage":39,"enemies":"Jaw Worm Horde","floor":46,"turns":4},{"damage":32,"enemies":"Nemesis","floor":48,"turns":5},{"damage":29,"enemies":"Spire Growth","floor":49,"turns":3},{"damage":37,"enemies":"DF_ARCHETYPE_ORBS","floor":50,"turns":6}],"seed_played":"4843012783346231447","potions_obtained":[{"floor":2.0,"key":"Swift Potion"},{"floor":6.0,"key":"Strength Potion"},{"floor":15.0,"key":"FearPotion"},{"floor":23.0,"key":"SpeedPotion"},{"floor":28.0,"key":"Guardian:BlockOnCardUsePotion"},{"floor":31.0,"key":"Ancient Potion"},{"floor":32.0,"key":"champ:OpenerPotion"},{"floor":33.0,"key":"sneckomod:MuddlingPotion"},{"floor":36,"key":"champ:OpenerPotion"},{"floor":42,"key":"Ancient Potion"},{"floor":44,"key":"sneckomod:MuddlingPotion"},{"floor":46,"key":"EssenceOfSteel"}],"is_trial":false,"path_per_floor":["R","?","M","?","M","M","T","$","R","M","R","E","R","?","M","B",null,"R","$","?","$","M","E","T","?","M","E","M","E","R","M","M","B",null,"R","M","?","$","$","?","T","M","E","M","R","M","R","E","M","B",null],"character_chosen":"THE_CHAMP","items_purchased":["expansioncontent:DashGenerateEvil","PreservedInsect","champ:ShieldWall","expansioncontent:QuickStudy","War Paint"],"campfire_rested":0,"item_purchase_floors":[8,19,19,38,39],"current_hp_per_floor":[99,67,65,65,65,61,61,61,61,61,61,61,61,61,60,49,99,99,99,99,96,96,55,65,65,49,49,52,38,38,39,27,45,109,109,106,109,109,109,109,109,109,109,109,109,109,109,109,109,109],"gold":161,"neow_bonus":"TEN_PERCENT_HP_BONUS","is_daily":false,"chose_seed":false,"campfire_upgraded":7,"win_rate":0.0,"timestamp":1611710423,"path_taken":["R","?","M","?","?","M","T","?","R","M","R","E","R","?","M","BOSS","R","$","?","$","?","E","T","?","M","E","M","E","R","?","M","BOSS","R","M","?","$","$","?","T","M","E","M","R","M","R","E","M","BOSS"],"items_purchased_type":["Card","Relic","Card","Card","Relic"],"build_version":"2020-12-22","purchased_purges":3,"victory":true,"max_hp_per_floor":[99,99,99,99,99,99,99,99,99,99,99,99,99,99,99,99,99,99,99,99,99,99,99,109,109,109,109,109,109,109,109,109,109,109,109,109,109,109,109,109,109,109,109,109,109,109,109,109,109,109],"card_choices":[{"not_picked":["champ:DefensiveShout","champ:Circumvent"],"picked":"champ:RecklessLeap","floor":2.0},{"not_picked":["champ:DeathBlow","champ:BladeFlurry"],"picked":"champ:Backstep","floor":3.0},{"not_picked":["champ:PerfectedStrike","champ:SetATrap"],"picked":"champ:CalledShot","floor":5.0},{"not_picked":["champ:TornadoPunch","champ:SetATrap"],"picked":"champ:StanceDance","floor":6.0},{"not_picked":["champ:Backstep","champ:BringItOn"],"picked":"champ:FaceSlap","floor":8.0},{"not_picked":["champ:Haymaker","champ:GutPunch","champ:Circumvent"],"picked":"SKIP","floor":10.0},{"not_picked":["champ:CrownThrow","champ:SkillfulDodge","champ:EnragedBash"],"picked":"SKIP","floor":12.0},{"not_picked":["champ:DefensiveShout","champ:FocusedDefense"],"picked":"champ:ShieldSlam","floor":14.0},{"not_picked":["champ:CrookedStrike","champ:FalseCounter","champ:Haymaker"],"picked":"SKIP","floor":15.0},{"not_picked":["champ:LastStand","champ:HeavySlash"],"picked":"champ:StrikeOfGenius","floor":16.0},{"not_picked":["champ:Circumvent","champ:RisingSlash"],"picked":"champ:Shatter","floor":19.0},{"not_picked":["champ:BerserkersShout+1","champ:EnragedBash+1","champ:Parry+1"],"picked":"SKIP","floor":21.0},{"not_picked":["champ:CrookedStrike","champ:CrownThrow","champ:Circumvent"],"picked":"SKIP","floor":22.0},{"not_picked":["champ:Lariat","champ:GutPunch+1"],"picked":"champ:ArenaPreparation","floor":23.0},{"not_picked":["champ:GladiatorStyle","champ:GutPunch","champ:BladeFlurry"],"picked":"SKIP","floor":26.0},{"not_picked":["champ:TornadoPunch","champ:SteelEdge"],"picked":"champ:MurderStrike","floor":27.0},{"not_picked":["champ:HeartStrike","champ:StanceDance","champ:PerfectedStrike+1"],"picked":"SKIP","floor":28.0},{"not_picked":["champ:GladiatorStyle+1","champ:Haymaker+1"],"picked":"champ:AdrenalArmor","floor":29.0},{"not_picked":["champ:ShieldWall","champ:Shatter+1"],"picked":"champ:StanceDance+1","floor":31.0},{"not_picked":["champ:EnGarde","champ:RecklessLeap"],"picked":"champ:BringItOn","floor":32.0},{"not_picked":["champ:LastStand","champ:HoldFirm"],"picked":"champ:Improvising","floor":33.0},{"not_picked":["champ:GutPunch+1"],"picked":"SKIP","floor":36},{"not_picked":[],"picked":"champ:IgnorePain","floor":37},{"not_picked":["champ:AdrenalArmor+1"],"picked":"SKIP","floor":38},{"not_picked":["champ:BerserkersShout"],"picked":"SKIP","floor":42},{"not_picked":["champ:RapidStrikes"],"picked":"SKIP","floor":43},{"not_picked":["champ:EnragedBash+1"],"picked":"SKIP","floor":44},{"not_picked":[],"picked":"champ:EnGarde+1","floor":46},{"not_picked":[],"picked":"champ:Encircle+1","floor":48},{"not_picked":["champ:GutPunch+1"],"picked":"SKIP","floor":49}],"player_experience":813426,"relics_obtained":[{"floor":2.0,"key":"Champion Belt"},{"floor":7.0,"key":"Pantograph"},{"floor":12.0,"key":"Regal Pillow"},{"floor":14.0,"key":"Odd Mushroom"},{"floor":23.0,"key":"Bag of Preparation"},{"floor":23.0,"key":"Gremlin Horn"},{"floor":24.0,"key":"Pear"},{"floor":27.0,"key":"TungstenRod"},{"floor":27.0,"key":"Art of War"},{"floor":29.0,"key":"champ:FightingForDummies"},{"floor":29.0,"key":"Potion Belt"},{"floor":37,"key":"WingedGreaves"},{"floor":41,"key":"Juzu Bracelet"},{"floor":43,"key":"Girya"},{"floor":43,"key":"Nunchaku"},{"floor":48,"key":"Centennial Puzzle"},{"floor":48,"key":"Anchor"}],"event_choices":[{"damage_healed":0.0,"max_hp_gain":0.0,"max_hp_loss":0.0,"gold_gain":0.0,"event_name":"Mushrooms","player_choice":"Fought Mushrooms","floor":14.0,"gold_loss":0.0,"damage_taken":0.0}],"is_beta":false,"boss_relics":[{"not_picked":["Empty Cage","Runic Pyramid"],"picked":"Black Star"},{"not_picked":["Runic Dome","bronze:MakeshiftBattery"],"picked":"Busted Crown"}],"items_purged_floors":[8,38,39],"is_endless":false,"potions_floor_spawned":[2,6,15,23,28,31,32,33,36,42,44,46,48],"ascension_level":0}}