{"host":"ix2a18c4ohfsrslv","time":1611784991,"event":{"mods":["BaseMod","Better Third Choice","Downfall","Hubris","Minty Spire (QoL Compilation)","StSLib","The Poker Player"],"gold_per_floor":[109,129,14,32,51,51,83,83,83,93,166,131,148,161,161,261,261,275,374,474,494,71,101,101,120,120,120,120,120,120,153,153,256,256,272,235,235,235,235,235,22,39,63,63,63,63],"floor_reached":44,"language":"ENG","playtime":3483,"items_purged":["PokerPlayerMod:Heart2"],"score":496,"play_id":"08afe909-7ee4-4ad4-ac29-a0069627a863","local_time":"20210127140311","is_ascension_mode":false,"metric_token":466,"campfire_choices":[{"data":"PokerPlayerMod:CardPrinter","floor":6.0,"key":"SMITH"},{"data":"PokerPlayerMod:CardPrinter","floor":8.0,"key":"SMITH"},{"floor":15.0,"key":"REST"},{"floor":24,"key":"REST"},{"floor":28,"key":"REST"},{"floor":32,"key":"REST"},{"data":"PokerPlayerMod:Club2","floor":40,"key":"SMITH"}],"circlet_count":0,"master_deck":["PokerPlayerMod:Diamond1","PokerPlayerMod:Diamond2","PokerPlayerMod:Diamond3","PokerPlayerMod:Diamond4","PokerPlayerMod:Diamond5","PokerPlayerMod:Spade1","PokerPlayerMod:Spade3","PokerPlayerMod:Spade3","PokerPlayerMod:Spade4","PokerPlayerMod:Club1","PokerPlayerMod:Club3","PokerPlayerMod:TrumpStrike","PokerPlayerMod:BadJoker","PokerPlayerMod:Mulligan","Flash of Steel","PokerPlayerMod:Raise","PokerPlayerMod:ClubsClub","PokerPlayerMod:CardPrinter+1","PokerPlayerMod:Diamond3","PokerPlayerMod:CloakAndDiamond","PokerPlayerMod:CardPrinter+1","PokerPlayerMod:Heart4","PokerPlayerMod:CloakAndDiamond","PokerPlayerMod:Spade4","PokerPlayerMod:TheDieIsCast","PokerPlayerMod:DartThrow+1","PokerPlayerMod:Spade4","PokerPlayerMod:Spade10+","PokerPlayerMod:HiddenCard","PokerPlayerMod:CardPrinter","PokerPlayerMod:Spade3","PokerPlayerMod:ThinkingTime","PokerPlayerMod:CloakAndDiamond","PokerPlayerMod:WasteCollection","PokerPlayerMod:MagicTrick","PokerPlayerMod:Fold","PokerPlayerMod:CardPrinter+2","PokerPlayerMod:CardPrinter+2","PokerPlayerMod:CardPrinter+2"],"relics":["PokerPlayerMod:DeckCase","hubris:CrystalStatue","PokerPlayerMod:BottledPoker","Black Star","PokerPlayerMod:PendantOfEscape","Incense Burner","The Courier","hubris:SlimyHat","hubris:Icosahedron","Frozen Egg 2","Bronze Scales","Calipers","bronze:MakeshiftBattery","Orichalcum"],"acts_visited":["Exordium","TheCity","TheBeyond"],"potions_floor_usage":[25,44],"damage_taken":[{"damage":2.0,"enemies":"Small Slimes","floor":1.0,"turns":3.0},{"damage":2.0,"enemies":"2 Louse","floor":2.0,"turns":2.0},{"damage":5.0,"enemies":"Jaw Worm","floor":4.0,"turns":2.0},{"damage":0.0,"enemies":"Gremlin Gang","floor":5.0,"turns":2.0},{"damage":21.0,"enemies":"3 Sentries","floor":7.0,"turns":5.0},{"damage":16.0,"enemies":"Lots of Slimes","floor":10.0,"turns":3.0},{"damage":4.0,"enemies":"2 Fungi Beasts","floor":13.0,"turns":3.0},{"damage":4.0,"enemies":"Blue Slaver","floor":14.0,"turns":3.0},{"damage":35.0,"enemies":"Slime Boss","floor":16.0,"turns":6.0},{"damage":0.0,"enemies":"Chosen","floor":18.0,"turns":4.0},{"damage":15.0,"enemies":"Shell Parasite","floor":21.0,"turns":5.0},{"damage":46,"enemies":"Book of Stabbing","floor":23,"turns":8},{"damage":19,"enemies":"Centurion and Healer","floor":25,"turns":5},{"damage":30,"enemies":"Gremlin Leader","floor":31,"turns":8},{"damage":36,"enemies":"Collector","floor":33,"turns":10},{"damage":0,"enemies":"Orb Walker","floor":35,"turns":4},{"damage":0,"enemies":"3 Darklings","floor":36,"turns":7},{"damage":3,"enemies":"Sphere and 2 Shapes","floor":42,"turns":3},{"damage":62,"enemies":"2 Orb Walkers","floor":44,"turns":6}],"seed_played":"6250297284620918515","potions_obtained":[{"floor":1.0,"key":"EssenceOfSteel"},{"floor":7.0,"key":"FearPotion"},{"floor":14.0,"key":"BlessingOfTheForge"},{"floor":16.0,"key":"Fruit Juice"},{"floor":23,"key":"Regen Potion"},{"floor":33,"key":"Block Potion"}],"is_trial":false,"path_per_floor":["M","M","$","M","M","R","E","R","T","M","?","?","M","M","R","B",null,"M","?","?","M","$","E","R","M","T","?","R","?","T","E","R","B",null,"M","M","?","?","?","R","$","M","T","?"],"character_chosen":"THE_POKER_PLAYER","items_purchased":["PokerPlayerMod:CardPrinter","PokerPlayerMod:Spade10+","PokerPlayerMod:HiddenCard","PokerPlayerMod:PendantOfEscape","PokerPlayerMod:CardPrinter","PokerPlayerMod:CardPrinter+1","PokerPlayerMod:CardPrinter+1","PokerPlayerMod:CardPrinter+1","Strength Potion"],"campfire_rested":4,"item_purchase_floors":[3,22,22,22,22,41,41,41,41],"current_hp_per_floor":[50,48,48,43,43,43,22,22,22,6,6,19,25,21,36,6,52,57,57,57,42,42,1,18,16,16,16,33,33,33,15,32,8,57,57,57,54,54,54,54,54,51,51,0,0,0],"gold":63,"neow_bonus":"RANDOM_COLORLESS","is_daily":false,"chose_seed":false,"campfire_upgraded":3,"win_rate":0.0,"timestamp":1611784991,"path_taken":["M","M","$","M","M","R","E","R","T","M","?","?","M","M","R","BOSS","M","?","?","?","?","E","R","M","T","?","R","?","?","E","R","BOSS","M","M","?","?","?","R","$","M","T","?"],"items_purchased_type":["Card","Undefined","Card","Relic","Card","Card","Card","Card","Potion"],"build_version":"2020-12-22","purchased_purges":1,"victory":false,"max_hp_per_floor":[52,52,52,52,52,52,52,52,52,52,52,52,52,52,52,52,52,57,57,57,57,57,57,57,57,57,57,57,57,57,57,57,57,57,57,57,54,54,54,54,54,54,54,54,54,54],"card_choices":[{"not_picked":["Bandage Up","Good Instincts"],"picked":"Flash of Steel","floor":0.0},{"not_picked":["PokerPlayerMod:Diamond1","PokerPlayerMod:Spade3"],"picked":"PokerPlayerMod:Raise","floor":1.0},{"not_picked":["PokerPlayerMod:Club3","PokerPlayerMod:Trickery"],"picked":"PokerPlayerMod:ClubsClub","floor":2.0},{"not_picked":["PokerPlayerMod:DartThrow","PokerPlayerMod:HotShotCut"],"picked":"PokerPlayerMod:Diamond3","floor":4.0},{"not_picked":["PokerPlayerMod:Raise","PokerPlayerMod:DartThrow"],"picked":"PokerPlayerMod:CloakAndDiamond","floor":5.0},{"not_picked":["PokerPlayerMod:Spade6","PokerPlayerMod:Promotion"],"picked":"PokerPlayerMod:CardPrinter","floor":7.0},{"not_picked":["PokerPlayerMod:Diamond3","PokerPlayerMod:Club5"],"picked":"PokerPlayerMod:Heart4","floor":10.0},{"not_picked":["PokerPlayerMod:CardPrinter","PokerPlayerMod:Diamond3"],"picked":"PokerPlayerMod:CloakAndDiamond","floor":13.0},{"not_picked":["PokerPlayerMod:Raise","PokerPlayerMod:FakeSymbols"],"picked":"PokerPlayerMod:Spade4","floor":14.0},{"not_picked":["PokerPlayerMod:Promotion","PokerPlayerMod:RoyalStrike"],"picked":"PokerPlayerMod:TheDieIsCast","floor":16.0},{"not_picked":["PokerPlayerMod:Spade1","PokerPlayerMod:Spade3"],"picked":"PokerPlayerMod:DartThrow+1","floor":18.0},{"not_picked":["PokerPlayerMod:Club1","PokerPlayerMod:Spade3"],"picked":"PokerPlayerMod:Spade4","floor":21.0},{"not_picked":["PokerPlayerMod:Diamond8","PokerPlayerMod:MagicTrick"],"picked":"PokerPlayerMod:Sharpen+1","floor":23},{"not_picked":["PokerPlayerMod:Diamond3","PokerPlayerMod:Heart5"],"picked":"PokerPlayerMod:Spade3","floor":25},{"not_picked":["PokerPlayerMod:Manipulation","PokerPlayerMod:Diamond1"],"picked":"PokerPlayerMod:CloakAndDiamond","floor":31},{"not_picked":["PokerPlayerMod:Diamond7","PokerPlayerMod:FakeSymbols+1"],"picked":"PokerPlayerMod:WasteCollection","floor":33},{"not_picked":["PokerPlayerMod:RiskyBet","PokerPlayerMod:Diamond3"],"picked":"PokerPlayerMod:MagicTrick","floor":35},{"not_picked":["PokerPlayerMod:DartThrow+1","PokerPlayerMod:Spade1"],"picked":"PokerPlayerMod:Fold","floor":36},{"not_picked":["PokerPlayerMod:CloakAndDiamond+1","PokerPlayerMod:PoorCopy","PokerPlayerMod:HeartStrike"],"picked":"SKIP","floor":42}],"player_experience":180782,"relics_obtained":[{"floor":7.0,"key":"hubris:CrystalStatue"},{"floor":9.0,"key":"PokerPlayerMod:BottledPoker"},{"floor":23,"key":"Incense Burner"},{"floor":23,"key":"The Courier"},{"floor":26,"key":"hubris:SlimyHat"},{"floor":30,"key":"Frozen Egg 2"},{"floor":31,"key":"Bronze Scales"},{"floor":31,"key":"Calipers"},{"floor":43,"key":"Orichalcum"}],"event_choices":[{"damage_healed":0.0,"max_hp_gain":0.0,"max_hp_loss":0.0,"gold_gain":73.0,"event_name":"Golden Wing","player_choice":"Gained Gold","floor":11.0,"gold_loss":0.0,"damage_taken":0.0},{"damage_healed":13.0,"max_hp_gain":0.0,"max_hp_loss":0.0,"gold_gain":0.0,"event_name":"The Cleric","player_choice":"Healed","floor":12.0,"gold_loss":35.0,"damage_taken":0.0},{"damage_healed":0.0,"max_hp_gain":0.0,"max_hp_loss":0.0,"gold_gain":99.0,"event_name":"betterThird:BetterNest","player_choice":"Steal","floor":19.0,"gold_loss":0.0,"damage_taken":0.0},{"damage_healed":0.0,"max_hp_gain":0.0,"max_hp_loss":0.0,"gold_gain":100.0,"event_name":"Golden Shrine","player_choice":"Pray","floor":20.0,"gold_loss":0.0,"damage_taken":0.0},{"damage_healed":0,"gold_gain":0,"player_choice":"Think Hard","damage_taken":0,"max_hp_gain":0,"max_hp_loss":0,"event_name":"PokerPlayerMod:Vampires","floor":29,"gold_loss":0,"cards_obtained":["PokerPlayerMod:ThinkingTime"]},{"damage_healed":0,"gold_gain":0,"player_choice":"Max HP","damage_taken":0,"max_hp_gain":0,"max_hp_loss":3,"event_name":"Winding Halls","floor":37,"gold_loss":0},{"cards_removed":["PokerPlayerMod:Sharpen"],"damage_healed":0,"gold_gain":0,"player_choice":"Removed Power","damage_taken":0,"max_hp_gain":0,"max_hp_loss":0,"event_name":"Falling","floor":38,"gold_loss":0},{"damage_healed":0,"gold_gain":0,"player_choice":"Fight","damage_taken":0,"max_hp_gain":0,"max_hp_loss":0,"event_name":"Mysterious Sphere","floor":44,"gold_loss":0}],"is_beta":false,"boss_relics":[{"not_picked":["hubris:GrandSneckoEye","Ectoplasm"],"picked":"Black Star"},{"not_picked":["hubris:CrackedHourglass","Tiny House"],"picked":"bronze:MakeshiftBattery"}],"items_purged_floors":[3],"is_endless":false,"potions_floor_spawned":[1,7,14,16,23,33],"killed_by":"2 Orb Walkers","ascension_level":0}}