{"host":"qbjtml023iza03hb","time":1611784213,"event":{"mods":["AchievementEnabler","BaseMod","Hermit","Minty Spire (QoL Compilation)","StSLib","The Animator","The Cursed"],"gold_per_floor":[113,128,128,53,73,73,104,104,155,108,108,121,150,165,165,261,261,274,224,238,198,208,208,108,125,125,125,125,225,225,244,244,344,344,358,358,358,369,384,384,384,395,420,439,439,453,308,322,322,322,322,322,56,56,56],"floor_reached":54,"language":"FRA","playtime":3583,"items_purged":["Strike_R","Strike_R"],"score":769,"play_id":"5ecfa17d-4c75-48a3-949c-6fcfb3ad7e37","local_time":"20210127225013","is_ascension_mode":false,"campfire_choices":[{"data":"Inflame","floor":6,"key":"SMITH"},{"data":"Warcry","floor":8,"key":"SMITH"},{"data":"Cleave","floor":11,"key":"SMITH"},{"data":"Power Through","floor":15,"key":"SMITH"},{"data":"Evolve","floor":30,"key":"SMITH"},{"data":"Juggernaut","floor":32,"key":"SMITH"},{"data":"Panacea","floor":40,"key":"SMITH"},{"floor":49,"key":"RECALL"},{"data":"Evolve","floor":52,"key":"SMITH"}],"circlet_count":0,"master_deck":["Strike_R+1","Defend_R+1","Defend_R+1","Bash+1","Wild Strike+1","Inflame+1","Power Through+1","Cleave+1","Warcry+1","Clothesline+1","Reckless Charge+1","Burning Pact+1","Juggernaut+1","Cleave+1","Evolve+1","Clothesline+1","Rage+1","Ghostly+1","Ghostly+1","Ghostly+1","Ghostly+1","Ghostly+1","Thunderclap+1","Barricade+1","Heavy Blade+1","Thunderclap+1","Demon Form+1","Panacea+1","Reckless Charge+1","Parasite","Shrug It Off+1","Ghostly+1","Warcry+1","Metallicize+1","Dropkick","Evolve+1","Metallicize"],"relics":["Burning Blood","Boot","Vajra","Dream Catcher","Velvet Choker","Astrolabe","Mark of the Bloom","Blood Vial","Medical Kit"],"acts_visited":["Exordium","TheCity","TheBeyond","TheEnding"],"potions_floor_usage":[13,16,23,23,31,38,46,48,50],"damage_taken":[{"damage":1,"enemies":"Cultist","floor":1,"turns":3},{"damage":0,"enemies":"2 Louse","floor":2,"turns":3},{"damage":6,"enemies":"Jaw Worm","floor":5,"turns":3},{"damage":21,"enemies":"Lagavulin","floor":7,"turns":6},{"damage":0,"enemies":"Lots of Slimes","floor":12,"turns":1},{"damage":18,"enemies":"3 Sentries","floor":13,"turns":4},{"damage":11,"enemies":"Large Slime","floor":14,"turns":2},{"damage":0,"enemies":"Slime Boss","floor":16,"turns":5},{"damage":10,"enemies":"Shell Parasite","floor":18,"turns":4},{"damage":5,"enemies":"Chosen","floor":20,"turns":4},{"damage":12,"enemies":"Snake Plant","floor":22,"turns":5},{"damage":31,"enemies":"Slavers","floor":23,"turns":3},{"damage":9,"enemies":"3 Cultists","floor":25,"turns":4},{"damage":2,"enemies":"Cultist and Chosen","floor":31,"turns":6},{"damage":7,"enemies":"Automaton","floor":33,"turns":10},{"damage":4,"enemies":"3 Darklings","floor":35,"turns":4},{"damage":14,"enemies":"3 Shapes","floor":38,"turns":3},{"damage":6,"enemies":"Writhing Mass","floor":39,"turns":6},{"damage":8,"enemies":"4 Shapes","floor":42,"turns":5},{"damage":2,"enemies":"Spire Growth","floor":44,"turns":5},{"damage":2,"enemies":"3 Darklings","floor":46,"turns":6},{"damage":1,"enemies":"Jaw Worm Horde","floor":48,"turns":5},{"damage":3,"enemies":"Time Eater","floor":50,"turns":8},{"damage":0,"enemies":"Shield and Spear","floor":54,"turns":2}],"seed_played":"-5343010197196361266","potions_obtained":[{"floor":1,"key":"Explosive Potion"},{"floor":7,"key":"Dexterity Potion"},{"floor":12,"key":"SmokeBomb"},{"floor":22,"key":"Swift Potion"},{"floor":25,"key":"DistilledChaos"},{"floor":31,"key":"Weak Potion"},{"floor":42,"key":"Explosive Potion"},{"floor":44,"key":"SpeedPotion"},{"floor":46,"key":"Explosive Potion"},{"floor":48,"key":"Strength Potion"}],"is_trial":false,"path_per_floor":["M","M","?","$","M","R","E","R","T","?","R","M","E","M","R","B",null,"M","?","M","$","M","E","$","M","T","?","?","?","R","M","R","B",null,"M","?","?","M","M","R","?","M","T","M","?","M","$","M","R","B",null,"R","$","E"],"character_chosen":"IRONCLAD","items_purchased":["Evolve","Dropkick","Evolve","Metallicize","EssenceOfSteel","Medical Kit"],"campfire_rested":0,"item_purchase_floors":[21,47,47,53,53,53],"current_hp_per_floor":[80,80,80,80,80,80,65,65,65,65,65,71,59,54,54,60,80,76,76,77,77,71,46,46,43,43,28,28,28,28,32,32,31,42,42,42,42,28,22,22,22,14,14,12,12,10,10,9,9,6,6,6,6,6,6],"gold":56,"neow_bonus":"THREE_CARDS","is_daily":false,"chose_seed":false,"campfire_upgraded":8,"win_rate":0.0,"timestamp":1611784213,"path_taken":["M","?","?","$","M","R","E","R","T","?","R","M","E","M","R","BOSS","M","?","M","$","M","E","$","?","T","?","?","?","R","?","R","BOSS","M","?","?","M","M","R","?","?","T","M","?","M","$","M","R","BOSS","R","$","E"],"items_purchased_type":["Card","Card","Card","Card","Potion","Relic"],"build_version":"2020-12-22","purchased_purges":2,"victory":false,"max_hp_per_floor":[80,80,80,80,80,80,80,80,80,80,80,80,80,80,80,80,80,80,80,80,80,80,80,80,80,80,85,42,42,42,42,42,42,42,42,42,42,42,42,42,42,42,42,42,42,42,42,42,42,42,42,42,42,42,42],"card_choices":[{"not_picked":["Clothesline","Sword Boomerang"],"picked":"Wild Strike","floor":0},{"not_picked":["Sword Boomerang","Clothesline"],"picked":"Inflame","floor":1},{"not_picked":["Seeing Red","Warcry"],"picked":"Power Through","floor":2},{"not_picked":["Havoc","Hemokinesis"],"picked":"Cleave","floor":5},{"not_picked":["Spot Weakness","Anger"],"picked":"Warcry","floor":7},{"not_picked":["Iron Wave","Havoc"],"picked":"Clothesline","floor":12},{"not_picked":["Twin Strike","Dropkick"],"picked":"Reckless Charge","floor":13},{"not_picked":["Heavy Blade","Anger"],"picked":"Burning Pact","floor":14},{"not_picked":["Immolate","Limit Break"],"picked":"Juggernaut","floor":16},{"not_picked":["Spot Weakness","Clothesline"],"picked":"Cleave+1","floor":18},{"not_picked":["Searing Blow+1","Blood for Blood","Flex+1"],"picked":"SKIP","floor":20},{"not_picked":["Whirlwind","Hemokinesis"],"picked":"Clothesline+1","floor":22},{"not_picked":["Havoc","Bludgeon"],"picked":"Rage","floor":25},{"not_picked":["Battle Trance","Heavy Blade"],"picked":"Thunderclap","floor":31},{"not_picked":["Offering","Immolate"],"picked":"Barricade","floor":33},{"not_picked":["Sword Boomerang","Clash","Warcry"],"picked":"SKIP","floor":35},{"not_picked":["Transmutation","Secret Weapon"],"picked":"Panacea","floor":37},{"not_picked":["Iron Wave","Twin Strike+1"],"picked":"Reckless Charge+1","floor":38},{"not_picked":["Iron Wave","Pommel Strike+1"],"picked":"Shrug It Off+1","floor":39},{"not_picked":["Twin Strike","Evolve","Armaments"],"picked":"SKIP","floor":42},{"not_picked":["Pommel Strike","Second Wind"],"picked":"Warcry+1","floor":44},{"not_picked":["Flex","Reckless Charge"],"picked":"Metallicize+1","floor":46},{"not_picked":["Bloodletting+1","Body Slam","Inflame"],"picked":"SKIP","floor":48}],"player_experience":469917,"relics_obtained":[{"floor":7,"key":"Boot"},{"floor":9,"key":"Vajra"},{"floor":13,"key":"Dream Catcher"},{"floor":43,"key":"Blood Vial"}],"event_choices":[{"cards_removed":["Defend_R"],"damage_healed":0,"gold_gain":0,"player_choice":"Forget","damage_taken":0,"max_hp_gain":0,"max_hp_loss":0,"event_name":"Living Wall","floor":3,"gold_loss":0},{"damage_healed":0,"gold_gain":0,"player_choice":"Left Gold","damage_taken":0,"max_hp_gain":0,"max_hp_loss":0,"event_name":"World of Goop","floor":10,"gold_loss":47},{"damage_healed":0,"gold_gain":0,"player_choice":"Bet on Murderer","damage_taken":0,"max_hp_gain":0,"max_hp_loss":0,"event_name":"The Joust","floor":19,"gold_loss":50},{"damage_healed":0,"gold_gain":0,"player_choice":"Shed Blood","damage_taken":20,"max_hp_gain":5,"max_hp_loss":0,"event_name":"Forgotten Altar","floor":27,"gold_loss":0},{"damage_healed":0,"gold_gain":0,"player_choice":"Became a Ghost","damage_taken":0,"max_hp_gain":0,"max_hp_loss":43,"event_name":"Ghosts","floor":28,"gold_loss":0,"cards_obtained":["Ghostly","Ghostly","Ghostly","Ghostly","Ghostly"]},{"damage_healed":0,"gold_gain":100,"player_choice":"Pray","damage_taken":0,"max_hp_gain":0,"max_hp_loss":0,"event_name":"Golden Shrine","floor":29,"gold_loss":0},{"damage_healed":0,"gold_gain":0,"player_choice":"Upgrade","damage_taken":0,"relics_obtained":["Mark of the Bloom"],"max_hp_gain":0,"max_hp_loss":0,"event_name":"MindBloom","floor":36,"gold_loss":0,"cards_upgraded":["Strike_R","Defend_R","Defend_R","Bash","Wild Strike","Clothesline","Reckless Charge","Burning Pact","Rage","Ghostly","Ghostly","Ghostly","Ghostly","Ghostly","Thunderclap","Barricade"]},{"damage_healed":0,"gold_gain":0,"player_choice":"Memory 1","damage_taken":0,"max_hp_gain":0,"max_hp_loss":0,"event_name":"SensoryStone","floor":37,"gold_loss":0},{"damage_healed":0,"gold_gain":0,"player_choice":"Copied","damage_taken":0,"max_hp_gain":0,"max_hp_loss":0,"event_name":"Duplicator","floor":41,"gold_loss":0,"cards_obtained":["Ghostly"]},{"damage_healed":0,"gold_gain":0,"player_choice":"Ignored","damage_taken":0,"max_hp_gain":0,"max_hp_loss":0,"event_name":"Mysterious Sphere","floor":45,"gold_loss":0}],"is_beta":false,"boss_relics":[{"not_picked":["Runic Dome","Fusion Hammer"],"picked":"Velvet Choker"},{"not_picked":["Philosopher\u0027s Stone","Black Star"],"picked":"Astrolabe"}],"items_purged_floors":[4,24],"is_endless":false,"potions_floor_spawned":[1,7,12,22,25,31,42,44,46,48],"killed_by":"Shield and Spear","ascension_level":0}}