{"host":"igj4vwc42ivwqexo","time":1611763563,"event":{"mods":["BaseMod","Better Third Choice","Koishi","Marisa????????","Minty Spire (QoL Compilation)","Potionbrewer","Shop Mod","StS++","StSLib","The Disciple","The Hierophant","The Sage","The Servant 0.9.4"],"gold_per_floor":[109,109,125,17,32,32,50,50,50,80,92,107,107,107,107,202,202,190,207,218,218,237,237,262,262,285,298,298,298,298,311,311,411,411,431,431,485,497,119,119,153,153,153,153,166,166,166,180,180,180],"floor_reached":51,"language":"ENG","playtime":6883,"items_purged":["Writhe"],"score":697,"play_id":"3a9a7f8d-fc06-40dd-bf20-35355ee8a160","local_time":"20210127170603","is_ascension_mode":false,"campfire_choices":[{"data":"potionbrewer:LeftoverSpecimen","floor":6,"key":"SMITH"},{"data":"potionbrewer:MicrobeSpray","floor":8,"key":"SMITH"},{"data":"potionbrewer:ExplosiveReaction","floor":13,"key":"SMITH"},{"data":"potionbrewer:TestFormula","floor":15,"key":"SMITH"},{"data":"potionbrewer:SpecialFormula","floor":23,"key":"SMITH"},{"data":"potionbrewer:MicrobeSpray","floor":25,"key":"SMITH"},{"data":"potionbrewer:SpecialFormula","floor":32,"key":"SMITH"},{"data":"potionbrewer:HazardousMaterials","floor":40,"key":"SMITH"},{"data":"potionbrewer:ChemicalSpill","floor":42,"key":"SMITH"},{"data":"potionbrewer:RefinedProcess","floor":46,"key":"SMITH"},{"data":"potionbrewer:PrivateReserves","floor":49,"key":"SMITH"}],"circlet_count":0,"master_deck":["potionbrewer:PotionbrewerDefend","potionbrewer:PotionbrewerDefend","potionbrewer:PotionbrewerDefend","potionbrewer:PotionbrewerDefend","potionbrewer:Collect","potionbrewer:ChemicalSpill+1","potionbrewer:EmptyBottle","potionbrewer:Smack","potionbrewer:LeftoverSpecimen+1","potionbrewer:MicrobeSpray+1","potionbrewer:AnotherRound","potionbrewer:TestFormula+1","potionbrewer:HazardousMaterials+1","potionbrewer:FuelCell","potionbrewer:ExplosiveReaction+1","potionbrewer:PrivateReserves+1","potionbrewer:SpecialFormula+1","potionbrewer:FortifiedSerum+1","potionbrewer:BalancedFormula","potionbrewer:MicrobeSpray+1","potionbrewer:SpecialFormula+1","potionbrewer:BlindingMist+1","Bite","Bite","Bite","Bite","Bite","potionbrewer:Fuel","potionbrewer:RefinedProcess+1","potionbrewer:Smokescreen+1","potionbrewer:Backhand+1","potionbrewer:CausticBarrier","potionbrewer:TestSubject+1","Wraith","potionbrewer:FuelCell"],"relics":["potionbrewer:PotionKit","StSpp:SailingBoat","potionbrewer:PaperSwan","Nunchaku","StSpp:Balance","Juzu Bracelet","Letter Opener","Bronze Scales","potionbrewer:ElricsMonocle","Enchiridion","SlaversCollar","potionbrewer:DrinkingBird","Toy Ornithopter","ClockworkSouvenir","sagemod:Creepy_Carousel","Torii"],"acts_visited":["Exordium","TheCity","TheBeyond"],"potions_floor_usage":[5,7,7,7,10,10,10,10,11,16,16,16,18,19,20,20,22,22,22,24,24,24,27,27,27,33,33,35,35,35,35,37,37,38,41,41,41,45,45,48,48,48,48,50,50,50,50,50],"damage_taken":[{"damage":2,"enemies":"Small Slimes","floor":1,"turns":5},{"damage":1,"enemies":"Cultist","floor":3,"turns":4},{"damage":0,"enemies":"2 Louse","floor":5,"turns":5},{"damage":0,"enemies":"Exordium Thugs","floor":7,"turns":4},{"damage":17,"enemies":"3 Sentries","floor":10,"turns":10},{"damage":2,"enemies":"Looter","floor":11,"turns":4},{"damage":9,"enemies":"Large Slime","floor":12,"turns":6},{"damage":33,"enemies":"The Guardian","floor":16,"turns":9},{"damage":0,"enemies":"2 Thieves","floor":18,"turns":4},{"damage":0,"enemies":"Shell Parasite","floor":19,"turns":5},{"damage":9,"enemies":"Cultist and Chosen","floor":20,"turns":8},{"damage":5,"enemies":"Snecko","floor":22,"turns":7},{"damage":39,"enemies":"Slavers","floor":24,"turns":6},{"damage":9,"enemies":"Centurion and Healer","floor":27,"turns":7},{"damage":2,"enemies":"3 Cultists","floor":31,"turns":6},{"damage":2,"enemies":"Champ","floor":33,"turns":9},{"damage":2,"enemies":"3 Darklings","floor":35,"turns":7},{"damage":6,"enemies":"2 Orb Walkers","floor":37,"turns":7},{"damage":6,"enemies":"Orb Walker","floor":38,"turns":4},{"damage":16,"enemies":"Reptomancer","floor":41,"turns":4},{"damage":6,"enemies":"Jaw Worm Horde","floor":45,"turns":4},{"damage":1,"enemies":"Maw","floor":48,"turns":5},{"damage":49,"enemies":"Donu and Deca","floor":50,"turns":12}],"seed_played":"-3073392857030430755","potions_obtained":[{"floor":1,"key":"Explosive Potion"},{"floor":10,"key":"StSpp:SecondWindPotion"},{"floor":12,"key":"potionbrewer:DiscountPotion"},{"floor":16,"key":"BlessingOfTheForge"},{"floor":18,"key":"ColorlessPotion"},{"floor":22,"key":"potionbrewer:BarricadePotion"},{"floor":24,"key":"SpeedPotion"},{"floor":33,"key":"potionbrewer:FreezingPotion"},{"floor":35,"key":"Dexterity Potion"},{"floor":41,"key":"potionbrewer:CleansingPotion"},{"floor":45,"key":"potionbrewer:DiscountPotion"}],"is_trial":false,"path_per_floor":["M","?","M","$","M","R","M","R","T","E","M","M","R","?","R","B",null,"M","M","M","?","M","R","E","R","T","M","?","?","?","M","R","B",null,"M","?","?","M","$","R","E","R","T","?","M","R","?","M","R","B",null],"character_chosen":"POTIONBREWER","items_purchased":["potionbrewer:MicrobeSpray","potionbrewer:AnotherRound","Toy Ornithopter","ClockworkSouvenir"],"campfire_rested":0,"item_purchase_floors":[4,4,39,39],"current_hp_per_floor":[80,80,79,79,79,79,79,79,79,62,60,51,51,51,51,18,82,82,82,73,73,68,68,29,29,29,20,20,20,4,12,12,24,57,57,54,50,46,46,46,51,51,51,51,54,54,54,54,54,25],"gold":180,"neow_bonus":"TEN_PERCENT_HP_BONUS","is_daily":false,"chose_seed":false,"campfire_upgraded":11,"win_rate":0.0,"timestamp":1611763563,"path_taken":["M","?","?","?","M","R","M","R","T","E","M","M","R","?","R","BOSS","M","M","M","?","M","R","E","R","T","M","?","?","?","M","R","BOSS","M","?","?","M","$","R","E","R","T","?","M","R","?","M","R","BOSS"],"items_purchased_type":["Card","Card","Relic","Relic"],"build_version":"2020-12-22","purchased_purges":1,"victory":true,"max_hp_per_floor":[82,82,82,82,82,82,82,82,82,82,82,82,82,82,82,82,82,82,82,82,82,82,82,82,82,82,82,57,57,57,57,57,57,57,57,54,54,54,54,54,54,54,54,54,54,54,54,54,54,54],"card_choices":[{"not_picked":["potionbrewer:Smokescreen","potionbrewer:Toxicity"],"picked":"potionbrewer:EmptyBottle","floor":1},{"not_picked":["potionbrewer:FlashPowder","potionbrewer:Backhand"],"picked":"potionbrewer:LeftoverSpecimen","floor":3},{"not_picked":["potionbrewer:UnstableFormula","potionbrewer:Toxicity"],"picked":"potionbrewer:TestFormula","floor":5},{"not_picked":["potionbrewer:Toxicity","potionbrewer:AnotherRound","potionbrewer:Prototype"],"picked":"potionbrewer:HazardousMaterials","floor":7},{"not_picked":["potionbrewer:Transmute","potionbrewer:UnstableFormula","potionbrewer:Prototype"],"picked":"potionbrewer:FuelCell","floor":10},{"not_picked":["potionbrewer:ChokingPowder","potionbrewer:VolatileSolution","potionbrewer:Prototype"],"picked":"potionbrewer:ExplosiveReaction","floor":11},{"not_picked":["potionbrewer:Smack","potionbrewer:ChemicalWeapons"],"picked":"potionbrewer:PrivateReserves","floor":12},{"not_picked":["potionbrewer:BottomlessFlask","potionbrewer:IronFlesh"],"picked":"potionbrewer:SpecialFormula","floor":16},{"not_picked":["potionbrewer:TestFormula","potionbrewer:OneTwoPunch"],"picked":"potionbrewer:FortifiedSerum+1","floor":18},{"not_picked":["potionbrewer:BalancedFormula","potionbrewer:BlindingSpray"],"picked":"potionbrewer:CausticBarrier+1","floor":19},{"not_picked":["potionbrewer:ChemicalWeapons","potionbrewer:ExplosiveReaction"],"picked":"potionbrewer:BalancedFormula","floor":20},{"not_picked":["potionbrewer:BlindingSpray","potionbrewer:OneTwoPunch+1"],"picked":"potionbrewer:MicrobeSpray","floor":22},{"not_picked":["potionbrewer:FortifiedSerum","potionbrewer:IronFist+1"],"picked":"potionbrewer:SpecialFormula","floor":24},{"not_picked":["potionbrewer:Brandish","potionbrewer:CrossReference"],"picked":"potionbrewer:BlindingMist+1","floor":27},{"not_picked":["potionbrewer:IronFist","potionbrewer:Experimentation"],"picked":"potionbrewer:Fuel","floor":31},{"not_picked":["potionbrewer:AlchemistForm","potionbrewer:BrokenBeakers","potionbrewer:Prototype"],"picked":"potionbrewer:RefinedProcess","floor":33},{"not_picked":["potionbrewer:QuickStep","potionbrewer:FortifiedSerum","potionbrewer:Prototype"],"picked":"potionbrewer:Smokescreen+1","floor":35},{"not_picked":["potionbrewer:UnstableFormula","potionbrewer:FortifiedSerum+1"],"picked":"potionbrewer:Backhand+1","floor":38},{"not_picked":["potionbrewer:Biohazard+1","potionbrewer:Smack"],"picked":"potionbrewer:CausticBarrier","floor":41},{"not_picked":["potionbrewer:QuickStep","potionbrewer:LabAccident"],"picked":"potionbrewer:TestSubject+1","floor":45},{"not_picked":["potionbrewer:Toxicity+1","potionbrewer:BeatDown"],"picked":"potionbrewer:FuelCell","floor":48}],"player_experience":366361,"relics_obtained":[{"floor":9,"key":"StSpp:SailingBoat"},{"floor":10,"key":"potionbrewer:PaperSwan"},{"floor":24,"key":"Letter Opener"},{"floor":26,"key":"Bronze Scales"},{"floor":29,"key":"potionbrewer:ElricsMonocle"},{"floor":30,"key":"Enchiridion"},{"floor":37,"key":"potionbrewer:DrinkingBird"},{"floor":41,"key":"sagemod:Creepy_Carousel"},{"floor":43,"key":"Torii"}],"event_choices":[{"damage_healed":0,"gold_gain":0,"player_choice":"1 cards matched","damage_taken":0,"max_hp_gain":0,"max_hp_loss":0,"event_name":"Match and Keep!","floor":2,"gold_loss":0,"cards_obtained":["potionbrewer:Smack"]},{"damage_healed":0,"gold_gain":0,"player_choice":"Gave Potion","damage_taken":0,"relics_obtained":["Nunchaku"],"max_hp_gain":0,"max_hp_loss":0,"event_name":"WeMeetAgain","floor":14,"gold_loss":0},{"damage_healed":0,"gold_gain":0,"player_choice":"Opened","damage_taken":0,"relics_obtained":["Juzu Bracelet"],"max_hp_gain":0,"max_hp_loss":0,"event_name":"The Mausoleum","floor":21,"gold_loss":0,"cards_obtained":["Writhe"]},{"damage_healed":0,"gold_gain":0,"player_choice":"Became a vampire","damage_taken":0,"max_hp_gain":0,"max_hp_loss":25,"event_name":"Vampires","floor":28,"gold_loss":0,"cards_obtained":["Bite","Bite","Bite","Bite","Bite"]},{"damage_healed":0,"gold_gain":0,"player_choice":"Got Potions","damage_taken":0,"max_hp_gain":0,"max_hp_loss":0,"event_name":"Lab","floor":29,"gold_loss":0},{"damage_healed":0,"gold_gain":0,"player_choice":"Obtained Book","damage_taken":16,"max_hp_gain":0,"max_hp_loss":0,"event_name":"Cursed Tome","floor":30,"gold_loss":0},{"damage_healed":0,"gold_gain":0,"player_choice":"Max HP","damage_taken":0,"max_hp_gain":0,"max_hp_loss":3,"event_name":"Winding Halls","floor":36,"gold_loss":0},{"damage_healed":0,"gold_gain":0,"player_choice":"Fight","damage_taken":0,"max_hp_gain":0,"max_hp_loss":0,"event_name":"Mysterious Sphere","floor":37,"gold_loss":0},{"cards_removed":["potionbrewer:CausticBarrier"],"damage_healed":0,"gold_gain":0,"player_choice":"Removed Skill","damage_taken":0,"max_hp_gain":0,"max_hp_loss":0,"event_name":"Falling","floor":44,"gold_loss":0},{"damage_healed":0,"gold_gain":0,"player_choice":"Ignored","damage_taken":0,"max_hp_gain":0,"max_hp_loss":0,"event_name":"OrinTheCat","floor":47,"gold_loss":0}],"is_beta":false,"boss_relics":[{"not_picked":["Runic Dome","StSpp:PileOfSugar"],"picked":"StSpp:Balance"},{"not_picked":["Fusion Hammer","Tiny House"],"picked":"SlaversCollar"}],"items_purged_floors":[39],"is_endless":false,"potions_floor_spawned":[1,10,12,16,18,22,24,33,35,41,45],"ascension_level":0}}