{"host":"3ghcx3e93lhog3cp","time":1611766892,"event":{"mods":["AchievementEnabler","BaseMod","Downfall","Infinite Spire","Minty Spire (QoL Compilation)","Replay The Spire","StSLib"],"gold_per_floor":[111,129,129,148,162,196,196,196,220,240,276,7,7,88,88,217,217,232,248,262,262,276,310,331,375,457,492,492,79,79,95,95,219,219,257,289,331,366,404,463,463,509,534,534,594,669,732,796,796,796,796,796,49,93,93,93],"floor_reached":55,"language":"ENG","playtime":4818,"items_purged":["Strike_R+1","Defend_R+1"],"score":911,"play_id":"c59a2b30-508c-4f23-971c-50d1a10fc360","local_time":"20210127090132","is_ascension_mode":true,"campfire_choices":[{"data":"Hemogenesis","floor":8,"key":"SMITH"},{"data":"Sword Boomerang","floor":13,"key":"SMITH"},{"data":"Flame Barrier","floor":15,"key":"SMITH"},{"data":"Bash","floor":32,"key":"SMITH"},{"floor":44,"key":"RECALL"},{"data":"Replay:Many Hands","floor":49,"key":"SMITH"},{"data":"Demon Form","floor":52,"key":"SMITH"}],"circlet_count":0,"master_deck":["Strike_R+1","Strike_R+1","Strike_R+1","Strike_R+1","Defend_R+1","Defend_R+1","Defend_R+1","Bash+1","Shrug It Off","Flame Barrier+1","Combust","Sword Boomerang+1","downfall:Haunted","downfall:Haunted","ReplayTheSpireMod:Faulty Equipment","Hemogenesis+1","downfall:Malfunctioning","ReplayTheSpireMod:Muscle Training","Demon Form+1","Seeing Red+1","Metallicize","Demonic Infusion+1","Replay:Undeath\u0027s Touch","Shrug It Off","Hemokinesis","Seeing Red+1","Berserk+1","Thunderclap","Cleave","downfall:Bewildered","Replay:Undeath\u0027s Touch","Replay:Many Hands+1","AbeCurse","Injury","Zap","Offering","Replay:BasicMightCard","ReplayTheSpireMod:Chaos Vortex","Sword Boomerang","Warcry+1","Pommel Strike+1","Twin Strike+1","Cleave+1","Writhe","Inflame","ReplayTheSpireMod:Limb From Limb+1","Shrug It Off+1"],"relics":["Burning Blood","Golden Idol","Art of War","Du-Vu Doll","Vajra","MawBank","ReplayTheSpireMod:TigerMarble","Blue Candle","SlaversCollar","Thread and Needle","Oddly Smooth Stone","Singing Bowl","Replay:Bottled Steam","Blue Doll","Guide Book","sneckomod:BabySnecko","infinitespire:EvilPickle","Replay:Grab Bag","Abe\u0027s Treasure","Mark of Pain","ReplayTheSpireMod:SealedPack","ReplayFunnel","Sundial","Counterbalance","infinitespire:BottledMercury","Kunai","TheAbacus","Replay:Baseball"],"acts_visited":["Exordium","TheCity","TheBeyond","TheEnding"],"potions_floor_usage":[4,16,16,22,23,23,27,27,33,33,39,45,46,50,50],"damage_taken":[{"damage":4,"enemies":"Small Slimes","floor":1,"turns":4},{"damage":2,"enemies":"2 Louse","floor":2,"turns":4},{"damage":0,"enemies":"Jaw Worm","floor":4,"turns":5},{"damage":11,"enemies":"Large Slime","floor":5,"turns":6},{"damage":22,"enemies":"3 Sentries","floor":6,"turns":7},{"damage":1,"enemies":"2 Fungi Beasts","floor":10,"turns":3},{"damage":34,"enemies":"Lagavulin","floor":11,"turns":6},{"damage":26,"enemies":"Hexaghost","floor":16,"turns":6},{"damage":0,"enemies":"Spheric Guardian","floor":18,"turns":3},{"damage":2,"enemies":"3 Byrds","floor":19,"turns":3},{"damage":15,"enemies":"Shelled Parasite and Fungi","floor":20,"turns":7},{"damage":26,"enemies":"Snake Plant","floor":22,"turns":3},{"damage":4,"enemies":"Gremlin Leader","floor":23,"turns":6},{"damage":9,"enemies":"Chosen and Byrds","floor":24,"turns":4},{"damage":12,"enemies":"Replay:Snechameleon","floor":25,"turns":4},{"damage":27,"enemies":"Slavers","floor":27,"turns":4},{"damage":33,"enemies":"Sentry and Sphere","floor":31,"turns":5},{"damage":17,"enemies":"Pondfish","floor":33,"turns":7},{"damage":10,"enemies":"3 Shapes","floor":35,"turns":2},{"damage":19,"enemies":"3 Darklings","floor":36,"turns":3},{"damage":8,"enemies":"Sphere and 2 Shapes","floor":37,"turns":3},{"damage":20,"enemies":"4 Shapes","floor":38,"turns":3},{"damage":19,"enemies":"Spire Growth","floor":39,"turns":4},{"damage":6,"enemies":"R_Hoarder","floor":40,"turns":3},{"damage":11,"enemies":"Maw","floor":42,"turns":5},{"damage":23,"enemies":"4 Shapes","floor":45,"turns":4},{"damage":2,"enemies":"Reptomancer","floor":46,"turns":3},{"damage":3,"enemies":"Jaw Worm Horde","floor":47,"turns":3},{"damage":5,"enemies":"2 Orb Walkers","floor":48,"turns":3},{"damage":28,"enemies":"Replay:Hell Engine","floor":50,"turns":6},{"damage":46,"enemies":"Shield and Spear","floor":54,"turns":5},{"damage":71,"enemies":"The Heart","floor":55,"turns":3}],"seed_played":"878198307676876547","potions_obtained":[{"floor":1,"key":"GamblersBrew"},{"floor":2,"key":"BlessingOfTheForge"},{"floor":11,"key":"LiquidMemories"},{"floor":16,"key":"AttackPotion"},{"floor":19,"key":"Regen Potion"},{"floor":20,"key":"LiquidBronze"},{"floor":23,"key":"SkillPotion"},{"floor":24,"key":"LiquidMemories"},{"floor":25,"key":"hexamod:SoulburnPotion"},{"floor":27,"key":"Energy Potion"},{"floor":35,"key":"Ancient Potion"},{"floor":37,"key":"Weak Potion"},{"floor":40,"key":"ColorlessPotion"},{"floor":46,"key":"FearPotion"},{"floor":48,"key":"hexamod:SoulburnPotion"}],"is_trial":false,"path_per_floor":["M","M","?","M","M","E","?","R","T","M","E","$","R","T","R","B",null,"M","M","M","?","M","E","M","E","T","E","?","$","?","M","R","B",null,"M","M","M","M","M","E","?","M","T","R","M","E","M","?","R","B",null,"R","$","E","B"],"character_chosen":"IRONCLAD","items_purchased":["ReplayTheSpireMod:TigerMarble","Seeing Red+1","Metallicize","Blue Doll","Guide Book","Cleave","infinitespire:BottledMercury","Kunai","TheAbacus"],"campfire_rested":0,"item_purchase_floors":[12,12,12,29,29,29,53,53,53],"current_hp_per_floor":[88,88,66,72,67,51,56,56,56,69,49,49,49,49,49,43,93,93,93,93,93,89,93,93,88,88,67,67,67,67,51,51,51,95,91,78,87,84,71,73,97,99,99,99,82,86,101,101,101,87,101,101,101,71,0,0],"gold":93,"neow_bonus":"TEN_PERCENT_HP_BONUS","is_daily":false,"chose_seed":false,"campfire_upgraded":6,"win_rate":0.0,"timestamp":1611766892,"path_taken":["M","M","?","M","M","E","?","R","T","M","E","$","R","?","R","BOSS","M","M","M","?","M","E","M","E","T","E","?","$","?","M","R","BOSS","M","M","M","M","M","E","?","M","T","R","M","E","M","?","R","BOSS","R","$","E","BOSS"],"items_purchased_type":["Relic","Card","Card","Relic","Relic","Card","Relic","Relic","Relic"],"build_version":"2020-12-22","purchased_purges":2,"victory":false,"max_hp_per_floor":[88,88,88,88,88,88,93,93,93,93,93,93,93,93,93,93,93,93,93,93,93,93,93,93,93,93,93,93,93,93,93,93,93,95,95,95,95,95,95,97,97,99,99,99,99,99,101,101,101,101,101,101,101,103,103,103],"card_choices":[{"not_picked":["Warcry","Iron Wave"],"picked":"Shrug It Off","floor":1},{"not_picked":["Twin Strike","Havoc"],"picked":"Flame Barrier","floor":2},{"not_picked":["Burning Pact","Sword Boomerang"],"picked":"Combust","floor":4},{"not_picked":["Exhume","Twin Strike","Spot Weakness"],"picked":"SKIP","floor":5},{"not_picked":["ReplayTheSpireMod:Strike From Hell","Abandon"],"picked":"Sword Boomerang","floor":6},{"not_picked":["Body Slam","Thunderclap"],"picked":"ReplayTheSpireMod:Muscle Training","floor":10},{"not_picked":["Flex","Run Through"],"picked":"Demon Form","floor":11},{"not_picked":["Demon Form","Impervious"],"picked":"Demonic Infusion","floor":16},{"not_picked":["Sever Soul","Wild Strike"],"picked":"Replay:Undeath\u0027s Touch","floor":18},{"not_picked":["Thunderclap","Flex"],"picked":"Shrug It Off","floor":19},{"not_picked":["Thunderclap","Wild Strike+1"],"picked":"Hemokinesis","floor":20},{"not_picked":["ReplayReversal+1","Eclipse","Abandon"],"picked":"SKIP","floor":22},{"not_picked":["Perfected Strike","Wild Strike","Clothesline"],"picked":"SKIP","floor":23},{"not_picked":["Twin Strike","Uppercut"],"picked":"Seeing Red+1","floor":24},{"not_picked":["Blood for Blood","Headbutt+1"],"picked":"Berserk","floor":25},{"not_picked":["Shrug It Off+1","Bludgeon"],"picked":"Thunderclap","floor":27},{"not_picked":["Iron Wave","Body Slam"],"picked":"Replay:Undeath\u0027s Touch","floor":31},{"not_picked":["Impervious","Bludgeon"],"picked":"Replay:Many Hands","floor":33},{"not_picked":["Zap","Survivor","champ:Taunt"],"picked":"Singing Bowl","floor":34},{"not_picked":["Limit Break","Replay:Many Hands"],"picked":"Offering","floor":34},{"not_picked":["Forethought","ReplayTheSpireMod:Private Reserves"],"picked":"Replay:BasicMightCard","floor":34},{"not_picked":["ReplayTheSpireMod:Haul","infinitespire:FutureSight"],"picked":"ReplayTheSpireMod:Chaos Vortex","floor":34},{"not_picked":["ReplayTheSpireMod:Strike From Hell","Iron Wave+1"],"picked":"Sword Boomerang","floor":35},{"not_picked":["ReplayTheSpireMod:Strike From Hell","Rampage+1"],"picked":"Warcry+1","floor":36},{"not_picked":["Searing Blow+1","Headbutt"],"picked":"Pommel Strike+1","floor":37},{"not_picked":["Sentinel","Carnage+1"],"picked":"Twin Strike+1","floor":38},{"not_picked":["Flex+1","Ghostly Armor"],"picked":"Cleave+1","floor":39},{"not_picked":["Spot Weakness","Bludgeon","Flex"],"picked":"Singing Bowl","floor":40},{"not_picked":["Havoc","Perfected Strike+1","Anger"],"picked":"Singing Bowl","floor":42},{"not_picked":["Dark Embrace","Abandon"],"picked":"Inflame","floor":45},{"not_picked":["ReplayTheSpireMod:Strike From Hell+1","True Grit+1"],"picked":"ReplayTheSpireMod:Limb From Limb+1","floor":46},{"not_picked":["Clothesline+1","Havoc","Dual Wield+1"],"picked":"Singing Bowl","floor":47},{"not_picked":["Iron Wave","Double Tap"],"picked":"Shrug It Off+1","floor":48},{"not_picked":["Anger","Shrug It Off+1","Disarm"],"picked":"Singing Bowl","floor":54}],"player_experience":210046,"relics_obtained":[{"floor":6,"key":"Art of War"},{"floor":9,"key":"Vajra"},{"floor":11,"key":"MawBank"},{"floor":14,"key":"Blue Candle"},{"floor":23,"key":"Thread and Needle"},{"floor":25,"key":"Oddly Smooth Stone"},{"floor":26,"key":"Singing Bowl"},{"floor":27,"key":"Replay:Bottled Steam"},{"floor":40,"key":"ReplayFunnel"},{"floor":46,"key":"Sundial"},{"floor":48,"key":"Counterbalance"},{"floor":54,"key":"Replay:Baseball"}],"event_choices":[{"damage_healed":0,"gold_gain":0,"player_choice":"Take Damage","damage_taken":22,"relics_obtained":["Golden Idol"],"max_hp_gain":0,"max_hp_loss":0,"event_name":"Golden Idol","floor":3,"gold_loss":0},{"damage_healed":0,"gold_gain":0,"player_choice":"Simplicity","damage_taken":0,"max_hp_gain":0,"max_hp_loss":0,"event_name":"Back to Basics","floor":21,"gold_loss":0,"cards_upgraded":["Strike_R","Strike_R","Strike_R","Strike_R","Strike_R","Defend_R","Defend_R","Defend_R","Defend_R"]},{"damage_healed":24,"gold_gain":0,"player_choice":"Writhe","damage_taken":0,"max_hp_gain":0,"max_hp_loss":0,"event_name":"Winding Halls","floor":41,"gold_loss":0,"cards_obtained":["Writhe"]},{"damage_healed":0,"gold_gain":0,"player_choice":"Fight","damage_taken":0,"max_hp_gain":0,"max_hp_loss":0,"event_name":"Mysterious Sphere","floor":48,"gold_loss":0}],"is_beta":false,"boss_relics":[{"not_picked":["Tiny House","Ooze Armor"],"picked":"SlaversCollar"},{"not_picked":["Runic Cube","Philosopher\u0027s Stone"],"picked":"Replay:Grab Bag"},{"not_picked":["Replay:Bronze Core","Replay:Wanted Poster"],"picked":"Abe\u0027s Treasure"},{"not_picked":["ReplayTheSpireMod:DimensionalGlitch","Runic Dome"],"picked":"Mark of Pain"},{"not_picked":["Kintsugi","Pandora\u0027s Box"],"picked":"ReplayTheSpireMod:SealedPack"}],"items_purged_floors":[29,53],"is_endless":false,"potions_floor_spawned":[1,2,11,16,19,20,23,24,25,27,35,37,40,46,48],"killed_by":"The Heart","ascension_level":1}}