{"host":"x730sfaw5rd1mxd8","time":1611712461,"event":{"mods":["BaseMod","BetterRewards","Colored Map","Colored Powertips","Highlight Path","Minty Spire (QoL Compilation)","Relic Sorter","Relic Stats","Replay The Spire","StSLib"],"gold_per_floor":[113,124,124,138,151,181,181,211,211,231,263,263,274,305,305,400,400,411,429,440,515,528,528,563,563,586,611,629,645,677,690,690,789,789,805,816,829,843,893,920,920,953,953,982,995,995,995,1026,1026,1026,1026,1026,370,400,400],"floor_reached":56,"language":"ENG","playtime":3855,"items_purged":["Strike_R","ReplayTheSpireMod:LeadingStrike"],"score":2817,"play_id":"f012fcd4-ca8e-483e-b65f-4eb8b5a4f7a8","local_time":"20210126205421","is_ascension_mode":true,"campfire_choices":[{"data":"Berserk","floor":7,"key":"SMITH"},{"data":"Rupture","floor":12,"key":"SMITH"},{"data":"Immolate","floor":15,"key":"SMITH"},{"data":"Fiend Fire","floor":23,"key":"SMITH"},{"data":"Combust","floor":25,"key":"SMITH"},{"data":"Bash","floor":32,"key":"SMITH"},{"floor":41,"key":"RECALL"},{"data":"Barricade","floor":46,"key":"SMITH"},{"data":"Juggernaut","floor":49,"key":"SMITH"},{"data":"Feel No Pain","floor":52,"key":"SMITH"}],"circlet_count":0,"master_deck":["AscendersBane","Bash+1","Rupture+1","Shrug It Off","Feel No Pain+1","Rampage","Mayhem","Evolve","Cleave","Self Repair+1","Combust+1","Berserk+1","Immolate+1","Hologram+1","Recycle+1","Fiend Fire+1","AbeCurse","True Grit+1","True Grit+1","Headbutt+1","Shrug It Off+1","Shockwave+1","Eclipse+1","Flame Barrier+1","Disarm+1","Barricade+1","Searing Blow","Sentinel+1","Bludgeon","Juggernaut+1","Carnage","Life Link","Sever Soul","Shrug It Off+1","Rage+1","Shrug It Off+1","ReplayTheSpireMod:Muscle Training+1","Ghostly Armor+1","Body Slam+1","Metallicize+1","Inflame+1","Pot Of Greed+1","Pot Of Greed+1","Pot Of Greed+1","Pot Of Greed+1","Master of Strategy+1","Shockwave+1"],"relics":["Mummified Hand","Torii","ReplayTheSpireMod:Lightbulb","Magic Flower","Iron Core","Dream Catcher","Simple Rune","Toxic Egg 2","Unceasing Top","Replay:Rubber Ducky","Abe\u0027s Treasure","ReplayTheSpireMod:Spearhead","Happy Flower","ReplayTheSpireMod:Shallot","Pandora\u0027s Box","Charon\u0027s Ashes","TungstenRod","Gambling Chip","CaptainsWheel","Frozen Egg 2","Orichalcum","OrangePellets","Grinning Jar","Replay:Ringing Soul"],"acts_visited":["Exordium","TheCity","TheBeyond","TheEnding"],"potions_floor_usage":[11,55,55],"damage_taken":[{"damage":1,"enemies":"Small Slimes","floor":1,"turns":4},{"damage":1,"enemies":"Cultist","floor":2,"turns":4},{"damage":12,"enemies":"Jaw Worm","floor":4,"turns":4},{"damage":15,"enemies":"3 Louse","floor":5,"turns":4},{"damage":16,"enemies":"Replay:BlueRogue","floor":6,"turns":5},{"damage":19,"enemies":"Lagavulin","floor":8,"turns":6},{"damage":19,"enemies":"Exordium Wildlife","floor":10,"turns":5},{"damage":29,"enemies":"Gremlin Nob","floor":11,"turns":4},{"damage":0,"enemies":"Lots of Slimes","floor":13,"turns":1},{"damage":12,"enemies":"Replay:BlueRogue","floor":14,"turns":5},{"damage":21,"enemies":"Slime Boss","floor":16,"turns":6},{"damage":3,"enemies":"Shell Parasite","floor":18,"turns":4},{"damage":19,"enemies":"3 Byrds","floor":19,"turns":4},{"damage":21,"enemies":"Shelled Parasite and Fungi","floor":20,"turns":6},{"damage":16,"enemies":"Snake Plant","floor":22,"turns":5},{"damage":4,"enemies":"Gremlin Leader","floor":24,"turns":6},{"damage":5,"enemies":"Book of Stabbing","floor":27,"turns":5},{"damage":0,"enemies":"Centurion and Healer","floor":28,"turns":6},{"damage":1,"enemies":"Snecko","floor":29,"turns":4},{"damage":1,"enemies":"Gremlin Leader","floor":30,"turns":4},{"damage":0,"enemies":"Shelled Parasite and Fungi","floor":31,"turns":4},{"damage":5,"enemies":"Automaton","floor":33,"turns":9},{"damage":1,"enemies":"Orb Walker","floor":35,"turns":2},{"damage":11,"enemies":"3 Darklings","floor":36,"turns":5},{"damage":38,"enemies":"Writhing Mass","floor":37,"turns":4},{"damage":20,"enemies":"4 Shapes","floor":38,"turns":6},{"damage":1,"enemies":"Mind Bloom Boss Battle","floor":39,"turns":5},{"damage":1,"enemies":"Giant Head","floor":40,"turns":6},{"damage":0,"enemies":"Nemesis","floor":42,"turns":8},{"damage":0,"enemies":"Giant Head","floor":44,"turns":6},{"damage":0,"enemies":"Spire Growth","floor":45,"turns":4},{"damage":0,"enemies":"R_Hoarder","floor":48,"turns":7},{"damage":0,"enemies":"Awakened One","floor":50,"turns":11},{"damage":0,"enemies":"Shield and Spear","floor":54,"turns":3},{"damage":0,"enemies":"The Heart","floor":55,"turns":8}],"seed_played":"1245647241958247397","potions_obtained":[{"floor":1,"key":"Elixir"},{"floor":5,"key":"PowerPotion"},{"floor":10,"key":"Weak Potion"},{"floor":11,"key":"DuplicationPotion"},{"floor":19,"key":"Swift Potion"},{"floor":20,"key":"BloodPotion"}],"is_trial":false,"path_per_floor":["M","M","?","M","M","E","R","E","T","M","E","R","M","E","R","B",null,"M","M","M","?","M","R","E","R","T","E","M","M","E","M","R","B",null,"M","M","M","M","?","E","R","E","T","E","M","R","?","E","R","B",null,"R","$","E","B",null],"character_chosen":"IRONCLAD","items_purchased":["Mummified Hand","Rupture","Shrug It Off","Feel No Pain","Torii","ReplayTheSpireMod:Lightbulb","Magic Flower","Rampage","Mayhem","OrangePellets","Inflame+1","Grinning Jar","Master of Strategy+1"],"campfire_rested":0,"item_purchase_floors":[0,0,0,0,0,0,0,0,0,53,53,53,53],"current_hp_per_floor":[80,80,80,80,80,79,79,75,75,71,57,57,57,60,60,54,74,80,76,70,62,61,61,72,72,72,80,80,80,80,80,80,80,80,79,80,57,52,66,80,80,80,80,80,80,80,80,80,80,80,80,80,80,80,80],"gold":400,"neow_bonus":"","is_daily":false,"chose_seed":false,"campfire_upgraded":9,"win_rate":0.0,"timestamp":1611712461,"path_taken":["M","M","?","M","M","E","R","E","T","M","E","R","M","E","R","BOSS","M","M","M","?","M","R","E","R","T","E","?","M","E","M","R","BOSS","M","?","M","M","?","E","R","E","T","E","M","R","?","E","R","BOSS","R","$","E","BOSS"],"items_purchased_type":["Relic","Card","Card","Card","Relic","Relic","Relic","Card","Card","Relic","Card","Relic","Card"],"build_version":"2020-12-22","purchased_purges":2,"victory":true,"max_hp_per_floor":[80,80,80,80,80,80,80,80,80,80,80,80,80,80,80,80,80,80,80,80,80,80,80,80,80,80,80,80,80,80,80,80,80,80,80,80,80,80,80,80,80,80,80,80,80,80,80,80,80,80,80,80,80,80,80],"relic_stats":{"Torii":65,"Happy Flower":[34],"counters":[221,1010],"Magic Flower":[85],"Charon\u0027s Ashes":[325],"Orichalcum":[0],"OrangePellets":[19],"Dream Catcher":0,"Mummified Hand":[402],"Gambling Chip":[16],"Pandora\u0027s Box":["Searing Blow","Sentinel","Bludgeon","Juggernaut","Carnage","Life Link","Sever Soul","ReplayTheSpireMod:LeadingStrike"],"obtain_stats":[{"Golden Egg":8,"Replay:Accelerometer":52,"Whetstone":14,"Boot":53,"Old Coin":47,"Blood Vial":20,"Replay:Ringing Soul":54,"Sundial":28,"MealTicket":27,"Kunai":53,"Electric Blood":17,"Blue Candle":30,"Velvet Choker":19,"Akabeko":27,"SlaversCollar":17,"Bird Faced Urn":12,"Pandora\u0027s Box":34,"Mark of Pain":0,"Abe\u0027s Treasure":17,"Unceasing Top":49,"Singing Bowl":10,"Torii":0,"Magic Flower":11,"StoneCalendar":14,"Bag of Preparation":9,"Cursed Key":34,"Smiling Mask":24,"Burning Blood":0,"Pet Ghost":23,"Replay:Rubber Ducky":0,"Matryoshka":0,"Shovel":46,"Chemical X":41,"Replay:Bottled Eggs":27,"Potion Belt":48,"Golden Idol":11,"Self Forming Clay":7,"Thread and Needle":50,"The Courier":14,"PreservedInsect":22,"Frozen Egg 2":0,"MawBank":26,"Busted Crown":17,"Ornamental Fan":50,"Turnip":46,"Art of War":40,"Garlic":32,"Champion Belt":56,"Bottled Lightning":9,"ReplayTheSpireMod:Lightbulb":0,"Ice Cream":14,"Divine Protection":42,"Gremlin Horn":9,"CeramicFish":43,"Centennial Puzzle":9,"Strawberry":28,"Philosopher\u0027s Stone":17,"Iron Hammer":0,"Toxic Egg 2":9,"Girya":19,"Happy Flower":27,"ReplayTheSpireMod:CursedCoin":0,"Dead Branch":13,"Oddly Smooth Stone":26,"Charon\u0027s Ashes":39,"War Paint":8,"OrangePellets":53,"Replay:Baseball":38,"ReplayTheSpireMod:Spearhead":24,"ReplayTheSpireMod:Shallot":30,"Shuriken":55,"Bronze Scales":12,"Simple Rune":28,"Onion Ring":45,"ReplayTheSpireMod:TigerMarble":13,"Grinning Jar":25,"Pocketwatch":0,"Darkstone Periapt":5,"ReplayFunnel":19,"Iron Core":3,"Mango":6,"Juzu Bracelet":42,"Incense Burner":12,"Replay:Mystery Machine":0,"ClockworkSouvenir":0,"Dream Catcher":43,"Nunchaku":38,"Replay:Bandana":0,"TheAbacus":0,"Chameleon Ring":24,"Mummified Hand":0,"Pantograph":23,"Gambling Chip":24,"Replay:Bottled Snecko":6,"Red Skull":6,"Runic Pyramid":34,"Gremlin Food":0,"Quantum Egg":32,"Replay:WaspNest":0,"Orichalcum":48,"White Beast Statue":0,"Mercury Hourglass":43,"Anchor":10,"CaptainsWheel":49,"Another Sword":42,"Snack Pack":8,"Membership Card":0,"TungstenRod":40},{"Golden Egg":68,"Replay:Accelerometer":153,"Whetstone":70,"Boot":153,"Old Coin":88,"Blood Vial":26,"Replay:Ringing Soul":220,"Sundial":108,"MealTicket":58,"Kunai":153,"Electric Blood":51,"Blue Candle":30,"Velvet Choker":72,"Akabeko":138,"SlaversCollar":24,"Bird Faced Urn":22,"Pandora\u0027s Box":208,"Mark of Pain":0,"Abe\u0027s Treasure":102,"Unceasing Top":120,"Singing Bowl":21,"Torii":186,"Magic Flower":49,"StoneCalendar":166,"Bag of Preparation":68,"Cursed Key":31,"Smiling Mask":106,"Burning Blood":0,"Pet Ghost":56,"Replay:Rubber Ducky":93,"Matryoshka":93,"Shovel":151,"Chemical X":114,"Replay:Bottled Eggs":78,"Potion Belt":119,"Golden Idol":5,"Self Forming Clay":97,"Thread and Needle":90,"The Courier":7,"PreservedInsect":11,"Frozen Egg 2":14,"MawBank":106,"Busted Crown":8,"Ornamental Fan":120,"Turnip":38,"Art of War":36,"Garlic":109,"Champion Belt":92,"Bottled Lightning":129,"ReplayTheSpireMod:Lightbulb":93,"Ice Cream":23,"Divine Protection":148,"Gremlin Horn":20,"CeramicFish":115,"Centennial Puzzle":5,"Strawberry":13,"Philosopher\u0027s Stone":167,"Iron Hammer":155,"Toxic Egg 2":192,"Girya":134,"Happy Flower":203,"ReplayTheSpireMod:CursedCoin":155,"Dead Branch":165,"Oddly Smooth Stone":57,"Charon\u0027s Ashes":213,"War Paint":163,"OrangePellets":219,"Replay:Baseball":83,"ReplayTheSpireMod:Spearhead":202,"ReplayTheSpireMod:Shallot":206,"Shuriken":91,"Bronze Scales":6,"Simple Rune":78,"Onion Ring":116,"ReplayTheSpireMod:TigerMarble":132,"Grinning Jar":137,"Pocketwatch":41,"Darkstone Periapt":18,"ReplayFunnel":103,"Iron Core":188,"Mango":19,"Juzu Bracelet":87,"Incense Burner":131,"Replay:Mystery Machine":93,"ClockworkSouvenir":123,"Dream Catcher":37,"Nunchaku":83,"Replay:Bandana":123,"TheAbacus":61,"Chameleon Ring":170,"Mummified Hand":155,"Pantograph":12,"Gambling Chip":27,"Replay:Bottled Snecko":161,"Red Skull":47,"Runic Pyramid":142,"Gremlin Food":155,"Quantum Egg":80,"Replay:WaspNest":93,"Orichalcum":218,"White Beast Statue":155,"Mercury Hourglass":181,"Anchor":69,"CaptainsWheel":152,"Another Sword":181,"Snack Pack":48,"Membership Card":93,"TungstenRod":214},{"Golden Egg":270,"Replay:Accelerometer":693,"Whetstone":276,"Boot":693,"Old Coin":374,"Blood Vial":107,"Replay:Ringing Soul":1002,"Sundial":475,"MealTicket":230,"Kunai":693,"Electric Blood":208,"Blue Candle":123,"Velvet Choker":287,"Akabeko":613,"SlaversCollar":100,"Bird Faced Urn":86,"Pandora\u0027s Box":935,"Mark of Pain":0,"Abe\u0027s Treasure":449,"Unceasing Top":539,"Singing Bowl":82,"Torii":830,"Magic Flower":200,"StoneCalendar":746,"Bag of Preparation":270,"Cursed Key":130,"Smiling Mask":466,"Burning Blood":0,"Pet Ghost":224,"Replay:Rubber Ducky":411,"Matryoshka":411,"Shovel":679,"Chemical X":510,"Replay:Bottled Eggs":311,"Potion Belt":538,"Golden Idol":17,"Self Forming Clay":425,"Thread and Needle":385,"The Courier":25,"PreservedInsect":40,"Frozen Egg 2":51,"MawBank":466,"Busted Crown":30,"Ornamental Fan":539,"Turnip":156,"Art of War":146,"Garlic":481,"Champion Belt":400,"Bottled Lightning":578,"ReplayTheSpireMod:Lightbulb":411,"Ice Cream":93,"Divine Protection":660,"Gremlin Horn":78,"CeramicFish":521,"Centennial Puzzle":17,"Strawberry":48,"Philosopher\u0027s Stone":751,"Iron Hammer":713,"Toxic Egg 2":857,"Girya":598,"Happy Flower":908,"ReplayTheSpireMod:CursedCoin":713,"Dead Branch":743,"Oddly Smooth Stone":226,"Charon\u0027s Ashes":957,"War Paint":736,"OrangePellets":999,"Replay:Baseball":343,"ReplayTheSpireMod:Spearhead":903,"ReplayTheSpireMod:Shallot":922,"Shuriken":395,"Bronze Scales":20,"Simple Rune":311,"Onion Ring":524,"ReplayTheSpireMod:TigerMarble":589,"Grinning Jar":609,"Pocketwatch":170,"Darkstone Periapt":65,"ReplayFunnel":454,"Iron Core":838,"Mango":73,"Juzu Bracelet":367,"Incense Burner":585,"Replay:Mystery Machine":411,"ClockworkSouvenir":554,"Dream Catcher":151,"Nunchaku":343,"Replay:Bandana":554,"TheAbacus":244,"Chameleon Ring":764,"Mummified Hand":713,"Pantograph":44,"Gambling Chip":111,"Replay:Bottled Snecko":730,"Red Skull":189,"Runic Pyramid":629,"Gremlin Food":713,"Quantum Egg":320,"Replay:WaspNest":411,"Orichalcum":988,"White Beast Statue":713,"Mercury Hourglass":808,"Anchor":273,"CaptainsWheel":682,"Another Sword":808,"Snack Pack":196,"Membership Card":411,"TungstenRod":963}],"Unceasing Top":[103],"TungstenRod":20},"card_choices":[{"not_picked":["Iron Wave","Reckless Charge"],"picked":"Evolve","floor":1},{"not_picked":["Wild Strike","Uppercut"],"picked":"Cleave","floor":2},{"not_picked":["Heavy Blade","Sword Boomerang"],"picked":"Combust","floor":4},{"not_picked":["Thunderclap","Body Slam","Replay:Undeath\u0027s Touch"],"picked":"SKIP","floor":5},{"not_picked":["Shockwave","ReplayTheSpireMod:Muscle Training"],"picked":"Berserk","floor":6},{"not_picked":["Glacier","Iron Wave","Replay:Undeath\u0027s Touch"],"picked":"SKIP","floor":8},{"not_picked":["ReplayTheSpireMod:Repulse+1","Havoc+1","Anger"],"picked":"SKIP","floor":10},{"not_picked":["ReplayTheSpireMod:Limb From Limb","Infernal Blade+1"],"picked":"Immolate","floor":11},{"not_picked":["Genetic Algorithm+1","Massacre"],"picked":"Hologram+1","floor":13},{"not_picked":["Thunderclap","Rebound"],"picked":"Recycle+1","floor":14},{"not_picked":["Juggernaut","Hemogenesis"],"picked":"Fiend Fire","floor":16},{"not_picked":["Dual Wield+1","Hemokinesis"],"picked":"True Grit+1","floor":18},{"not_picked":["Dropkick","Perfected Strike+1","Blood for Blood"],"picked":"SKIP","floor":19},{"not_picked":["ReplayTheSpireMod:Strike From Hell","Pommel Strike"],"picked":"True Grit+1","floor":20},{"not_picked":["Perfected Strike","Sever Soul"],"picked":"Headbutt+1","floor":22},{"not_picked":["Cleave","Replay:Undeath\u0027s Touch"],"picked":"Shrug It Off+1","floor":24},{"not_picked":["Carnage","Run Through+1"],"picked":"Shockwave+1","floor":27},{"not_picked":["ReplayTheSpireMod:Strike From Hell","Heavy Blade","Cleave"],"picked":"SKIP","floor":28},{"not_picked":["Havoc+1","Twin Strike+1"],"picked":"Eclipse+1","floor":29},{"not_picked":["Clash","Rampage"],"picked":"Flame Barrier+1","floor":30},{"not_picked":["Wild Strike","Warcry+1"],"picked":"Disarm+1","floor":31},{"not_picked":["Eclipse+1","Reaper"],"picked":"Barricade","floor":33},{"not_picked":["Thunderclap+1","Replay:Undeath\u0027s Touch"],"picked":"Shrug It Off+1","floor":35},{"not_picked":["Heavy Blade+1","Massacre"],"picked":"Rage+1","floor":36},{"not_picked":["Run Through+1","Second Wind+1"],"picked":"Shrug It Off+1","floor":37},{"not_picked":["Clash+1","Wild Strike+1"],"picked":"ReplayTheSpireMod:Muscle Training+1","floor":38},{"not_picked":["Sword Boomerang+1","Perfected Strike+1"],"picked":"Ghostly Armor+1","floor":39},{"not_picked":["Bludgeon","Carnage","Combust"],"picked":"SKIP","floor":40},{"not_picked":["Pommel Strike+1","Iron Wave"],"picked":"Body Slam+1","floor":42},{"not_picked":["Thunderclap+1","Armaments+1","Anger+1"],"picked":"SKIP","floor":44},{"not_picked":["Thunderclap+1","Armaments+1","Anger+1"],"picked":"SKIP","floor":44},{"not_picked":["Armaments+1","ReplayTheSpireMod:Corrosion Curse+1"],"picked":"Metallicize+1","floor":45},{"not_picked":["Reckless Charge+1","Warcry+1","Twin Strike+1"],"picked":"SKIP","floor":48},{"not_picked":["Massacre+1","ReplayTheSpireMod:LeadingStrike"],"picked":"Shockwave+1","floor":54}],"player_experience":4023511,"relics_obtained":[{"floor":6,"key":"Dream Catcher"},{"floor":8,"key":"Simple Rune"},{"floor":9,"key":"Toxic Egg 2"},{"floor":11,"key":"Unceasing Top"},{"floor":14,"key":"Replay:Rubber Ducky"},{"floor":24,"key":"ReplayTheSpireMod:Spearhead"},{"floor":27,"key":"Happy Flower"},{"floor":30,"key":"ReplayTheSpireMod:Shallot"},{"floor":39,"key":"Charon\u0027s Ashes"},{"floor":40,"key":"TungstenRod"},{"floor":42,"key":"Gambling Chip"},{"floor":43,"key":"CaptainsWheel"},{"floor":44,"key":"Frozen Egg 2"},{"floor":48,"key":"Orichalcum"},{"floor":54,"key":"Replay:Ringing Soul"}],"event_choices":[{"damage_healed":0,"gold_gain":75,"player_choice":"Touch","damage_taken":8,"max_hp_gain":0,"max_hp_loss":0,"event_name":"FaceTrader","floor":21,"gold_loss":0},{"damage_healed":0,"gold_gain":0,"player_choice":"Fight","damage_taken":0,"max_hp_gain":0,"max_hp_loss":0,"event_name":"MindBloom","floor":39,"gold_loss":0}],"is_beta":false,"boss_relics":[{"not_picked":["Ring of Chaos","Snecko Eye"],"picked":"Abe\u0027s Treasure"},{"not_picked":["Runic Pyramid","Electric Blood"],"picked":"Pandora\u0027s Box"}],"items_purged_floors":[0,53],"is_endless":false,"potions_floor_spawned":[1,5,10,11,19,20,24,27,29,36,38,40,42,44,54],"ascension_level":10}}