{"host":"xkyjkr020mio9edy","time":1611724430,"event":{"mods":["AchievementEnabler","BaseMod","Clockwork Mod","Colored Map","Colored Powertips","Downfall","Glutton Mod","Gold Saver","Minty Spire (QoL Compilation)","Quick Restart","Replay The Spire","StSLib","The Necromancer","TheHeartMod"],"gold_per_floor":[1347,1347,587,49801,49818,49818,49850,48874,48926,48956,48956,48956,48975,49006,49006,49110,49210,49228,49327,49337,49355,48833,48868,47893,47924,47924,48009,48009,48009,48009,48009,48009,48114,48114,48494,48494,48577,48626,47899,48028,48106,48106,48255,47863,47863,47863,47998,48090,48169,48264,48264,48389,48389,48389,47943,48072,48237],"floor_reached":58,"language":"ENG","playtime":3023,"items_purged":["Defend_G","Defend_G","Strike_G","Strike_G","Strike_G","Defend_G","Strike_G","Defend_G"],"score":1623,"play_id":"ecf8fa17-1ee8-42d0-831e-23a61c723363","local_time":"20210127001350","is_ascension_mode":true,"campfire_choices":[{"floor":6,"key":"RECALL"},{"data":"Infinite Blades","floor":12,"key":"SMITH"},{"floor":30,"key":"REST"},{"data":"Infinite Blades","floor":32,"key":"SMITH"},{"data":"Mayhem","floor":34,"key":"SMITH"},{"floor":42,"key":"REST"},{"floor":51,"key":"REST"},{"data":"Catalyst","floor":54,"key":"SMITH"}],"circlet_count":0,"master_deck":["Strike_G+1","Defend_G","Survivor","Neutralize","Blade Dance+1","Footwork+1","Infinite Blades+1","Bouncing Flask+1","Poisoned Stab","Dark Shackles+1","Deadly Poison","Toxin Wave","Terror","Dark Shackles","Well Laid Plans+1","Cloak And Dagger","Toxin Wave","Wraith Form v2","Poisoned Stab","Dodge and Roll","Replay:Bag of Tricks","Infinite Blades+1","Blade Dance+1","Mayhem+1","Dramatic Entrance","Bouncing Flask","PiercingWail","Infinite Blades+1","Corpse Explosion","Dagger Spray+1","Noxious Fumes+1","Blade Dance+1","Choke","Deflect+1","Accuracy+1","Crippling Poison+1","Hidden Blade","Replay:Poison Smokescreen+1","Catalyst+1","Trip+1","Infinite Blades+1"],"relics":["Ring of the Snake","ReplayTheSpireMod:TigerMarble","Blue Candle","Guide Book","Replay:Baseball","Sundial","Thread and Needle","Strange Spoon","Omamori","Happy Flower","Replay:Rubber Ducky","Sling","Centennial Puzzle","Replay:Wanted Poster","War Paint","Chemical X","Replay:Mystery Machine","ReplayTheSpireMod:Ninjato","champ:DuelingGlove","BargainBundle","Replay:Bandana","Dream Catcher","MutagenicStrength","WristBlade","Regal Pillow","Golden Egg","Singing Bowl","Membership Card","Guardian:PocketSentry","Frozen Egg 2","Chameleon Ring","Bag of Marbles","Divine Protection","Toy Ornithopter","Medical Kit","Gremlin Horn"],"acts_visited":["Exordium","TheCity","TheBeyond","TheEnding"],"potions_floor_usage":[16,16,35,47,52,52,52,57],"damage_taken":[{"damage":3,"enemies":"2 Louse","floor":1,"turns":5},{"damage":0,"enemies":"Cultist","floor":5,"turns":3},{"damage":62,"enemies":"Gremlin Nob","floor":7,"turns":5},{"damage":0,"enemies":"Small Slimes","floor":13,"turns":3},{"damage":17,"enemies":"3 Sentries","floor":14,"turns":4},{"damage":22,"enemies":"The Guardian","floor":16,"turns":8},{"damage":0,"enemies":"2 Thieves","floor":18,"turns":5},{"damage":0,"enemies":"Spheric Guardian","floor":20,"turns":3},{"damage":0,"enemies":"Cultist and Chosen","floor":21,"turns":5},{"damage":4,"enemies":"Slavers","floor":23,"turns":5},{"damage":0,"enemies":"Gremlin Leader","floor":25,"turns":4},{"damage":0,"enemies":"Snecko","floor":27,"turns":3},{"damage":1,"enemies":"Centurion and Healer","floor":33,"turns":2},{"damage":3,"enemies":"Champ","floor":35,"turns":8},{"damage":0,"enemies":"3 Darklings","floor":37,"turns":3},{"damage":4,"enemies":"3 Shapes","floor":38,"turns":2},{"damage":9,"enemies":"Maw","floor":40,"turns":5},{"damage":1,"enemies":"3 Darklings","floor":41,"turns":3},{"damage":0,"enemies":"R_Hoarder","floor":43,"turns":4},{"damage":0,"enemies":"Transient","floor":47,"turns":5},{"damage":10,"enemies":"Reptomancer","floor":48,"turns":3},{"damage":2,"enemies":"Writhing Mass","floor":49,"turns":3},{"damage":5,"enemies":"Nemesis","floor":50,"turns":5},{"damage":0,"enemies":"Donu and Deca","floor":52,"turns":4},{"damage":6,"enemies":"Shield and Spear","floor":56,"turns":3},{"damage":60,"enemies":"The Heart","floor":57,"turns":6}],"seed_played":"-8476546968407142054","potions_obtained":[{"floor":1,"key":"GamblersBrew"},{"floor":7,"key":"ColorlessPotion"},{"floor":14,"key":"Strength Potion"},{"floor":21,"key":"Languid Potion"},{"floor":25,"key":"Swift Potion"},{"floor":27,"key":"Strength Potion"},{"floor":35,"key":"Toxic Potion"},{"floor":48,"key":"Adrenaline Potion"},{"floor":56,"key":"hexamod:SoulburnPotion"}],"is_trial":false,"path_per_floor":["M","?","$","$","M","R","E","$","T","?","?","R","M","E","R_BF","B",null,"M","?","M","M","$","E","$","E","T","M","PTL","PTL","R","?","R","M","R","B",null,"M","M","$","M","M","R","E","$","T","?","M","E","M","E","R","B",null,"R","$","E","B",null],"character_chosen":"THE_SILENT","items_purchased":["Guide Book","Replay:Baseball","Sundial","Footwork","Reflex","Thread and Needle","Strange Spoon","Infinite Blades","Bouncing Flask","Poisoned Stab","Dark Shackles","Happy Flower","Replay:Rubber Ducky","Sling","Terror","ReplayTheSpireMod:Necrogeddon","Dark Shackles","Well Laid Plans+1","War Paint","Chemical X","Infinite Blades","ReplayTheSpireMod:Ninjato","champ:DuelingGlove","BargainBundle","Mayhem","Dramatic Entrance","Regal Pillow","Golden Egg","Noxious Fumes","Blade Dance","Membership Card","Guardian:PocketSentry","Accuracy","Crippling Poison","Divine Protection","Toy Ornithopter","Medical Kit","Trip"],"campfire_rested":3,"item_purchase_floors":[3,3,3,3,3,4,4,4,4,4,4,8,8,8,8,8,8,8,22,22,22,24,24,24,24,24,39,39,39,39,44,44,44,44,55,55,55,55],"current_hp_per_floor":[67,67,67,67,67,67,5,5,5,5,80,80,80,63,80,58,80,80,80,80,80,80,76,76,76,76,76,76,76,80,80,80,79,79,76,80,80,76,76,67,66,80,82,82,82,82,84,76,74,69,88,88,88,88,88,82,27],"gold":48237,"neow_bonus":"RANDOM_COMMON_RELIC","is_daily":false,"chose_seed":false,"campfire_upgraded":4,"win_rate":0.0,"timestamp":1611724430,"path_taken":["M","?","?","$","M","R","E","$","T","?","?","R","M","E","R_BF","BOSS","M","?","M","M","$","E","$","E","T","M","PTL","PTL","R","?","R","M","R","BOSS","M","M","$","M","M","R","E","$","T","?","M","E","M","E","R","BOSS","R","$","E","BOSS"],"items_purchased_type":["Relic","Relic","Relic","Card","Card","Relic","Relic","Card","Card","Card","Card","Relic","Relic","Relic","Card","Card","Card","Card","Relic","Relic","Card","Relic","Relic","Relic","Card","Card","Relic","Relic","Card","Card","Relic","Relic","Card","Card","Relic","Relic","Relic","Card"],"build_version":"2020-12-22","purchased_purges":8,"victory":true,"max_hp_per_floor":[70,70,70,70,70,70,70,70,70,70,80,80,80,80,80,80,80,80,80,80,80,80,80,80,80,80,80,80,80,80,80,80,80,80,80,80,80,80,80,80,80,80,82,82,82,82,84,86,86,86,88,88,88,88,88,88,88],"card_choices":[{"not_picked":["Dodge and Roll","Leg Sweep"],"picked":"Blade Dance","floor":1},{"not_picked":["Acrobatics","Outmaneuver"],"picked":"Deadly Poison","floor":5},{"not_picked":["Malaise","ReplayTheSpireMod:Scrap Shanks"],"picked":"Toxin Wave","floor":7},{"not_picked":["Dagger Throw","Sneak Up"],"picked":"Cloak And Dagger","floor":13},{"not_picked":["Flechettes","Catalyst"],"picked":"Toxin Wave","floor":14},{"not_picked":["ReplayTheSpireMod:Necrosis","Unload"],"picked":"Wraith Form v2","floor":16},{"not_picked":["Riddle With Holes","Cloak And Dagger"],"picked":"Poisoned Stab","floor":18},{"not_picked":["Masterful Stab","Dagger Spray"],"picked":"Dodge and Roll","floor":20},{"not_picked":["Hidden Blade","Dagger Throw+1"],"picked":"Replay:Bag of Tricks","floor":21},{"not_picked":["Backflip","Dash+1"],"picked":"Blade Dance+1","floor":23},{"not_picked":["Prepared","Tactician","Eviscerate"],"picked":"SKIP","floor":25},{"not_picked":["Escape Plan+1","Dagger Throw"],"picked":"Bouncing Flask","floor":27},{"not_picked":["Cloak And Dagger+1","Masterful Stab+1"],"picked":"PiercingWail","floor":30},{"not_picked":["ReplayTheSpireMod:Tripwire","Outmaneuver"],"picked":"Infinite Blades+1","floor":33},{"not_picked":["Doppelganger","Replay:Bag of Tricks"],"picked":"Corpse Explosion","floor":35},{"not_picked":["Dagger Spray","Backflip","Bane+1"],"picked":"SKIP","floor":37},{"not_picked":["Sucker Punch+1","Hidden Blade"],"picked":"Dagger Spray+1","floor":38},{"not_picked":["Dagger Throw+1","Hidden Blade"],"picked":"Choke","floor":40},{"not_picked":["ReplayTheSpireMod:Speed Training","Distraction+1"],"picked":"Deflect+1","floor":41},{"not_picked":["ReplayTheSpireMod:From All Sides","Sucker Punch","Bane"],"picked":"Singing Bowl","floor":43},{"not_picked":["Dagger Throw","Escape Plan","All Out Attack+1"],"picked":"Singing Bowl","floor":47},{"not_picked":["Predator+1","Sneak Up+1","Leg Sweep"],"picked":"Singing Bowl","floor":48},{"not_picked":["Outmaneuver","Blade Dance"],"picked":"Replay:Poison Smokescreen+1","floor":49},{"not_picked":["Die Die Die","Backflip+1"],"picked":"Catalyst","floor":50},{"not_picked":["All Out Attack","Acrobatics+1","Deflect"],"picked":"Singing Bowl","floor":51},{"not_picked":["Cloak And Dagger+1","Blade Dance+1"],"picked":"Infinite Blades+1","floor":56}],"player_experience":130938,"relics_obtained":[{"floor":7,"key":"Omamori"},{"floor":14,"key":"Centennial Puzzle"},{"floor":23,"key":"Replay:Mystery Machine"},{"floor":25,"key":"Replay:Bandana"},{"floor":26,"key":"Dream Catcher"},{"floor":43,"key":"Singing Bowl"},{"floor":45,"key":"Frozen Egg 2"},{"floor":48,"key":"Chameleon Ring"},{"floor":50,"key":"Bag of Marbles"},{"floor":56,"key":"Gremlin Horn"}],"event_choices":[{"damage_healed":0,"gold_gain":0,"player_choice":"Gave Potion","damage_taken":0,"relics_obtained":["Blue Candle"],"max_hp_gain":0,"max_hp_loss":0,"event_name":"WeMeetAgain","floor":2,"gold_loss":0},{"damage_healed":0,"gold_gain":30,"player_choice":"Searched \u00271\u0027 times","damage_taken":0,"max_hp_gain":0,"max_hp_loss":0,"event_name":"Dead Adventurer","floor":10,"gold_loss":0},{"cards_removed":["ReplayTheSpireMod:Necrogeddon"],"damage_healed":65,"gold_gain":0,"player_choice":"Offered Rare","damage_taken":0,"max_hp_gain":10,"max_hp_loss":0,"event_name":"Bonfire Elementals","floor":11,"gold_loss":0},{"damage_healed":0,"gold_gain":99,"player_choice":"Stole From Cult","damage_taken":0,"max_hp_gain":0,"max_hp_loss":0,"event_name":"Nest","floor":19,"gold_loss":0},{"damage_healed":0,"gold_gain":0,"player_choice":"Inject Mutagens","damage_taken":0,"relics_obtained":["MutagenicStrength"],"max_hp_gain":0,"max_hp_loss":0,"event_name":"Drug Dealer","floor":31,"gold_loss":0},{"damage_healed":0,"gold_gain":0,"cards_transformed":["Reflex"],"player_choice":"Transformed","damage_taken":0,"max_hp_gain":0,"max_hp_loss":0,"event_name":"Transmorgrifier","floor":46,"gold_loss":0,"cards_obtained":["Hidden Blade"]}],"is_beta":false,"boss_relics":[{"not_picked":["Velvet Choker","Ring of Chaos"],"picked":"Replay:Wanted Poster"},{"not_picked":["Busted Crown","Cursed Key"],"picked":"WristBlade"}],"items_purged_floors":[3,4,8,22,24,39,44,55],"is_endless":false,"potions_floor_spawned":[1,7,14,16,21,25,27,35,37,40,48,50,56],"ascension_level":1}}