{"host":"rolltorest","time":1611722547,"event":{"mods":["BaseMod","Jorbs\u0027s Wanderer Trilogy","Koishi","Minty Spire (QoL Compilation)","Relic Stats","Robot Space Explorer","Slay the Relics Exporter","StSLib","The Servant 0.9.4"],"gold_per_floor":[109,109,109,34,52,52,83,358,432,460,477,507,524,553,553,630,630,640,640,640,640,654,654,664,693,693,693,693,718,736,747,747,747,747],"floor_reached":33,"language":"ENG","playtime":871,"items_purged":[],"score":656,"play_id":"028f45f7-f7c0-4828-a2a5-b15727183aad","local_time":"20210126204227","is_ascension_mode":true,"campfire_choices":[{"data":"stsjorbsmod:ArcaneWeapon","floor":6,"key":"SMITH"},{"floor":15,"key":"REST"},{"data":"stsjorbsmod:TrueStrike","floor":23,"key":"SMITH"},{"data":"stsjorbsmod:Banish","floor":27,"key":"SMITH"},{"floor":32,"key":"REST"}],"circlet_count":0,"master_deck":["AscendersBane","stsjorbsmod:ForbiddenGrimoire+1","stsjorbsmod:Strike_Wanderer","stsjorbsmod:Strike_Wanderer","stsjorbsmod:Strike_Wanderer","stsjorbsmod:Defend_Wanderer","stsjorbsmod:Defend_Wanderer+1","stsjorbsmod:Defend_Wanderer","stsjorbsmod:Defend_Wanderer","stsjorbsmod:FreshAdventure","stsjorbsmod:EyeOfTheStorm+1","stsjorbsmod:Banish+1","stsjorbsmod:ChatteringStrike+1","stsjorbsmod:ArcaneWeapon+1","stsjorbsmod:TrueStrike+1","Regret","stsjorbsmod:Mindworm+1","stsjorbsmod:SmithingStrike+1","stsjorbsmod:WeightOfMemory+1","stsjorbsmod:Fireball+1","stsjorbsmod:ThirstingSword+1","Shame","stsjorbsmod:BlackTentacles+1"],"relics":["stsjorbsmod:GrimoireRelic","Darkstone Periapt","War Paint","Molten Egg 2","StrikeDummy","Odd Mushroom","Blue Candle","Busted Crown","Potion Belt","Anchor","Art of War","Singing Bowl","Smiling Mask","Omamori"],"acts_visited":["Exordium","TheCity"],"potions_floor_usage":[10,24,29,30],"damage_taken":[{"damage":4,"enemies":"2 Louse","floor":1,"turns":3},{"damage":1,"enemies":"Small Slimes","floor":5,"turns":4},{"damage":9,"enemies":"Gremlin Nob","floor":7,"turns":3},{"damage":10,"enemies":"Lagavulin","floor":10,"turns":4},{"damage":0,"enemies":"Cultist","floor":11,"turns":2},{"damage":27,"enemies":"The Mushroom Lair","floor":12,"turns":4},{"damage":5,"enemies":"Blue Slaver","floor":13,"turns":2},{"damage":0,"enemies":"Gremlin Nob","floor":14,"turns":3},{"damage":18,"enemies":"Hexaghost","floor":16,"turns":7},{"damage":0,"enemies":"Spheric Guardian","floor":18,"turns":3},{"damage":8,"enemies":"Shell Parasite","floor":22,"turns":3},{"damage":24,"enemies":"Snecko","floor":24,"turns":4},{"damage":29,"enemies":"Slavers","floor":25,"turns":4},{"damage":18,"enemies":"Gremlin Leader","floor":29,"turns":5},{"damage":13,"enemies":"Chosen and Byrds","floor":30,"turns":6},{"damage":1,"enemies":"Centurion and Healer","floor":31,"turns":4},{"damage":80,"enemies":"Automaton","floor":33,"turns":8}],"seed_played":"3112689284066304782","potions_obtained":[{"floor":5,"key":"Swift Potion"},{"floor":7,"key":"DistilledChaos"},{"floor":12,"key":"FearPotion"},{"floor":25,"key":"AttackPotion"},{"floor":29,"key":"LiquidMemories"},{"floor":30,"key":"FearPotion"}],"is_trial":false,"path_per_floor":["M","?","?","?","M","R","E","?","T","E","M","?","M","E","R","B",null,"M","?","T","?","M","R","M","E","T","R","T","E","M","M","R","B"],"character_chosen":"WANDERER","items_purchased":[],"campfire_rested":2,"item_purchase_floors":[],"current_hp_per_floor":[60,60,49,49,50,50,43,49,49,41,42,16,11,12,34,18,60,61,61,61,67,75,75,52,38,38,38,38,22,20,21,45,0,0],"gold":747,"neow_bonus":"ONE_RANDOM_RARE_CARD","is_daily":false,"chose_seed":false,"campfire_upgraded":3,"win_rate":0.0,"timestamp":1611722547,"path_taken":["M","?","?","?","M","R","E","?","T","E","?","?","M","E","R","BOSS","M","?","?","?","M","R","M","E","T","R","?","E","M","?","R","BOSS"],"items_purchased_type":[],"build_version":"2020-12-18","purchased_purges":0,"victory":false,"max_hp_per_floor":[68,68,68,68,68,68,68,74,74,74,74,74,74,74,74,74,74,74,74,74,80,78,78,78,76,76,76,76,78,80,82,82,80,80],"relic_stats":{"Darkstone Periapt":12,"Busted Crown":14,"Singing Bowl":6,"counters":[17,69],"Blue Candle":[10],"Art of War":[1],"War Paint":["stsjorbsmod:Defend_Wanderer","stsjorbsmod:EyeOfTheStorm"],"Smiling Mask":0,"obtain_stats":[{"Darkstone Periapt":3,"Potion Belt":20,"Singing Bowl":26,"Blue Candle":14,"stsjorbsmod:GrimoireRelic":0,"Omamori":29,"War Paint":7,"Odd Mushroom":12,"Smiling Mask":28,"Anchor":21,"Busted Crown":17,"Molten Egg 2":9,"Art of War":25,"StrikeDummy":10},{"Darkstone Periapt":1,"Potion Belt":10,"Singing Bowl":13,"Blue Candle":8,"stsjorbsmod:GrimoireRelic":0,"Omamori":14,"War Paint":3,"Odd Mushroom":6,"Smiling Mask":13,"Anchor":10,"Busted Crown":9,"Molten Egg 2":3,"Art of War":13,"StrikeDummy":4},{"Darkstone Periapt":3,"Potion Belt":35,"Singing Bowl":46,"Blue Candle":25,"stsjorbsmod:GrimoireRelic":0,"Omamori":51,"War Paint":10,"Odd Mushroom":20,"Smiling Mask":46,"Anchor":35,"Busted Crown":32,"Molten Egg 2":10,"Art of War":46,"StrikeDummy":14}]},"card_choices":[{"not_picked":["stsjorbsmod:BlackTentacles","stsjorbsmod:Inferno"],"picked":"stsjorbsmod:ChatteringStrike","floor":1},{"not_picked":["stsjorbsmod:Introspection","stsjorbsmod:Rest"],"picked":"stsjorbsmod:ArcaneWeapon","floor":5},{"not_picked":["stsjorbsmod:HedgeWizard","stsjorbsmod:AnimateObjects"],"picked":"stsjorbsmod:TrueStrike","floor":7},{"not_picked":["stsjorbsmod:Thorns","stsjorbsmod:RefuseToForget"],"picked":"stsjorbsmod:Mindworm+1","floor":10},{"not_picked":["stsjorbsmod:BurningFlask","stsjorbsmod:WeightOfMemory+1"],"picked":"stsjorbsmod:SmithingStrike+1","floor":11},{"not_picked":["stsjorbsmod:TinyHut","stsjorbsmod:ChainLightning+1"],"picked":"stsjorbsmod:WeightOfMemory+1","floor":12},{"not_picked":["stsjorbsmod:Will","stsjorbsmod:ArcaneWeapon","stsjorbsmod:Rest"],"picked":"SKIP","floor":13},{"not_picked":["stsjorbsmod:BurningFlask","stsjorbsmod:Index"],"picked":"stsjorbsmod:Fireball+1","floor":14},{"not_picked":["stsjorbsmod:Rediscovery","stsjorbsmod:GatherPower"],"picked":"stsjorbsmod:ThirstingSword+1","floor":16},{"not_picked":["stsjorbsmod:AnimateObjects"],"picked":"SKIP","floor":18},{"not_picked":["stsjorbsmod:HedgeWizard"],"picked":"SKIP","floor":22},{"not_picked":[],"picked":"stsjorbsmod:BlackTentacles+1","floor":24},{"not_picked":["stsjorbsmod:OldPocket"],"picked":"SKIP","floor":25},{"not_picked":["stsjorbsmod:ChainLightning+1"],"picked":"Singing Bowl","floor":29},{"not_picked":["stsjorbsmod:ChainLightning+1"],"picked":"Singing Bowl","floor":30},{"not_picked":["stsjorbsmod:Index+1"],"picked":"Singing Bowl","floor":31}],"player_experience":2248197,"relics_obtained":[{"floor":7,"key":"War Paint"},{"floor":9,"key":"Molten Egg 2"},{"floor":10,"key":"StrikeDummy"},{"floor":12,"key":"Odd Mushroom"},{"floor":14,"key":"Blue Candle"},{"floor":20,"key":"Potion Belt"},{"floor":25,"key":"Art of War"},{"floor":26,"key":"Singing Bowl"},{"floor":28,"key":"Smiling Mask"},{"floor":29,"key":"Omamori"}],"event_choices":[{"damage_healed":0,"gold_gain":0,"player_choice":"Grow","damage_taken":0,"max_hp_gain":0,"max_hp_loss":0,"event_name":"Living Wall","floor":2,"gold_loss":0,"cards_upgraded":["stsjorbsmod:ChatteringStrike"]},{"damage_healed":0,"gold_gain":0,"player_choice":"Success","damage_taken":11,"relics_obtained":["Darkstone Periapt"],"max_hp_gain":0,"max_hp_loss":0,"event_name":"Scrap Ooze","floor":3,"gold_loss":0},{"cards_removed":["stsjorbsmod:Strike_Wanderer"],"damage_healed":0,"gold_gain":0,"player_choice":"Card Removal","damage_taken":0,"max_hp_gain":0,"max_hp_loss":0,"event_name":"The Cleric","floor":4,"gold_loss":75},{"damage_healed":0,"gold_gain":275,"player_choice":"Desecrate","damage_taken":0,"max_hp_gain":0,"max_hp_loss":0,"event_name":"Golden Shrine","floor":8,"gold_loss":0,"cards_obtained":["Regret"]},{"damage_healed":0,"gold_gain":0,"player_choice":"Fought Mushrooms","damage_taken":0,"max_hp_gain":0,"max_hp_loss":0,"event_name":"Mushrooms","floor":12,"gold_loss":0},{"damage_healed":0,"gold_gain":0,"player_choice":"Ignored","damage_taken":0,"max_hp_gain":0,"max_hp_loss":0,"event_name":"Vampires","floor":19,"gold_loss":0},{"damage_healed":0,"gold_gain":0,"player_choice":"Stole Relic","damage_taken":0,"relics_obtained":["Anchor"],"max_hp_gain":0,"max_hp_loss":0,"event_name":"Addict","floor":21,"gold_loss":0,"cards_obtained":["Shame"]}],"is_beta":true,"boss_relics":[{"not_picked":["Pandora\u0027s Box","Velvet Choker"],"picked":"Busted Crown"}],"items_purged_floors":[],"is_endless":false,"potions_floor_spawned":[5,7,12,18,25,29,30],"killed_by":"Automaton","ascension_level":20}}