{"host":"rjbqai8ni6dsiu37","time":1611758151,"event":{"mods":["100% Spire Juice","BaseMod","CapriCore","GungeonMod","Marisa£¨Ùöéë¡¡Øª×âÞÞ£©","Minty Spire (QoL Compilation)","Replay The Spire","Shop Mod","StSLib","Td1madao Mod","The Cursed","The Jungle","The Poker Player","WarShipGirlsR/??á´Ò³R mod"],"gold_per_floor":[112,126,22,22,22,48,48,12,61,61,74,74,94,19,19,114,114,9,25,25,25,38,38,38,38],"floor_reached":24,"language":"KOR","playtime":893,"items_purged":["CommonCold"],"score":265,"play_id":"aa7cdee1-1cc0-4c12-8a44-2c566dbc1f20","local_time":"20210127233551","is_ascension_mode":true,"campfire_choices":[{"floor":12,"key":"REST"},{"data":"Moonworks:MiracleWalker","floor":15,"key":"SMITH"},{"data":"Moonworks:NicePresent","floor":23,"key":"SMITH"}],"circlet_count":0,"master_deck":["Moonworks:Strike+1","Moonworks:Strike","Moonworks:Strike","Moonworks:Strike+1","Moonworks:Defend","Moonworks:Defend","Moonworks:Defend","Moonworks:Defend","Moonworks:Ambush+1","Moonworks:LongDistanceShot","Moonworks:IndiscriminateFireSupport+1","Moonworks:MiracleWalker+1","Moonworks:NicePresent+1","Moonworks:NicePresent","Moonworks:FullSpeedAlicianrone","Moonworks:JonathanRush","Moonworks:EvilSpyWorkPreparation"],"relics":["Moonworks:BrokenBomb","Moonworks:Homemark","DemoMod:OrangeGuonStone","ReplayTheSpireMod:Ring of Sloth","Ring of Misfortune","Orichalcum","Painkiller Herb"],"acts_visited":["Exordium","Exordium"],"potions_floor_usage":[16,24],"damage_taken":[{"damage":0,"enemies":"2 Louse","floor":1,"turns":2},{"damage":3,"enemies":"Jaw Worm","floor":2,"turns":3},{"damage":4,"enemies":"Small Slimes","floor":3,"turns":3},{"damage":21,"enemies":"3 Sentries","floor":6,"turns":4},{"damage":0,"enemies":"Red Slaver","floor":11,"turns":2},{"damage":0,"enemies":"Looter","floor":13,"turns":2},{"damage":20,"enemies":"Fading Forest","floor":16,"turns":11},{"damage":2,"enemies":"theJungle:MUSHROOMGANG","floor":18,"turns":1},{"damage":9,"enemies":"theJungle:5_Spyders","floor":19,"turns":4},{"damage":0,"enemies":"theJungle:2_Snecko_Cultists","floor":22,"turns":2},{"damage":999,"enemies":"theJungle:2_Phrogs","floor":24,"turns":1}],"seed_played":"2967419614680617752","potions_obtained":[{"floor":1,"key":"SpeedPotion"},{"floor":13,"key":"SkillPotion"},{"floor":16,"key":"AttackPotion"},{"floor":19,"key":"LiquidBronze"}],"is_trial":false,"path_per_floor":["M","M","M","?","?","E","?","$","T","?","M","R","M","$","R","B",null,"?","?","?","T","?","T","E"],"character_chosen":"THE_STARBREAKER","items_purchased":["Moonworks:NicePresent"],"campfire_rested":1,"item_purchase_floors":[8],"current_hp_per_floor":[54,51,47,35,35,14,14,14,14,14,14,32,32,32,32,26,52,50,41,31,31,31,31,0,0],"gold":38,"neow_bonus":"RANDOM_EVENT","is_daily":false,"chose_seed":false,"campfire_upgraded":2,"win_rate":0.0,"timestamp":1611758151,"path_taken":["M","M","M","?","?","E","?","?","T","?","?","R","M","?","R","BOSS","?","?","?","T","?","T","E"],"items_purchased_type":["Card"],"build_version":"2020-12-22","purchased_purges":1,"victory":false,"max_hp_per_floor":[60,60,60,60,60,60,60,60,60,60,60,60,60,60,60,60,60,60,60,60,60,60,60,60,60],"card_choices":[{"not_picked":["Moonworks:CompletionReward","Moonworks:LuckyCharm"],"picked":"Moonworks:IndiscriminateFireSupport","floor":1},{"not_picked":["Moonworks:ImOnFire","Moonworks:IndiscriminateFireSupport","Moonworks:Assault"],"picked":"SKIP","floor":2},{"not_picked":["Moonworks:Assault","Moonworks:LulusLuckyEgg","Moonworks:Bloodlust"],"picked":"SKIP","floor":3},{"not_picked":["Moonworks:Assault","Moonworks:IndiscriminateFireSupport"],"picked":"Moonworks:MiracleWalker","floor":6},{"not_picked":["Moonworks:IntelligenceOfficer","Moonworks:FullSpeedAlicianrone","Moonworks:TreasureThief"],"picked":"SKIP","floor":11},{"not_picked":["Moonworks:LulusLuckyEgg","Moonworks:CloudOfSeagulls","Moonworks:IndiscriminateFireSupport"],"picked":"SKIP","floor":13},{"not_picked":["Moonworks:Blazing","Moonworks:PlushieMaster"],"picked":"Moonworks:CrystalBarrier","floor":16},{"not_picked":["Moonworks:ImOnFire+1","Moonworks:BigBangBell"],"picked":"Moonworks:FullSpeedAlicianrone","floor":18},{"not_picked":["Moonworks:FullSpeedAlicianrone","Moonworks:UnpaidWork"],"picked":"Moonworks:JonathanRush","floor":19},{"not_picked":["Moonworks:DeployBits","Moonworks:SakisCookie"],"picked":"Moonworks:EvilSpyWorkPreparation","floor":22}],"player_experience":228149,"relics_obtained":[{"floor":6,"key":"DemoMod:OrangeGuonStone"},{"floor":7,"key":"ReplayTheSpireMod:Ring of Sloth"},{"floor":7,"key":"Ring of Misfortune"},{"floor":9,"key":"Orichalcum"}],"event_choices":[{"damage_healed":0,"gold_gain":0,"player_choice":"Grow","damage_taken":0,"max_hp_gain":0,"max_hp_loss":0,"event_name":"Living Wall","floor":0,"gold_loss":0,"cards_upgraded":["Moonworks:Ambush"]},{"damage_healed":0,"gold_gain":0,"player_choice":"Entered Light","damage_taken":12,"max_hp_gain":0,"max_hp_loss":0,"event_name":"Shining Light","floor":4,"gold_loss":0,"cards_upgraded":["Moonworks:Strike","Moonworks:Strike"]},{"damage_healed":0,"gold_gain":0,"player_choice":"Ignored","damage_taken":0,"max_hp_gain":0,"max_hp_loss":0,"event_name":"PokerPlayerMod:ExordiumClub","floor":5,"gold_loss":0},{"damage_healed":0,"gold_gain":0,"player_choice":"Upgraded","damage_taken":0,"max_hp_gain":0,"max_hp_loss":0,"event_name":"Upgrade Shrine","floor":10,"gold_loss":0,"cards_upgraded":["Moonworks:IndiscriminateFireSupport"]}],"is_beta":false,"boss_relics":[{"not_picked":["Replay:Bronze Core","ChewingGum"],"picked":"Painkiller Herb"}],"items_purged_floors":[14],"is_endless":false,"potions_floor_spawned":[1,13,16,19],"killed_by":"theJungle:2_Phrogs","ascension_level":7}}