{"host":"t0dvmwh9w61bq0j7","time":1611706617,"event":{"mods":["2.2 Compatiblity","AchievementEnabler","BaseMod","Better Note","Block Reminder","Colored Map","DeckTracker","Highlight Path","Jorbs\u0027s Wanderer Trilogy","Minty Spire (QoL Compilation)","Random Character Button","Rare Cards Sparkle","Relic Stats","Reliquary","Spicy Shops","Spire Arcade","StSLib","The Cursed","The Judge","TheVacant","Transform Curses"],"gold_per_floor":[118,118,118,118,142,183,207,246,246,290,290,306,306,322,322,452,452,477,68,89,115,134,178,178,178,178,193,193,218,218,43,43,169,169,190,206,55,71,92,92,92,92,115,154,168,168,187,44,44,44,44,44,44,44,44],"floor_reached":54,"language":"POL","playtime":3761,"items_purged":[],"score":842,"play_id":"0c6f9cfb-92f9-4a8b-a26e-ca6128c01195","local_time":"20210127011657","is_ascension_mode":true,"campfire_choices":[{"floor":11,"key":"REST"},{"floor":13,"key":"REST"},{"floor":15,"key":"RECALL"},{"floor":24,"key":"REST"},{"floor":32,"key":"REST"},{"floor":40,"key":"REST"},{"data":"Perseverance","floor":42,"key":"SMITH"},{"floor":46,"key":"REST"},{"data":"FlyingSleeves","floor":49,"key":"PURGE"},{"data":"Strike_P+1","floor":52,"key":"PURGE"}],"circlet_count":0,"master_deck":["Strike_P+1","Strike_P+1","Strike_P+1","Defend_P+1","Defend_P+1","Defend_P+1","Defend_P+1","Eruption+1","Vigilance+1","Perseverance+1","Protect","LessonLearned+1","LikeWater+1","ThirdEye","FollowUp+1","Establishment+1","ClearTheMind+1","Adaptation+1","Wireheading+1","BattleHymn+1","LikeWater+1","MentalFortress+1","WindmillStrike+1","MasterReality+1","FollowUp+1","BowlingBash+1","Wallop+1","CutThroughFate+1","Weave+1"],"relics":["PureWater","NeowsBlessing","Golden Idol","Incense Burner","TungstenRod","reliquary:PartyBalloon","SlaversCollar","Turnip","Frozen Egg 2","Prayer Wheel","reliquary:RedPaperclip","Regal Pillow","Whetstone","Peace Pipe","Lee\u0027s Waffle"],"acts_visited":["Exordium","TheCity","TheBeyond","TheEnding"],"potions_floor_usage":[10,22,22,27,29],"damage_taken":[{"damage":0.0,"enemies":"Jaw Worm","floor":1.0,"turns":1.0},{"damage":0.0,"enemies":"2 Louse","floor":5.0,"turns":1.0},{"damage":0.0,"enemies":"3 Sentries","floor":6.0,"turns":2.0},{"damage":13.0,"enemies":"Small Slimes","floor":7.0,"turns":6.0},{"damage":13.0,"enemies":"Lagavulin","floor":8.0,"turns":7.0},{"damage":34,"enemies":"Gremlin Nob","floor":10,"turns":5},{"damage":3,"enemies":"Red Slaver","floor":12,"turns":7},{"damage":4,"enemies":"Large Slime","floor":14,"turns":6},{"damage":21,"enemies":"The Guardian","floor":16,"turns":12},{"damage":20,"enemies":"Shell Parasite","floor":18,"turns":12},{"damage":0,"enemies":"Spheric Guardian","floor":20,"turns":6},{"damage":3,"enemies":"Chosen and Byrds","floor":22,"turns":10},{"damage":56,"enemies":"Gremlin Leader","floor":23,"turns":9},{"damage":11,"enemies":"Centurion and Healer","floor":27,"turns":8},{"damage":6,"enemies":"Sentry and Sphere","floor":29,"turns":6},{"damage":11,"enemies":"Automaton","floor":33,"turns":9},{"damage":35,"enemies":"3 Shapes","floor":35,"turns":6},{"damage":12,"enemies":"Orb Walker","floor":36,"turns":5},{"damage":0,"enemies":"Sphere and 2 Shapes","floor":38,"turns":7},{"damage":10,"enemies":"Maw","floor":39,"turns":7},{"damage":29,"enemies":"Giant Head","floor":44,"turns":9},{"damage":3,"enemies":"3 Darklings","floor":45,"turns":6},{"damage":11,"enemies":"Spire Growth","floor":47,"turns":5},{"damage":48,"enemies":"Awakened One","floor":50,"turns":17},{"damage":90,"enemies":"Shield and Spear","floor":54,"turns":6}],"seed_played":"-7912575937996833462","potions_obtained":[{"floor":1.0,"key":"FairyPotion"},{"floor":5.0,"key":"AttackPotion"},{"floor":14,"key":"Fire Potion"},{"floor":20,"key":"AttackPotion"},{"floor":23,"key":"StancePotion"},{"floor":29,"key":"Fruit Juice"},{"floor":39,"key":"EssenceOfSteel"},{"floor":44,"key":"Strength Potion"},{"floor":45,"key":"Ancient Potion"}],"is_trial":false,"path_per_floor":["M","?","?","?","M","E","M","E","T","E","R","M","R","M","R","B",null,"M","$","M","T","M","E","R","?","T","M","?","M","?","$","R","B",null,"M","M","$","M","M","R","$","R","T","E","M","R","M","$","R","B",null,"R","$","E"],"character_chosen":"WATCHER","items_purchased":["Turnip","Frozen Egg 2","MentalFortress+1","WindmillStrike","Regal Pillow","Lee\u0027s Waffle"],"campfire_rested":6,"item_purchase_floors":[19,19,31,31,37,48],"current_hp_per_floor":[72,72,72,72,72,72,59,46,46,12,33,30,51,47,47,26,72,52,52,52,52,49,17,38,38,38,27,27,26,26,26,49,38,77,42,30,30,30,20,58,58,58,58,29,26,64,53,84,84,36,84,84,84,0,0],"gold":44,"neow_bonus":"THREE_ENEMY_KILL","is_daily":false,"chose_seed":false,"campfire_upgraded":1,"win_rate":0.0,"timestamp":1611706617,"path_taken":["M","?","?","?","M","E","M","E","T","E","R","?","R","M","R","BOSS","M","$","M","?","M","E","R","?","T","M","?","M","?","$","R","BOSS","M","M","?","M","?","R","$","R","T","E","M","R","M","$","R","BOSS","R","$","E"],"items_purchased_type":["Relic","Relic","Card","Card","Relic","Relic"],"build_version":"2020-12-22","purchased_purges":0,"victory":false,"max_hp_per_floor":[72,72,72,72,72,72,72,72,72,72,72,72,72,72,72,72,72,72,72,72,72,72,72,72,72,72,72,72,77,77,77,77,77,77,77,77,77,77,77,77,77,77,77,77,77,77,77,84,84,84,84,84,84,84,84],"relic_stats":{"Peace Pipe":2,"Regal Pillow":30,"Lee\u0027s Waffle":31,"counters":[25,175],"Golden Idol":175,"Prayer Wheel":8,"Turnip":[22],"Whetstone":["BowlingBash","Strike_P"],"obtain_stats":[{"Regal Pillow":37,"Lee\u0027s Waffle":48,"NeowsBlessing":0,"Golden Idol":3,"reliquary:PartyBalloon":10,"reliquary:Firecrackers":6,"Incense Burner":8,"Juzu Bracelet":21,"Whetstone":43,"Frozen Egg 2":19,"Peace Pipe":44,"SlaversCollar":17,"reliquary:RedPaperclip":34,"Prayer Wheel":23,"Turnip":19,"PureWater":0,"TungstenRod":9},{"Regal Pillow":18,"Lee\u0027s Waffle":23,"NeowsBlessing":0,"Golden Idol":1,"reliquary:PartyBalloon":6,"reliquary:Firecrackers":3,"Incense Burner":5,"Juzu Bracelet":11,"Whetstone":20,"Frozen Egg 2":10,"Peace Pipe":21,"SlaversCollar":9,"reliquary:RedPaperclip":16,"Prayer Wheel":13,"Turnip":10,"PureWater":0,"TungstenRod":5},{"Regal Pillow":118,"Lee\u0027s Waffle":152,"NeowsBlessing":0,"Golden Idol":1,"reliquary:PartyBalloon":22,"reliquary:Firecrackers":4,"Incense Burner":17,"Juzu Bracelet":65,"Whetstone":132,"Frozen Egg 2":59,"Peace Pipe":141,"SlaversCollar":47,"reliquary:RedPaperclip":107,"Prayer Wheel":84,"Turnip":59,"PureWater":0,"TungstenRod":17}],"TungstenRod":79},"card_choices":[{"not_picked":["DeceiveReality","Crescendo"],"picked":"Perseverance","floor":1.0},{"not_picked":["CrushJoints","Halt"],"picked":"Protect","floor":5.0},{"not_picked":["JustLucky","Halt"],"picked":"LessonLearned","floor":6.0},{"not_picked":["FearNoEvil","Nirvana"],"picked":"LikeWater","floor":7.0},{"not_picked":["Halt","ThirdEye","Vengeance"],"picked":"SKIP","floor":8.0},{"not_picked":["Vengeance","CrushJoints"],"picked":"ThirdEye","floor":10},{"not_picked":["EmptyBody","Conclude"],"picked":"FollowUp","floor":12},{"not_picked":["EmptyBody","BowlingBash","Indignation"],"picked":"SKIP","floor":14},{"not_picked":["DevaForm","SpiritShield"],"picked":"Establishment","floor":16},{"not_picked":["Halt","Tantrum+1"],"picked":"ClearTheMind","floor":18},{"not_picked":["ReachHeaven","Protect","ThirdEye"],"picked":"SKIP","floor":20},{"not_picked":["WheelKick","ClearTheMind"],"picked":"Adaptation+1","floor":22},{"not_picked":["FlurryOfBlows","Consecrate+1"],"picked":"Wireheading+1","floor":23},{"not_picked":["TalkToTheHand","WreathOfFlame"],"picked":"BattleHymn+1","floor":27},{"not_picked":["Adaptation+1","Prostrate+1","Protect+1"],"picked":"SKIP","floor":27},{"not_picked":["PathToVictory","Tantrum+1","JustLucky"],"picked":"SKIP","floor":29},{"not_picked":["InnerPeace+1","CrushJoints","Sanctity"],"picked":"SKIP","floor":29},{"not_picked":["LessonLearned","Judgement"],"picked":"MasterReality+1","floor":33},{"not_picked":["ThirdEye+1","BowlingBash"],"picked":"FollowUp+1","floor":35},{"not_picked":["WheelKick","Perseverance"],"picked":"BowlingBash","floor":35},{"not_picked":["LikeWater+1","EmptyBody","Adaptation+1"],"picked":"SKIP","floor":36},{"not_picked":["PathToVictory","EmptyBody+1","BowlingBash+1"],"picked":"SKIP","floor":36},{"not_picked":["Collect","Adaptation+1"],"picked":"Wallop+1","floor":38},{"not_picked":["JustLucky+1","CrushJoints+1","WaveOfTheHand+1"],"picked":"SKIP","floor":38},{"not_picked":["CutThroughFate+1","Vault"],"picked":"FlyingSleeves","floor":39},{"not_picked":["Study+1","Vengeance+1"],"picked":"CutThroughFate+1","floor":39},{"not_picked":["Collect+1","Perseverance+1"],"picked":"Weave+1","floor":44},{"not_picked":["PathToVictory+1","Crescendo+1","ForeignInfluence+1"],"picked":"SKIP","floor":45},{"not_picked":["Protect+1","ClearTheMind+1","FlyingSleeves+1"],"picked":"SKIP","floor":45},{"not_picked":["FlyingSleeves+1","Perseverance","DeceiveReality+1"],"picked":"SKIP","floor":47},{"not_picked":["WreathOfFlame+1","Consecrate+1","Study+1"],"picked":"SKIP","floor":47}],"player_experience":324084,"relics_obtained":[{"floor":6.0,"key":"reliquary:Firecrackers"},{"floor":8.0,"key":"Incense Burner"},{"floor":9.0,"key":"TungstenRod"},{"floor":10,"key":"reliquary:PartyBalloon"},{"floor":21,"key":"Juzu Bracelet"},{"floor":23,"key":"Prayer Wheel"},{"floor":43,"key":"Whetstone"},{"floor":44,"key":"Peace Pipe"}],"event_choices":[{"damage_healed":0.0,"max_hp_gain":0.0,"max_hp_loss":0.0,"gold_gain":0.0,"event_name":"Living Wall","player_choice":"Grow","floor":2.0,"gold_loss":0.0,"damage_taken":0.0,"cards_upgraded":["Eruption"]},{"damage_healed":0.0,"max_hp_gain":0.0,"max_hp_loss":0.0,"gold_gain":0.0,"event_name":"Golden Idol","player_choice":"Take Wound","floor":3.0,"gold_loss":0.0,"damage_taken":0.0,"relics_obtained":["Golden Idol"],"cards_obtained":["Injury"]},{"cards_removed":["Injury"],"damage_healed":0.0,"max_hp_gain":0.0,"max_hp_loss":0.0,"gold_gain":0.0,"event_name":"Fountain of Cleansing","player_choice":"Removed Curses","floor":4.0,"gold_loss":0.0,"damage_taken":0.0},{"damage_healed":0,"gold_gain":0,"player_choice":"Ignored","damage_taken":0,"max_hp_gain":0,"max_hp_loss":0,"event_name":"Ghosts","floor":25,"gold_loss":0},{"damage_healed":0,"gold_gain":0,"player_choice":"Ignored","damage_taken":0,"max_hp_gain":0,"max_hp_loss":0,"event_name":"Vampires","floor":28,"gold_loss":0},{"damage_healed":0,"gold_gain":0,"player_choice":"Copied","damage_taken":0,"max_hp_gain":0,"max_hp_loss":0,"event_name":"Duplicator","floor":30,"gold_loss":0,"cards_obtained":["LikeWater"]}],"is_beta":false,"boss_relics":[{"not_picked":["Snecko Eye","reliquary:Ember"],"picked":"SlaversCollar"},{"not_picked":["Fusion Hammer","reliquary:WritOfMandamus"],"picked":"reliquary:RedPaperclip"}],"items_purged_floors":[],"is_endless":false,"potions_floor_spawned":[1,5,14,20,23,29,39,44,45],"killed_by":"Shield and Spear","ascension_level":3}}