{"host":"17xjy7b7ubl548g2","time":1611722528,"event":{"mods":["2.2 Compatiblity","Act Like it!","Aspiration","Astrologer","Bard","BaseMod","Challenge The Spire","ChefMod","Colored Map","Colored Powertips","Conspire","Elementarium","Energized Spire","Gensokyo","GifTheSpireLib","Halation","Hallownest","Hermit","Hubris","Infinite Spire","Jedi Mod","Jorbs\u0027s Wanderer Trilogy","Marisa（霧雨　魔理沙）","Marked Mod","Menagerie","Minty Spire (QoL Compilation)","Permanent Neow","Reliquary","Replay The Spire","Robot Space Explorer","Spicy Shops","Spire Arcade","StSLib","Stuff the Spire","The Blue Laboratory","The Bug Knight","The Construct","The Disciple","The Hayseed","The Hierophant","The Marked","The Runesmith","The Sage","TheFirefly"],"gold_per_floor":[115,115,135,9,25,59,59,92,92,92,92,102,102,127,127,204,204,222,234,72,90,90,90,120,150,175,175,175],"floor_reached":27,"language":"ENG","playtime":3221,"items_purged":["Strike_B"],"score":552,"play_id":"ed705a08-ed60-49c9-9ff2-efc9974870c3","local_time":"20210126234208","is_ascension_mode":true,"campfire_choices":[{"data":"Loop","floor":7,"key":"SMITH"},{"data":"jedi:hex","floor":10,"key":"SMITH"},{"data":"StuffTheSpire:Coldhearted","floor":13,"key":"SMITH"},{"floor":15,"key":"REST"},{"data":"Dualcast","floor":23,"key":"SMITH"}],"circlet_count":0,"master_deck":["AscendersBane","Strike_B+1","Strike_B","Strike_B","Defend_B","Defend_B","Defend_B","Defend_B","Zap+1","Dualcast+1","Dark Shackles","Auto Shields","Barrage+1","Cold Snap","Loop+1","StuffTheSpire:Coldhearted+1","Pot Of Greed","Pot Of Greed","jedi:hex+1","jedi:BurstFrost","StuffTheSpire:ForEach+1","aspiration:Polymerization","Ball Lightning","Ball Lightning","jedi:blockon","Conserve Battery","Pot Of Greed"],"relics":["Cracked Core","Grinning Jar","reliquary:IridiumChain","conspire:BottledYoYo","Boot","hubris:RunicObelisk","ClockworkSouvenir","Ancient Tea Set","halation:PrussianBluePaint"],"acts_visited":["Exordium","Hallownest:Greenpath"],"potions_floor_usage":[6,14,16,21,24],"damage_taken":[{"damage":9,"enemies":"Hallownest:monsterHuskGuard","floor":1,"turns":4},{"damage":4,"enemies":"2_ Uuma","floor":3,"turns":6},{"damage":2,"enemies":"Hallownest:monsterHuskWarrior","floor":5,"turns":3},{"damage":24,"enemies":"Hallownest:eliteMossKnight","floor":6,"turns":8},{"damage":0,"enemies":"Hallownest:eliteVengeflyKing","floor":8,"turns":9},{"damage":3,"enemies":"Hallownest:Guard_and_Warrior","floor":12,"turns":4},{"damage":0,"enemies":"Hallownest:eliteMossKnight","floor":14,"turns":6},{"damage":18,"enemies":"Hallownest:BossHornet","floor":16,"turns":12},{"damage":4,"enemies":"Hallownest:Flukemon_and_Top","floor":18,"turns":5},{"damage":7,"enemies":"Hallownest:2_Mistakes","floor":19,"turns":7},{"damage":4,"enemies":"Hallownest:2_Husk_Sentries","floor":21,"turns":4},{"damage":13,"enemies":"Hallownest:eliteWatcherKnight","floor":24,"turns":12},{"damage":15,"enemies":"Hallownest:Glutton_and_Coward","floor":25,"turns":5},{"damage":20,"enemies":"Hallownest:3_Mistakes","floor":27,"turns":12}],"seed_played":"8021262239890996944","potions_obtained":[{"floor":1,"key":"blueLaboratory:PhilterOfMotion"},{"floor":8,"key":"jedi:tentaclejuice"},{"floor":12,"key":"blueLaboratory:PhilterOfMotion"},{"floor":18,"key":"Dexterity Potion"},{"floor":19,"key":"blueLaboratory:BottledHope"}],"is_trial":false,"path_per_floor":["M","?","M","$","M","E","R","E","T","R","?","M","R","E","R","B",null,"M","M","$","M","?","R","E","M","T","M"],"character_chosen":"DEFECT","items_purchased":["Cold Snap","ClockworkSouvenir"],"campfire_rested":1,"item_purchase_floors":[4,20],"current_hp_per_floor":[55,55,51,51,49,25,25,25,25,25,25,22,22,22,43,25,60,56,49,49,45,45,45,32,17,17,0,0],"gold":175,"neow_bonus":"RANDOM_COLORLESS","is_daily":false,"chose_seed":false,"campfire_upgraded":4,"win_rate":0.0,"timestamp":1611722528,"path_taken":["M","?","M","$","M","E","R","E","T","R","?","M","R","E","R","BOSS","M","M","$","M","?","R","E","M","T","M"],"items_purchased_type":["Card","Relic"],"build_version":"2020-12-22","purchased_purges":1,"victory":false,"max_hp_per_floor":[71,71,71,71,71,71,71,71,71,71,71,71,71,71,71,71,71,71,71,71,71,71,71,71,71,71,71,71],"card_choices":[{"not_picked":["hubris:Insight","Panacea"],"picked":"Dark Shackles","floor":0},{"not_picked":["BasicCrystalCard","Redo"],"picked":"Auto Shields","floor":1},{"not_picked":["jedi:BurstFrost","ReplayTheSpireMod:GoodbyeWorld"],"picked":"Barrage","floor":3},{"not_picked":["Sweeping Beam","Force Field"],"picked":"Loop","floor":5},{"not_picked":["jedi:markofdeath","Leap"],"picked":"StuffTheSpire:Coldhearted","floor":6},{"not_picked":["Streamline","Steam"],"picked":"jedi:hex","floor":8},{"not_picked":["jedi:overflow","Beam Cell"],"picked":"jedi:BurstFrost","floor":12},{"not_picked":["StuffTheSpire:LoadUp","jedi:BurstLightning","ReplayTheSpireMod:Repulse"],"picked":"SKIP","floor":14},{"not_picked":["Seek","StuffTheSpire:LaunchingStrike"],"picked":"StuffTheSpire:ForEach","floor":16},{"not_picked":["Go for the Eyes","ReplayTheSpireMod:System Scan"],"picked":"aspiration:Polymerization","floor":18},{"not_picked":["Turbo","Coolheaded"],"picked":"Ball Lightning","floor":19},{"not_picked":["Beam Cell","hubris:Ukulele"],"picked":"Ball Lightning","floor":21},{"not_picked":["Ball Lightning","StuffTheSpire:LoadUp+1"],"picked":"jedi:blockon","floor":24},{"not_picked":["Steam","Cold Snap"],"picked":"Conserve Battery","floor":25}],"player_experience":1984553,"relics_obtained":[{"floor":6,"key":"Grinning Jar"},{"floor":8,"key":"reliquary:IridiumChain"},{"floor":9,"key":"conspire:BottledYoYo"},{"floor":14,"key":"Boot"},{"floor":24,"key":"Ancient Tea Set"},{"floor":26,"key":"halation:PrussianBluePaint"}],"event_choices":[],"is_beta":false,"boss_relics":[{"not_picked":["Replay:Ancient Bell","aspiration:WatcherSkillbook"],"picked":"hubris:RunicObelisk"}],"items_purged_floors":[4],"is_endless":false,"potions_floor_spawned":[1,8,12,18,19],"killed_by":"Hallownest:3_Mistakes","ascension_level":20}}