{"host":"pywfjzuu44maodjf","time":1611766177,"event":{"mods":["Ascension Reborn","BaseMod","Better Third Choice","Colored Powertips","Minty Spire (QoL Compilation)","StSLib"],"gold_per_floor":[119,187,40,40,52,81,138,138,138,171,171,185,36,70,70,170,220,239,239,239,86,86,113,38,38,38,67,85,36,50,65,65,160,160,175,1174,1174,1194,1194,1221,1221,1248,1248,1248,1261,1294,1294,382,382,382],"floor_reached":51,"language":"ENG","playtime":2728,"items_purged":["Headbutt","Normality"],"score":935,"play_id":"574581ec-e1bb-41bc-8439-3172ca267a91","local_time":"20210127104937","is_ascension_mode":true,"campfire_choices":[{"data":"Perfected Strike","floor":8,"key":"SMITH"},{"floor":11,"key":"REST"},{"data":"Rampage","floor":15,"key":"SMITH"},{"data":"Flame Barrier","floor":25,"key":"SMITH"},{"data":"Inflame","floor":32,"key":"SMITH"},{"data":"Fiend Fire","floor":41,"key":"SMITH"},{"floor":49,"key":"REST"}],"circlet_count":0,"master_deck":["Strike_R+1","Strike_R+1","Strike_R+1","Strike_R+1","Strike_R+1","Defend_R+1","Defend_R+1","Defend_R+1","Defend_R+1","Bash+1","Cleave+1","Anger+1","Perfected Strike+1","Flame Barrier+1","Rampage+1","Immolate+1","Inflame+1","Thunderclap+1","Writhe","Decay","Headbutt+1","Fiend Fire+1","Normality","Heavy Blade+1","Cleave+1"],"relics":["Burning Blood","Boot","Potion Belt","Du-Vu Doll","Mango","Question Card","Bag of Preparation","ClockworkSouvenir","PreservedInsect","Tiny House","Pantograph","MutagenicStrength","Whetstone","Pocketwatch","FossilizedHelix","Dead Branch","Runic Pyramid","Pen Nib","Nunchaku","Unceasing Top","Peace Pipe","Magic Flower","TheAbacus","Darkstone Periapt","Incense Burner"],"acts_visited":["Exordium","TheCity","TheBeyond"],"potions_floor_usage":[7,18,18,33,33,33,46,46,50,50],"damage_taken":[{"damage":0,"enemies":"Cultist","floor":1,"turns":2},{"damage":7,"enemies":"2 Louse","floor":5,"turns":3},{"damage":20,"enemies":"Lagavulin","floor":6,"turns":5},{"damage":14,"enemies":"Gremlin Nob","floor":7,"turns":3},{"damage":20,"enemies":"Gremlin Nob","floor":10,"turns":4},{"damage":0,"enemies":"Jaw Worm","floor":12,"turns":2},{"damage":18,"enemies":"3 Sentries","floor":14,"turns":4},{"damage":0,"enemies":"Slime Boss","floor":16,"turns":7},{"damage":0,"enemies":"Chosen","floor":18,"turns":3},{"damage":0,"enemies":"Gremlin Leader","floor":23,"turns":2},{"damage":24,"enemies":"Slavers","floor":27,"turns":3},{"damage":20,"enemies":"2 Thieves","floor":28,"turns":3},{"damage":5,"enemies":"Snake Plant","floor":30,"turns":3},{"damage":0,"enemies":"Centurion and Healer","floor":31,"turns":3},{"damage":83,"enemies":"Collector","floor":33,"turns":6},{"damage":0,"enemies":"Orb Walker","floor":35,"turns":2},{"damage":15,"enemies":"3 Darklings","floor":38,"turns":2},{"damage":20,"enemies":"Nemesis","floor":40,"turns":4},{"damage":9,"enemies":"Reptomancer","floor":42,"turns":3},{"damage":14,"enemies":"Jaw Worm Horde","floor":45,"turns":2},{"damage":35,"enemies":"Giant Head","floor":46,"turns":6},{"damage":86,"enemies":"Donu and Deca","floor":50,"turns":7}],"seed_played":"7174517098991720006","potions_obtained":[{"floor":5,"key":"LiquidBronze"},{"floor":14,"key":"Energy Potion"},{"floor":16,"key":"ColorlessPotion"},{"floor":17,"key":"Energy Potion"},{"floor":27,"key":"Ancient Potion"},{"floor":30,"key":"Ancient Potion"},{"floor":31,"key":"SteroidPotion"},{"floor":40,"key":"DistilledChaos"},{"floor":42,"key":"SpeedPotion"},{"floor":45,"key":"Weak Potion"}],"is_trial":false,"path_per_floor":["M","?","$","?","M","E","?","R","T","E","R","M","$","E","R","B",null,"M","?","?","$","?","E","$","R","T","E","M","$","M","M","R","B",null,"M","?","?","M","?","E","R","E","T","?","M","E","T","$","R","B",null],"character_chosen":"IRONCLAD","items_purchased":["Potion Belt","ClockworkSouvenir","Whetstone","Energy Potion","TheAbacus","Darkstone Periapt","Incense Burner","BlessingOfTheForge","AttackPotion"],"campfire_rested":2,"item_purchase_floors":[3,13,21,29,48,48,48,48,48],"current_hp_per_floor":[80,80,80,80,79,65,71,71,71,57,85,91,91,79,79,85,99,99,99,99,99,99,99,99,99,99,81,67,67,68,74,74,22,99,99,99,94,85,85,71,71,68,68,68,60,31,31,31,59,17],"gold":382,"neow_bonus":"RANDOM_COMMON_RELIC","is_daily":false,"chose_seed":false,"campfire_upgraded":5,"win_rate":0.0,"timestamp":1611766177,"path_taken":["M","?","$","?","M","E","?","R","T","E","R","M","$","E","R","BOSS","M","?","?","$","?","E","$","R","T","E","M","?","M","M","R","BOSS","M","?","?","?","?","E","R","E","T","?","M","E","?","?","R","BOSS"],"items_purchased_type":["Relic","Relic","Relic","Potion","Relic","Relic","Relic","Potion","Potion"],"build_version":"2020-12-22","purchased_purges":2,"victory":true,"max_hp_per_floor":[80,80,80,80,80,80,94,94,94,94,94,94,94,94,94,94,99,99,99,99,99,99,99,99,99,99,99,99,99,99,99,99,99,99,99,99,94,94,94,94,94,94,94,94,94,94,94,94,94,94],"card_choices":[{"not_picked":["Feel No Pain","True Grit"],"picked":"Cleave","floor":1},{"not_picked":["Combust","Wild Strike"],"picked":"Anger","floor":5},{"not_picked":["Dark Embrace","Sever Soul"],"picked":"Perfected Strike","floor":6},{"not_picked":["Sever Soul","Warcry"],"picked":"Headbutt","floor":7},{"not_picked":["Wild Strike","Ghostly Armor","Sword Boomerang"],"picked":"Flame Barrier","floor":10},{"not_picked":["Clothesline","Pommel Strike","Iron Wave","Entrench"],"picked":"SKIP","floor":12},{"not_picked":["Berserk","Thunderclap","Heavy Blade"],"picked":"Rampage","floor":14},{"not_picked":["Barricade","Feed","Berserk"],"picked":"Immolate","floor":16},{"not_picked":["Fire Breathing","Iron Wave","Blood for Blood"],"picked":"Inflame","floor":17},{"not_picked":["Perfected Strike","Warcry","Shrug It Off"],"picked":"Thunderclap+1","floor":18},{"not_picked":["Carnage","Thunderclap","Sentinel+1"],"picked":"Shockwave+1","floor":23},{"not_picked":["Sword Boomerang","Demon Form","Ghostly Armor+1","Dropkick+1"],"picked":"SKIP","floor":27},{"not_picked":["True Grit","Power Through","Clothesline+1","Flex"],"picked":"SKIP","floor":28},{"not_picked":["Flex","Twin Strike","Ghostly Armor+1"],"picked":"Headbutt+1","floor":30},{"not_picked":["Cleave","Clothesline+1","Wild Strike","Searing Blow"],"picked":"SKIP","floor":31},{"not_picked":["Reaper","Brutality","Berserk"],"picked":"Fiend Fire","floor":33},{"not_picked":["Armaments+1","Headbutt","Havoc+1","Warcry+1"],"picked":"SKIP","floor":35},{"not_picked":["Pommel Strike+1","Metallicize+1","Battle Trance"],"picked":"Heavy Blade+1","floor":38},{"not_picked":["Rupture","Dropkick","Inflame+1","Anger"],"picked":"SKIP","floor":40},{"not_picked":["Reaper","Burning Pact+1","Rupture+1","Power Through"],"picked":"SKIP","floor":42},{"not_picked":["Feel No Pain+1","Ghostly Armor","Inflame+1","Clash+1"],"picked":"SKIP","floor":45},{"not_picked":["Pommel Strike+1","Twin Strike+1","Sword Boomerang+1"],"picked":"Cleave+1","floor":46}],"player_experience":51778,"relics_obtained":[{"floor":6,"key":"Du-Vu Doll"},{"floor":7,"key":"Mango"},{"floor":9,"key":"Question Card"},{"floor":10,"key":"Bag of Preparation"},{"floor":14,"key":"PreservedInsect"},{"floor":23,"key":"Pocketwatch"},{"floor":26,"key":"FossilizedHelix"},{"floor":27,"key":"Dead Branch"},{"floor":40,"key":"Pen Nib"},{"floor":42,"key":"Nunchaku"},{"floor":43,"key":"Unceasing Top"},{"floor":46,"key":"Peace Pipe"},{"floor":47,"key":"Magic Flower"}],"event_choices":[{"damage_healed":0,"gold_gain":68,"player_choice":"Gained Gold","damage_taken":0,"max_hp_gain":0,"max_hp_loss":0,"event_name":"Golden Wing","floor":2,"gold_loss":0},{"damage_healed":0,"gold_gain":0,"player_choice":"Leave","damage_taken":0,"max_hp_gain":0,"max_hp_loss":0,"event_name":"The Cleric","floor":4,"gold_loss":0},{"damage_healed":0,"gold_gain":0,"player_choice":"Searched \u00271\u0027 times","damage_taken":0,"max_hp_gain":0,"max_hp_loss":0,"event_name":"Dead Adventurer","floor":7,"gold_loss":0},{"damage_healed":0,"gold_gain":0,"player_choice":"Opened","damage_taken":0,"relics_obtained":["Pantograph"],"max_hp_gain":0,"max_hp_loss":0,"event_name":"The Mausoleum","floor":19,"gold_loss":0,"cards_obtained":["Writhe"]},{"damage_healed":0,"gold_gain":0,"player_choice":"Inject Mutagens","damage_taken":0,"relics_obtained":["MutagenicStrength"],"max_hp_gain":0,"max_hp_loss":0,"event_name":"Drug Dealer","floor":20,"gold_loss":0},{"damage_healed":0,"gold_gain":0,"player_choice":"Smashed Altar","damage_taken":0,"max_hp_gain":0,"max_hp_loss":0,"event_name":"Forgotten Altar","floor":22,"gold_loss":0,"cards_obtained":["Decay"]},{"damage_healed":0,"gold_gain":999,"player_choice":"Gold","damage_taken":0,"max_hp_gain":0,"max_hp_loss":0,"event_name":"MindBloom","floor":36,"gold_loss":0,"cards_obtained":["Normality","Normality"]},{"damage_healed":0,"gold_gain":0,"player_choice":"Max HP","damage_taken":0,"max_hp_gain":0,"max_hp_loss":5,"event_name":"Winding Halls","floor":37,"gold_loss":0},{"cards_removed":["Shockwave"],"damage_healed":0,"gold_gain":0,"player_choice":"Removed Skill","damage_taken":0,"max_hp_gain":0,"max_hp_loss":0,"event_name":"Falling","floor":39,"gold_loss":0},{"damage_healed":0,"gold_gain":0,"player_choice":"Ignored","damage_taken":0,"max_hp_gain":0,"max_hp_loss":0,"event_name":"Tomb of Lord Red Mask","floor":44,"gold_loss":0}],"is_beta":false,"boss_relics":[{"not_picked":["Runic Cube","Empty Cage"],"picked":"Tiny House"},{"not_picked":["Philosopher\u0027s Stone","Mark of Pain"],"picked":"Runic Pyramid"}],"items_purged_floors":[24,48],"is_endless":false,"potions_floor_spawned":[5,14,16,27,30,31,40,42,45],"ascension_level":0}}