{"host":"9709z2dy8v1s63sm","time":1611709727,"event":{"mods":["AchievementEnabler","BaseMod","Minty Spire (QoL Compilation)","StSLib","SuperFastMode"],"gold_per_floor":[20,20,41,66,66,66,82,113,137,137,162,193,234,252,252,383,383,402,425,441,441,215,255,274,274,274,295,295,333,248,273,273,394,394,419,432,81,106,169,169,210,225,225,260,260,23,23,39,39,39,39,39,39,77,77],"floor_reached":56,"language":"KOR","playtime":2906,"items_purged":["Strike_R","Strike_R"],"score":2030,"play_id":"13152de7-73d5-4b3a-ada6-29e8db2c0c1a","local_time":"20210127100847","is_ascension_mode":true,"campfire_choices":[{"data":"Feed","floor":6.0,"key":"SMITH"},{"data":"Inflame","floor":10.0,"key":"SMITH"},{"data":"Body Slam","floor":15.0,"key":"SMITH"},{"floor":25.0,"key":"REST"},{"data":"Evolve","floor":28.0,"key":"SMITH"},{"data":"Second Wind","floor":32.0,"key":"SMITH"},{"data":"Burning Pact","floor":40.0,"key":"SMITH"},{"floor":49.0,"key":"RECALL"},{"data":"Feel No Pain","floor":52.0,"key":"SMITH"}],"circlet_count":0,"master_deck":["AscendersBane","Strike_R","Defend_R","Defend_R+1","Defend_R","Defend_R","Bash","Feed+1","Second Wind+1","Uppercut+1","Inflame+1","Evolve+1","Dropkick","Body Slam+1","Corruption","Heavy Blade","Power Through","Shrug It Off","Bludgeon","Barricade","Wild Strike+1","Sentinel","Entrench","Burning Pact+1","Feel No Pain+1","Shrug It Off"],"relics":["Burning Blood","Golden Idol","Vajra","Odd Mushroom","Lantern","Snecko Eye","Nilry\u0027s Codex","OrangePellets","Regal Pillow","HornCleat","PreservedInsect","Juzu Bracelet","Empty Cage","Strange Spoon","Ice Cream","The Courier","Bronze Scales","Dream Catcher","Bottled Tornado","Omamori","Champion Belt"],"acts_visited":["Exordium","TheCity","TheBeyond","TheEnding"],"potions_floor_usage":[55],"damage_taken":[{"damage":5.0,"enemies":"2 Louse","floor":1.0,"turns":6.0},{"damage":7.0,"enemies":"Jaw Worm","floor":3.0,"turns":4.0},{"damage":0.0,"enemies":"Small Slimes","floor":4.0,"turns":2.0},{"damage":7.0,"enemies":"Exordium Wildlife","floor":7.0,"turns":4.0},{"damage":16.0,"enemies":"3 Sentries","floor":8.0,"turns":8.0},{"damage":5.0,"enemies":"3 Louse","floor":11.0,"turns":4.0},{"damage":14.0,"enemies":"The Mushroom Lair","floor":12.0,"turns":5.0},{"damage":20.0,"enemies":"Lagavulin","floor":13.0,"turns":7.0},{"damage":2.0,"enemies":"Looter","floor":14.0,"turns":3.0},{"damage":15.0,"enemies":"Hexaghost","floor":16.0,"turns":9.0},{"damage":13.0,"enemies":"Spheric Guardian","floor":18.0,"turns":4.0},{"damage":28.0,"enemies":"2 Thieves","floor":19.0,"turns":4.0},{"damage":34.0,"enemies":"Sentry and Sphere","floor":20.0,"turns":5.0},{"damage":19.0,"enemies":"Gremlin Leader","floor":23.0,"turns":6.0},{"damage":8.0,"enemies":"Snake Plant","floor":24.0,"turns":3.0},{"damage":7.0,"enemies":"Cultist and Chosen","floor":27.0,"turns":4.0},{"damage":5.0,"enemies":"Book of Stabbing","floor":29.0,"turns":6.0},{"damage":15.0,"enemies":"Centurion and Healer","floor":31.0,"turns":6.0},{"damage":43.0,"enemies":"Automaton","floor":33.0,"turns":7.0},{"damage":0.0,"enemies":"3 Shapes","floor":35.0,"turns":3.0},{"damage":10.0,"enemies":"3 Darklings","floor":36.0,"turns":5.0},{"damage":15.0,"enemies":"4 Shapes","floor":38.0,"turns":6.0},{"damage":6.0,"enemies":"Mind Bloom Boss Battle","floor":39.0,"turns":6.0},{"damage":0.0,"enemies":"Reptomancer","floor":41.0,"turns":3.0},{"damage":0.0,"enemies":"Sphere and 2 Shapes","floor":42.0,"turns":4.0},{"damage":1.0,"enemies":"Nemesis","floor":44.0,"turns":5.0},{"damage":20.0,"enemies":"3 Darklings","floor":48.0,"turns":7.0},{"damage":6.0,"enemies":"Donu and Deca","floor":50.0,"turns":11.0},{"damage":28.0,"enemies":"Shield and Spear","floor":54.0,"turns":5.0},{"damage":0,"enemies":"The Heart","floor":55,"turns":8}],"seed_played":"-4994768656376201383","potions_obtained":[{"floor":1.0,"key":"Block Potion"},{"floor":4.0,"key":"SteroidPotion"},{"floor":8.0,"key":"SteroidPotion"},{"floor":13.0,"key":"Dexterity Potion"},{"floor":16.0,"key":"DistilledChaos"},{"floor":23.0,"key":"Weak Potion"},{"floor":24.0,"key":"Explosive Potion"},{"floor":27.0,"key":"SmokeBomb"},{"floor":29.0,"key":"DistilledChaos"},{"floor":33.0,"key":"BloodPotion"},{"floor":36.0,"key":"FairyPotion"},{"floor":54.0,"key":"ElixirPotion"}],"is_trial":false,"path_per_floor":["M","?","M","M","?","R","M","E","T","R","M","?","E","M","R","B",null,"M","M","M","?","$","E","M","R","T","M","R","E","?","M","R","B",null,"M","M","$","M","?","R","E","M","T","E","?","$","T","M","R","B",null,"R","$","E","B",null],"character_chosen":"IRONCLAD","items_purchased":["OrangePellets","Sentinel","Entrench","Strange Spoon","Feel No Pain","Bottled Tornado"],"campfire_rested":1,"item_purchase_floors":[22,37,37,37,46,46],"current_hp_per_floor":[76,56,55,64,47,47,50,44,44,44,49,45,35,39,39,30,87,84,66,42,26,26,13,15,66,66,69,69,70,70,65,65,28,105,115,138,138,129,133,133,139,146,146,150,150,150,150,136,136,136,147,147,147,129,135],"gold":77,"neow_bonus":"THREE_RARE_CARDS","is_daily":false,"chose_seed":false,"campfire_upgraded":7,"win_rate":0.0,"timestamp":1611709727,"path_taken":["M","?","M","M","?","R","M","E","T","R","M","?","E","M","R","BOSS","M","M","M","?","$","E","M","R","T","M","R","E","?","M","R","BOSS","M","M","$","M","?","R","E","M","T","E","?","$","?","M","R","BOSS","R","$","E","BOSS"],"items_purchased_type":["Relic","Card","Card","Relic","Card","Relic"],"build_version":"2020-12-22","purchased_purges":2,"victory":true,"max_hp_per_floor":[83,83,83,86,86,86,90,94,94,94,98,102,106,106,106,106,106,110,114,118,118,118,118,122,122,122,126,126,126,126,130,130,130,130,134,138,138,138,142,142,142,146,146,150,150,150,150,150,150,150,150,150,150,154,154],"card_choices":[{"not_picked":["Brutality","Impervious"],"picked":"Feed","floor":0.0},{"not_picked":["Evolve","Headbutt"],"picked":"Second Wind","floor":1.0},{"not_picked":["Bloodletting","Twin Strike"],"picked":"Uppercut","floor":3.0},{"not_picked":["Clash","Flex"],"picked":"Inflame","floor":4.0},{"not_picked":["Wild Strike","Armaments","Cleave"],"picked":"SKIP","floor":7.0},{"not_picked":["Wild Strike","Armaments","Cleave"],"picked":"SKIP","floor":7.0},{"not_picked":["Thunderclap","Searing Blow"],"picked":"Evolve","floor":8.0},{"not_picked":["Perfected Strike","Rampage"],"picked":"Dropkick","floor":11.0},{"not_picked":["Seeing Red","True Grit"],"picked":"Body Slam","floor":12.0},{"not_picked":["Sentinel","Headbutt","Anger"],"picked":"SKIP","floor":13.0},{"not_picked":["Perfected Strike","Armaments","Cleave"],"picked":"SKIP","floor":14.0},{"not_picked":["Limit Break","Berserk"],"picked":"Corruption","floor":16.0},{"not_picked":["Havoc+1","Pummel"],"picked":"Heavy Blade","floor":18.0},{"not_picked":["Pommel Strike","Clothesline+1"],"picked":"Power Through","floor":19.0},{"not_picked":["Cleave","True Grit","Havoc"],"picked":"SKIP","floor":20.0},{"not_picked":["Clash","Hemokinesis"],"picked":"Shrug It Off","floor":23.0},{"not_picked":["Pummel","Fire Breathing"],"picked":"Shrug It Off+1","floor":24.0},{"not_picked":["Headbutt","Pommel Strike"],"picked":"Bludgeon","floor":27.0},{"not_picked":["Intimidate+1","Iron Wave+1","Cleave"],"picked":"SKIP","floor":29.0},{"not_picked":["Spot Weakness","Perfected Strike+1","Warcry"],"picked":"SKIP","floor":31.0},{"not_picked":["Exhume","Reaper"],"picked":"Barricade","floor":33.0},{"not_picked":["Armaments","Searing Blow","Twin Strike+1"],"picked":"SKIP","floor":35.0},{"not_picked":["Inflame","Havoc"],"picked":"Wild Strike+1","floor":36.0},{"not_picked":["Clothesline+1","Blood for Blood"],"picked":"Burning Pact","floor":38.0},{"not_picked":["Carnage+1","Twin Strike+1","Body Slam"],"picked":"SKIP","floor":41.0},{"not_picked":["Pummel","Whirlwind","Combust"],"picked":"SKIP","floor":42.0},{"not_picked":["Pummel","Whirlwind","Combust"],"picked":"SKIP","floor":42.0},{"not_picked":["Fire Breathing","Uppercut","Twin Strike"],"picked":"SKIP","floor":44.0},{"not_picked":["Havoc","Blood for Blood+1","Sword Boomerang"],"picked":"SKIP","floor":48.0},{"not_picked":["Reckless Charge","Intimidate+1"],"picked":"Shrug It Off","floor":54.0}],"player_experience":92433,"relics_obtained":[{"floor":8.0,"key":"Vajra"},{"floor":12.0,"key":"Odd Mushroom"},{"floor":13.0,"key":"Lantern"},{"floor":21.0,"key":"Nilry\u0027s Codex"},{"floor":23.0,"key":"Regal Pillow"},{"floor":26.0,"key":"HornCleat"},{"floor":29.0,"key":"PreservedInsect"},{"floor":39.0,"key":"Ice Cream"},{"floor":41.0,"key":"The Courier"},{"floor":43.0,"key":"Bronze Scales"},{"floor":44.0,"key":"Dream Catcher"},{"floor":47.0,"key":"Omamori"},{"floor":54.0,"key":"Champion Belt"}],"event_choices":[{"damage_healed":0.0,"max_hp_gain":0.0,"max_hp_loss":0.0,"gold_gain":0.0,"event_name":"Golden Idol","player_choice":"Take Damage","floor":2.0,"gold_loss":0.0,"damage_taken":20.0,"relics_obtained":["Golden Idol"]},{"damage_healed":0.0,"max_hp_gain":0.0,"max_hp_loss":0.0,"gold_gain":0.0,"event_name":"Shining Light","player_choice":"Entered Light","floor":5.0,"gold_loss":0.0,"damage_taken":17.0,"cards_upgraded":["Defend_R","Uppercut"]},{"damage_healed":0.0,"max_hp_gain":0.0,"max_hp_loss":0.0,"gold_gain":0.0,"event_name":"Mushrooms","player_choice":"Fought Mushrooms","floor":12.0,"gold_loss":0.0,"damage_taken":0.0},{"damage_healed":0.0,"max_hp_gain":0.0,"max_hp_loss":0.0,"gold_gain":0.0,"event_name":"Cursed Tome","player_choice":"Obtained Book","floor":21.0,"gold_loss":0.0,"damage_taken":16.0},{"damage_healed":0.0,"max_hp_gain":0.0,"max_hp_loss":0.0,"gold_gain":0.0,"event_name":"Addict","player_choice":"Obtained Relic","floor":30.0,"gold_loss":85.0,"damage_taken":0.0,"relics_obtained":["Juzu Bracelet"]},{"damage_healed":0.0,"max_hp_gain":0.0,"max_hp_loss":0.0,"gold_gain":0.0,"event_name":"MindBloom","player_choice":"Fight","floor":39.0,"gold_loss":0.0,"damage_taken":0.0},{"cards_removed":["Shrug It Off"],"damage_healed":0.0,"max_hp_gain":0.0,"max_hp_loss":0.0,"gold_gain":0.0,"event_name":"Falling","player_choice":"Removed Skill","floor":45.0,"gold_loss":0.0,"damage_taken":0.0}],"is_beta":false,"boss_relics":[{"not_picked":["Busted Crown","Fusion Hammer"],"picked":"Snecko Eye"},{"not_picked":["SacredBark","Tiny House"],"picked":"Empty Cage"}],"items_purged_floors":[22,37],"is_endless":false,"potions_floor_spawned":[1,4,8,13,16,23,24,27,29,33,36,39,41,44,54],"ascension_level":11}}