{"host":"8uihyzx2cncbsjod","time":1611782771,"event":{"mods":["BaseMod","Custom Start","Downfall","Hermit","Minty Spire (QoL Compilation)","StSLib","egg"],"gold_per_floor":[99,115,131,131,131,141,216,266,66,98,248,283,283,36,56,155,155,155,155,172,188,188,223,223,233,118,151,163,163,63,63,77,181,181,181,196,213,264,281,301,350,350,385,52,52,123,123,173,190,190,190,220,64,64,64,64],"floor_reached":57,"language":"ENG","playtime":4174,"items_purged":["downfall:Icky","downfall:Bewildered"],"score":1353,"play_id":"9e939a04-c6a8-4936-aa7c-21f10c5d3595","local_time":"20210127162611","daily_mods":["Draft"],"is_ascension_mode":false,"campfire_choices":[{"floor":1,"key":"RECALL"},{"data":"champ:ShieldWall","floor":9,"key":"SMITH"},{"data":"champ:Encircle","floor":13,"key":"SMITH"},{"data":"champ:SkillfulDodge","floor":18,"key":"SMITH"},{"data":"champ:EndlessRage","floor":30,"key":"SMITH"},{"data":"champ:Improvising","floor":35,"key":"SMITH"},{"data":"champ:SwordThrow","floor":42,"key":"SMITH"},{"data":"expansioncontent:StudyTheSpire","floor":47,"key":"SMITH"},{"data":"champ:FaceSlap","floor":54,"key":"SMITH"}],"circlet_count":0,"master_deck":["champ:FaceSlap+1","champ:AdrenalArmor","champ:Backstep","champ:Encircle+1","champ:Circumvent+1","champ:FocusedBerserking","champ:StanceDance","champ:AdrenalArmor","champ:Endure","champ:SkillfulDodge+1","champ:BringItOn","champ:IronFortress","champ:ShieldWall+1","champ:FlashCut","champ:FlashCut","champ:PreciseThrust","champ:MurderStrike","downfall:Haunted","downfall:Haunted","champ:UltimateStance+1","champ:CrookedStrike","champ:EndlessRage+1","champ:Improvising+1","CurseOfTheBell","champ:CrookedStrike+1","champ:SwordThrow+1","expansioncontent:StudyTheSpire+1","champ:FocusedDefense","champ:RapidStrikes","champ:DancingMaster"],"relics":["champ:ChampionCrown","WarpedTongs","Matryoshka","hexamod:BolsterEngine","downfall:HeartBlessingRed","downfall:HeartBlessingBlue","Ornamental Fan","Juzu Bracelet","bronze:DonusWashers","Empty Cage","Darkstone Periapt","sneckomod:BabySnecko","Calipers","Mummified Hand","Blood Vial","Slimebound:PreparedRelic","champ:DefensiveTrainingManual","downfall:HeartBlessingGreen","Calling Bell","PreservedInsect","bronze:DecasWashers","Dead Branch","Du-Vu Doll","Potion Belt","War Paint","StoneCalendar","Oddly Smooth Stone","Bronze Scales"],"acts_visited":["Exordium","TheCity","TheBeyond","TheEnding"],"potions_floor_usage":[10,12,23,26,33,33,46,46,50,50,52,55],"damage_taken":[{"damage":0,"enemies":"Small Slimes","floor":2,"turns":3},{"damage":15,"enemies":"Cultist","floor":3,"turns":3},{"damage":9,"enemies":"Jaw Worm","floor":6,"turns":2},{"damage":21,"enemies":"Lagavulin","floor":10,"turns":5},{"damage":37,"enemies":"3 Sentries","floor":12,"turns":5},{"damage":4,"enemies":"downfall:FleeingMerchant","floor":14,"turns":4},{"damage":1,"enemies":"3 Louse","floor":15,"turns":2},{"damage":38,"enemies":"IC_STATUS_ARCHETYPE","floor":16,"turns":5},{"damage":24,"enemies":"Spheric Guardian","floor":20,"turns":4},{"damage":32,"enemies":"Centurion and Healer","floor":21,"turns":5},{"damage":44,"enemies":"Slavers","floor":23,"turns":6},{"damage":5,"enemies":"Snecko","floor":25,"turns":3},{"damage":5,"enemies":"downfall:FleeingMerchant","floor":26,"turns":4},{"damage":10,"enemies":"Gremlin Leader","floor":27,"turns":4},{"damage":28,"enemies":"Chosen and Byrds","floor":28,"turns":6},{"damage":20,"enemies":"Sentry and Sphere","floor":32,"turns":4},{"damage":87,"enemies":"DF_ARCHETYPE_CLAW","floor":33,"turns":9},{"damage":15,"enemies":"Orb Walker","floor":36,"turns":3},{"damage":5,"enemies":"3 Darklings","floor":37,"turns":6},{"damage":63,"enemies":"2 Orb Walkers","floor":38,"turns":6},{"damage":0,"enemies":"Maw","floor":39,"turns":4},{"damage":0,"enemies":"Spire Growth","floor":40,"turns":3},{"damage":5,"enemies":"Nemesis","floor":43,"turns":2},{"damage":20,"enemies":"downfall:FleeingMerchant","floor":46,"turns":3},{"damage":5,"enemies":"downfall:FleeingMerchant","floor":48,"turns":5},{"damage":35,"enemies":"4 Shapes","floor":49,"turns":3},{"damage":12,"enemies":"WA_ARCHETYPE_DIVINITY","floor":50,"turns":7},{"damage":37,"enemies":"downfall:CharBossMerchant","floor":52,"turns":6},{"damage":80,"enemies":"downfall:NeowBoss","floor":55,"turns":14},{"damage":94,"enemies":"downfall:NeowBossFinal","floor":56,"turns":7}],"seed_played":"-6279326569636005378","potions_obtained":[{"floor":2,"key":"Dexterity Potion"},{"floor":6,"key":"Weak Potion"},{"floor":10,"key":"Fruit Juice"},{"floor":16,"key":"champ:CounterPotion"},{"floor":21,"key":"PowerPotion"},{"floor":23,"key":"champ:OpenerPotion"},{"floor":31,"key":"champ:UltimateStancePotion"},{"floor":38,"key":"FearPotion"},{"floor":39,"key":"LiquidBronze"},{"floor":43,"key":"Dexterity Potion"},{"floor":49,"key":"GamblersBrew"},{"floor":52,"key":"DuplicationPotion"}],"is_trial":true,"path_per_floor":["R","M","M","?","?","M","T","T","R","E","?","E","R","$","M","B",null,"R","?","M","M","?","E","T","M","$","E","M","?","R","?","M","B",null,"R","M","M","?","M","M","T","R","E","?","?","$","R","?","M","B",null,"E","$","R","B","B",null],"character_chosen":"THE_CHAMP","items_purchased":["bronze:DonusWashers","expansioncontent:StudyTheSpire","champ:FocusedDefense","Bronze Scales"],"campfire_rested":0,"item_purchase_floors":[14,46,46,53],"current_hp_per_floor":[90,90,90,95,95,86,86,86,96,85,85,83,83,79,78,50,110,110,122,108,101,107,83,83,85,87,89,83,83,83,83,85,40,134,134,134,134,101,103,105,105,105,107,151,151,151,151,151,151,151,151,134,134,134,136,94],"gold":64,"neow_bonus":"","is_daily":false,"chose_seed":false,"campfire_upgraded":8,"win_rate":0.0,"timestamp":1611782771,"path_taken":["R","M","M","?","?","?","T","?","R","E","?","E","R","?","M","BOSS","R","?","M","M","?","E","T","M","$","E","M","?","R","?","M","BOSS","R","M","M","?","M","M","T","R","E","?","?","$","R","?","M","BOSS","E","$","R","BOSS","BOSS"],"items_purchased_type":["Relic","Card","Card","Relic"],"build_version":"2020-12-22","purchased_purges":2,"victory":true,"max_hp_per_floor":[90,90,90,95,95,95,95,95,105,105,105,110,110,110,110,110,110,110,122,122,122,128,128,128,128,128,128,128,128,128,128,128,128,134,134,134,134,134,134,134,134,134,134,151,151,151,151,151,151,151,151,151,151,151,151,151],"card_choices":[{"not_picked":["champ:EnragedBash","champ:PerfectedStrike"],"picked":"champ:FaceSlap","floor":0},{"not_picked":["champ:EndlessRage","champ:StanceDance"],"picked":"champ:AdrenalArmor","floor":0},{"not_picked":["champ:CrownThrow","champ:BladeFlurry"],"picked":"champ:GladiatorStyle","floor":0},{"not_picked":["champ:BerserkersShout","champ:PreemptiveStrike"],"picked":"champ:Haymaker","floor":0},{"not_picked":["champ:ShieldSlam","champ:BringItOn"],"picked":"champ:Backstep","floor":0},{"not_picked":["champ:BringItOn","champ:TornadoPunch"],"picked":"champ:Encircle","floor":0},{"not_picked":["champ:Backstep","champ:HeartStrike"],"picked":"champ:Circumvent","floor":0},{"not_picked":["champ:TornadoPunch","champ:AdrenalArmor"],"picked":"champ:FocusedBerserking","floor":0},{"not_picked":["champ:TornadoPunch","champ:FalseCounter"],"picked":"champ:StanceDance","floor":0},{"not_picked":["champ:TornadoPunch","champ:FancyFootwork"],"picked":"champ:AdrenalArmor","floor":0},{"not_picked":["champ:GutPunch","champ:FlashCut"],"picked":"champ:Endure","floor":0},{"not_picked":["champ:GladiatorStyle","champ:TornadoPunch"],"picked":"champ:SkillfulDodge","floor":0},{"not_picked":["champ:PerfectedStrike","champ:GladiatorStyle"],"picked":"champ:BringItOn","floor":0},{"not_picked":["champ:PreemptiveStrike","champ:CrownThrow"],"picked":"champ:IronFortress","floor":0},{"not_picked":["champ:FalseCounter","champ:PerfectedStrike"],"picked":"champ:ShieldWall","floor":0},{"not_picked":["champ:Circumvent","champ:EndlessRage"],"picked":"champ:FlashCut","floor":2},{"not_picked":["champ:Parry","champ:FalseCounter","champ:DefensiveShout"],"picked":"SKIP","floor":3},{"not_picked":["champ:DefensiveShout","champ:ShieldWall","champ:Circumvent"],"picked":"SKIP","floor":6},{"not_picked":["champ:GladiatorStyle","champ:Backstep"],"picked":"champ:FlashCut","floor":10},{"not_picked":["champ:IronFortress","champ:Backstep","champ:BerserkersShout"],"picked":"SKIP","floor":12},{"not_picked":["champ:IgnorePain","champ:GutPunch"],"picked":"champ:PreciseThrust","floor":14},{"not_picked":["champ:CrownThrow","champ:FalseCounter","champ:Lariat"],"picked":"SKIP","floor":15},{"not_picked":["champ:HeavySlash","champ:Devastate"],"picked":"champ:MurderStrike","floor":16},{"not_picked":["champ:FanOfKnives","champ:ShieldSlam","champ:RecklessLeap"],"picked":"SKIP","floor":20},{"not_picked":["champ:BerserkersShout","champ:Haymaker","champ:DefensiveShout"],"picked":"SKIP","floor":21},{"not_picked":["champ:Endure+1","champ:Circumvent"],"picked":"champ:UltimateStance","floor":23},{"not_picked":["champ:FlashCut","champ:Haymaker","champ:GutPunch"],"picked":"SKIP","floor":25},{"not_picked":["champ:Lariat","champ:ShieldWall","champ:Circumvent+1"],"picked":"SKIP","floor":26},{"not_picked":["champ:DefensiveShout","champ:PreciseThrust"],"picked":"champ:CrookedStrike","floor":27},{"not_picked":["champ:CrookedStrike","champ:PreciseThrust"],"picked":"champ:EndlessRage","floor":28},{"not_picked":["champ:TornadoPunch","champ:DefensiveShout+1","champ:FlashCut"],"picked":"SKIP","floor":32},{"not_picked":["champ:MurderStrike","champ:LastStand"],"picked":"champ:Improvising","floor":33},{"not_picked":["champ:FanOfKnives","champ:Encircle","champ:Circumvent"],"picked":"SKIP","floor":36},{"not_picked":["champ:Lariat","champ:BerserkersShout+1"],"picked":"champ:CrookedStrike+1","floor":37},{"not_picked":["champ:FlashCut+1","champ:IronFortress"],"picked":"champ:SwordThrow","floor":38},{"not_picked":["champ:FlashCut+1","champ:SetATrap+1","champ:CrookedStrike+1"],"picked":"SKIP","floor":39},{"not_picked":["champ:StanceDance","champ:PreciseThrust+1","champ:FanOfKnives+1"],"picked":"SKIP","floor":40},{"not_picked":["champ:BringItOn","champ:RecklessLeap","champ:Endure"],"picked":"SKIP","floor":43},{"not_picked":["champ:PerfectedStrike+1","champ:SetATrap+1","champ:Lariat+1"],"picked":"SKIP","floor":46},{"not_picked":["champ:DefensiveShout","champ:GutPunch+1"],"picked":"champ:RapidStrikes","floor":49},{"not_picked":["champ:Backstep+1","champ:ShieldSlam+1"],"picked":"champ:DancingMaster","floor":52}],"player_experience":630668,"relics_obtained":[{"floor":7,"key":"Matryoshka"},{"floor":8,"key":"hexamod:BolsterEngine"},{"floor":10,"key":"Ornamental Fan"},{"floor":12,"key":"Juzu Bracelet"},{"floor":23,"key":"Calipers"},{"floor":24,"key":"Mummified Hand"},{"floor":24,"key":"Blood Vial"},{"floor":27,"key":"Slimebound:PreparedRelic"},{"floor":34,"key":"PreservedInsect"},{"floor":34,"key":"bronze:DecasWashers"},{"floor":34,"key":"Dead Branch"},{"floor":38,"key":"Du-Vu Doll"},{"floor":41,"key":"Potion Belt"},{"floor":43,"key":"War Paint"},{"floor":48,"key":"StoneCalendar"},{"floor":52,"key":"Oddly Smooth Stone"}],"event_choices":[{"damage_healed":0,"gold_gain":0,"player_choice":"Donut","damage_taken":0,"max_hp_gain":5,"max_hp_loss":0,"event_name":"Big Fish","floor":4,"gold_loss":0},{"damage_healed":0,"gold_gain":0,"player_choice":"Rummage","damage_taken":0,"relics_obtained":["WarpedTongs"],"max_hp_gain":0,"max_hp_loss":0,"event_name":"Accursed Blacksmith","floor":5,"gold_loss":0,"cards_obtained":["Pain"]},{"damage_healed":0,"gold_gain":0,"player_choice":"Got Potions","damage_taken":0,"max_hp_gain":0,"max_hp_loss":0,"event_name":"Lab","floor":31,"gold_loss":0},{"damage_healed":0,"gold_gain":0,"player_choice":"Fight","damage_taken":0,"max_hp_gain":0,"max_hp_loss":0,"event_name":"Mysterious Sphere","floor":38,"gold_loss":0},{"cards_removed":["champ:Haymaker"],"damage_healed":0,"gold_gain":0,"player_choice":"Removed Attack","damage_taken":0,"max_hp_gain":0,"max_hp_loss":0,"event_name":"Falling","floor":45,"gold_loss":0}],"is_beta":false,"boss_relics":[{"not_picked":["Astrolabe","Fusion Hammer"],"picked":"Empty Cage"},{"not_picked":["SacredBark","Coffee Dripper"],"picked":"Calling Bell"}],"items_purged_floors":[14,26],"is_endless":false,"potions_floor_spawned":[2,6,10,16,21,23,25,32,38,39,43,49,52],"ascension_level":0}}