{"host":"zrerxgu8lagrk16e","time":1611768747,"event":{"mods":["AchievementEnabler","BaseMod","Colored Map","Colored Powertips","Minty Spire (QoL Compilation)","Quick Restart","Relic Stats","StSLib","slay the spire mod where everything is the same but ironclad has a cowboy hat"],"gold_per_floor":[113,113,181,199,219,248,248,280,280,299,328,340,367,386,386,483,483,498,513,788,298,314,349,367,398,398,398,398,398,427,446,446,547,547,559,55,330,340,351,383,383,183,183,183,215,234,262,312,312,312,312,312,37,68,68],"floor_reached":56,"language":"ENG","playtime":3124,"items_purged":["Regret","Regret"],"score":1665,"play_id":"1f0a945f-e9ea-4aa6-9751-d33bd53a5207","local_time":"20210127123227","is_ascension_mode":true,"campfire_choices":[{"data":"Immolate","floor":7.0,"key":"SMITH"},{"floor":15.0,"key":"RECALL"},{"data":"Berserk","floor":27.0,"key":"SMITH"},{"floor":29.0,"key":"REST"},{"data":"Pummel","floor":32.0,"key":"SMITH"},{"data":"Limit Break","floor":41.0,"key":"SMITH"},{"data":"Infernal Blade","floor":44,"key":"SMITH"},{"data":"Inflame","floor":49,"key":"SMITH"},{"data":"Flex","floor":52,"key":"SMITH"}],"circlet_count":0,"master_deck":["Strike_R+1","Strike_R+1","Strike_R+1","Strike_R+1","Strike_R+1","Defend_R+1","Defend_R+1","Defend_R+1","Defend_R+1","Bash","Immolate+1","Headbutt","Rampage","Sword Boomerang","Anger","Uppercut","Thunderclap","Flame Barrier","Twin Strike","Berserk+1","Anger","Reaper","Infernal Blade+1","Headbutt","Dropkick","Inflame+1","Offering","Heavy Blade","Reaper","Injury","Clash","Pummel+1","Limit Break+1","Pummel+1","Clash+1","Flex+1","Spot Weakness+1","Flex+1","Exhume","Rupture","Pain","Reckless Charge+1","Shockwave+1","Spot Weakness","Perfected Strike+1","Combust","Combust","Dual Wield","Combust+1"],"relics":["Burning Blood","Mercury Hourglass","The Courier","Blood Vial","Matryoshka","Shuriken","Membership Card","Pantograph","Cursed Key","Bronze Scales","Self Forming Clay","Ice Cream","HandDrill","Ornamental Fan","Darkstone Periapt","Orichalcum","Anchor","Question Card","MealTicket","Coffee Dripper","TungstenRod","Paper Frog","Molten Egg 2","HornCleat","Unceasing Top","Torii","OrangePellets","Art of War","Lantern","FossilizedHelix","Bottled Tornado","Incense Burner","Akabeko","Bag of Marbles","Pen Nib","Sundial"],"acts_visited":["Exordium","TheCity","TheBeyond","TheEnding"],"potions_floor_usage":[46,48],"damage_taken":[{"damage":1.0,"enemies":"Small Slimes","floor":1.0,"turns":2.0},{"damage":9.0,"enemies":"Jaw Worm","floor":4.0,"turns":3.0},{"damage":0.0,"enemies":"Cultist","floor":5.0,"turns":2.0},{"damage":13.0,"enemies":"3 Sentries","floor":6.0,"turns":4.0},{"damage":23.0,"enemies":"Gremlin Nob","floor":8.0,"turns":4.0},{"damage":8.0,"enemies":"Blue Slaver","floor":10.0,"turns":2.0},{"damage":9.0,"enemies":"3 Sentries","floor":11.0,"turns":3.0},{"damage":4.0,"enemies":"Red Slaver","floor":12.0,"turns":2.0},{"damage":12.0,"enemies":"Lagavulin","floor":13.0,"turns":5.0},{"damage":2.0,"enemies":"3 Louse","floor":14.0,"turns":2.0},{"damage":18.0,"enemies":"Slime Boss","floor":16.0,"turns":6.0},{"damage":3.0,"enemies":"Chosen","floor":18.0,"turns":3.0},{"damage":11.0,"enemies":"Spheric Guardian","floor":19.0,"turns":3.0},{"damage":4.0,"enemies":"Centurion and Healer","floor":22.0,"turns":3.0},{"damage":0.0,"enemies":"Book of Stabbing","floor":23.0,"turns":3.0},{"damage":0.0,"enemies":"Sentry and Sphere","floor":24.0,"turns":2.0},{"damage":51.0,"enemies":"Gremlin Leader","floor":25.0,"turns":5.0},{"damage":0.0,"enemies":"Slavers","floor":30.0,"turns":2.0},{"damage":0.0,"enemies":"Cultist and Chosen","floor":31.0,"turns":4.0},{"damage":69.0,"enemies":"Automaton","floor":33.0,"turns":7.0},{"damage":14.0,"enemies":"3 Darklings","floor":35.0,"turns":2.0},{"damage":4.0,"enemies":"3 Shapes","floor":38.0,"turns":1.0},{"damage":5.0,"enemies":"Jaw Worm Horde","floor":39.0,"turns":2.0},{"damage":21.0,"enemies":"Reptomancer","floor":40.0,"turns":4.0},{"damage":0,"enemies":"Nemesis","floor":45,"turns":3},{"damage":0,"enemies":"3 Darklings","floor":46,"turns":2},{"damage":22,"enemies":"Reptomancer","floor":47,"turns":4},{"damage":5,"enemies":"Mind Bloom Boss Battle","floor":48,"turns":3},{"damage":0,"enemies":"Awakened One","floor":50,"turns":4},{"damage":0,"enemies":"Shield and Spear","floor":54,"turns":3},{"damage":26,"enemies":"The Heart","floor":55,"turns":6}],"seed_played":"-4956965200486181352","potions_obtained":[{"floor":5.0,"key":"Regen Potion"},{"floor":8.0,"key":"Explosive Potion"},{"floor":11.0,"key":"DuplicationPotion"},{"floor":13.0,"key":"CultistPotion"},{"floor":19.0,"key":"EssenceOfSteel"},{"floor":23.0,"key":"AttackPotion"},{"floor":30.0,"key":"SkillPotion"},{"floor":31.0,"key":"Energy Potion"},{"floor":35.0,"key":"DuplicationPotion"},{"floor":39.0,"key":"Energy Potion"},{"floor":45,"key":"ColorlessPotion"},{"floor":54,"key":"LiquidBronze"}],"is_trial":false,"path_per_floor":["M","?","T","M","M","E","R","E","T","M","E","M","E","M","R","B",null,"M","M","?","$","M","E","M","E","T","R","?","R","E","M","R","B",null,"M","$","?","M","M","E","R","$","T","R","E","M","E","?","R","B",null,"R","$","E","B",null],"character_chosen":"IRONCLAD","items_purchased":["Bronze Scales","Self Forming Clay","Ice Cream","HandDrill","Ornamental Fan","Dropkick","Membership Card","TungstenRod","Paper Frog","Molten Egg 2","Clash+1","HornCleat","Flex","Unceasing Top","Rupture","OrangePellets","Art of War","Combust","Combust","Dual Wield","Akabeko","Bag of Marbles","Pen Nib"],"campfire_rested":1,"item_purchase_floors":[21,21,21,21,21,21,36,36,36,36,36,36,36,36,42,42,42,53,53,53,53,53,53],"current_hp_per_floor":[80,80,80,77,80,80,80,63,63,63,62,66,62,68,68,68,80,80,75,75,75,79,80,80,43,49,49,49,74,86,86,86,42,86,78,86,92,92,92,77,77,92,98,98,98,98,82,98,98,98,98,98,98,98,90],"gold":68,"neow_bonus":"THREE_RARE_CARDS","is_daily":false,"chose_seed":false,"campfire_upgraded":7,"win_rate":0.0,"timestamp":1611768747,"path_taken":["M","?","?","M","M","E","R","E","T","M","E","M","E","M","R","BOSS","M","M","?","$","M","E","?","E","T","R","?","R","E","M","R","BOSS","M","$","?","?","M","E","R","$","T","R","E","M","E","?","R","BOSS","R","$","E","BOSS"],"items_purchased_type":["Relic","Relic","Relic","Relic","Relic","Card","Relic","Relic","Relic","Relic","Card","Relic","Card","Relic","Card","Relic","Relic","Card","Card","Card","Relic","Relic","Relic"],"build_version":"2020-12-22","purchased_purges":2,"victory":true,"max_hp_per_floor":[80,80,80,80,80,80,80,80,80,80,80,80,80,80,80,80,80,80,80,80,80,80,80,80,80,86,86,86,86,86,86,86,86,86,86,86,92,92,92,92,92,92,98,98,98,98,98,98,98,98,98,98,98,98,98],"relic_stats":{"Darkstone Periapt":18,"Torii":8,"counters":[31,101],"Self Forming Clay":[60],"Pen Nib":[3],"Orichalcum":[12],"Cursed Key":2,"Question Card":12,"Burning Blood":126,"Mercury Hourglass":[421],"Blood Vial":15,"OrangePellets":[12],"Shuriken":[54],"Ornamental Fan":[188],"Sundial":[0],"Pantograph":28,"Bronze Scales":[159],"MealTicket":23,"HandDrill":[30],"Art of War":[0],"obtain_stats":[{"Ice Cream":21,"Darkstone Periapt":23,"Lantern":43,"Torii":40,"Incense Burner":48,"Bottled Tornado":47,"Cursed Key":17,"Burning Blood":0,"Blood Vial":8,"Matryoshka":9,"HornCleat":36,"Sundial":54,"Pantograph":13,"MealTicket":30,"HandDrill":21,"Paper Frog":36,"Self Forming Clay":21,"The Courier":6,"Pen Nib":53,"Orichalcum":25,"Question Card":26,"Akabeko":53,"Mercury Hourglass":3,"OrangePellets":42,"Anchor":26,"Shuriken":11,"Ornamental Fan":21,"Bronze Scales":21,"Molten Egg 2":36,"Coffee Dripper":34,"Art of War":42,"Bag of Marbles":53,"Membership Card":12,"TungstenRod":36,"Unceasing Top":36,"FossilizedHelix":45},{"Ice Cream":13,"Darkstone Periapt":15,"Lantern":24,"Torii":24,"Incense Burner":28,"Bottled Tornado":27,"Cursed Key":11,"Burning Blood":0,"Blood Vial":5,"Matryoshka":5,"HornCleat":21,"Sundial":30,"Pantograph":9,"MealTicket":18,"HandDrill":13,"Paper Frog":21,"Self Forming Clay":13,"The Courier":4,"Pen Nib":29,"Orichalcum":17,"Question Card":17,"Akabeko":29,"Mercury Hourglass":1,"OrangePellets":24,"Anchor":17,"Shuriken":7,"Ornamental Fan":13,"Bronze Scales":13,"Molten Egg 2":21,"Coffee Dripper":20,"Art of War":24,"Bag of Marbles":29,"Membership Card":8,"TungstenRod":21,"Unceasing Top":21,"FossilizedHelix":25},{"Ice Cream":41,"Darkstone Periapt":47,"Lantern":76,"Torii":76,"Incense Burner":88,"Bottled Tornado":85,"Cursed Key":35,"Burning Blood":0,"Blood Vial":15,"Matryoshka":15,"HornCleat":69,"Sundial":95,"Pantograph":27,"MealTicket":56,"HandDrill":41,"Paper Frog":69,"Self Forming Clay":41,"The Courier":11,"Pen Nib":92,"Orichalcum":54,"Question Card":54,"Akabeko":92,"Mercury Hourglass":2,"OrangePellets":76,"Anchor":54,"Shuriken":20,"Ornamental Fan":41,"Bronze Scales":41,"Molten Egg 2":69,"Coffee Dripper":67,"Art of War":76,"Bag of Marbles":92,"Membership Card":22,"TungstenRod":69,"Unceasing Top":69,"FossilizedHelix":79}],"TungstenRod":44,"Unceasing Top":[51]},"card_choices":[{"not_picked":["Barricade","Corruption"],"picked":"Immolate","floor":0.0},{"not_picked":["Pommel Strike","Wild Strike"],"picked":"Headbutt","floor":1.0},{"not_picked":["Anger","Power Through"],"picked":"Rampage","floor":4.0},{"not_picked":["Pommel Strike","Reckless Charge"],"picked":"Sword Boomerang","floor":5.0},{"not_picked":["Hemokinesis","Shrug It Off"],"picked":"Anger","floor":6.0},{"not_picked":["Wild Strike","Twin Strike"],"picked":"Uppercut","floor":8.0},{"not_picked":["Body Slam","Clash"],"picked":"Thunderclap","floor":10.0},{"not_picked":["Uppercut","Shrug It Off"],"picked":"Flame Barrier","floor":11.0},{"not_picked":["Wild Strike","Headbutt"],"picked":"Twin Strike","floor":12.0},{"not_picked":["Pummel","Infernal Blade"],"picked":"Berserk","floor":13.0},{"not_picked":["Flex","Dropkick"],"picked":"Anger","floor":14.0},{"not_picked":["Feed","Double Tap"],"picked":"Reaper","floor":16.0},{"not_picked":["Body Slam","Fire Breathing"],"picked":"Infernal Blade","floor":18.0},{"not_picked":["Havoc","Wild Strike+1"],"picked":"Headbutt","floor":19.0},{"not_picked":["Headbutt","Wild Strike+1"],"picked":"Inflame","floor":22.0},{"not_picked":["Body Slam","Uppercut"],"picked":"Offering","floor":23.0},{"not_picked":["Intimidate","Body Slam"],"picked":"Heavy Blade","floor":24.0},{"not_picked":["Clothesline","Infernal Blade"],"picked":"Reaper","floor":25.0},{"not_picked":["Shrug It Off","Body Slam+1","Whirlwind"],"picked":"Clash","floor":30.0},{"not_picked":["Metallicize","Pommel Strike","Cleave"],"picked":"Pummel","floor":31.0},{"not_picked":["Feed","Demon Form","Exhume"],"picked":"Limit Break","floor":33.0},{"not_picked":["Intimidate","Havoc","Thunderclap"],"picked":"Pummel+1","floor":35.0},{"not_picked":["Rampage+1","Pommel Strike+1","Shrug It Off"],"picked":"Spot Weakness+1","floor":38.0},{"not_picked":["Whirlwind+1","Perfected Strike+1","Iron Wave+1"],"picked":"Flex+1","floor":39.0},{"not_picked":["Clothesline+1","Burning Pact","Pummel+1"],"picked":"Exhume","floor":40.0},{"not_picked":["Evolve+1","Cleave+1","Metallicize+1"],"picked":"Reckless Charge+1","floor":45},{"not_picked":["Headbutt+1","Battle Trance","Burning Pact"],"picked":"Shockwave+1","floor":46},{"not_picked":["Dropkick+1","Burning Pact+1","Sever Soul+1"],"picked":"Spot Weakness","floor":47},{"not_picked":["Clash+1","Reckless Charge+1","Clothesline+1"],"picked":"Perfected Strike+1","floor":48},{"not_picked":["Armaments","Clothesline+1","Cleave+1"],"picked":"Combust+1","floor":54}],"player_experience":177809,"relics_obtained":[{"floor":3.0,"key":"Mercury Hourglass"},{"floor":6.0,"key":"The Courier"},{"floor":8.0,"key":"Blood Vial"},{"floor":9.0,"key":"Matryoshka"},{"floor":11.0,"key":"Shuriken"},{"floor":13.0,"key":"Pantograph"},{"floor":23.0,"key":"Darkstone Periapt"},{"floor":25.0,"key":"Orichalcum"},{"floor":26.0,"key":"Anchor"},{"floor":26.0,"key":"Question Card"},{"floor":30.0,"key":"MealTicket"},{"floor":40.0,"key":"Torii"},{"floor":43,"key":"Lantern"},{"floor":45,"key":"FossilizedHelix"},{"floor":47,"key":"Bottled Tornado"},{"floor":48,"key":"Incense Burner"},{"floor":54,"key":"Sundial"}],"event_choices":[{"cards_removed":["Pain"],"damage_healed":0.0,"max_hp_gain":0.0,"max_hp_loss":0.0,"gold_gain":0.0,"event_name":"Living Wall","player_choice":"Forget","floor":2.0,"gold_loss":0.0,"damage_taken":0.0},{"damage_healed":0.0,"max_hp_gain":0.0,"max_hp_loss":0.0,"gold_gain":275.0,"event_name":"Golden Shrine","player_choice":"Desecrate","floor":20.0,"gold_loss":0.0,"damage_taken":0.0,"cards_obtained":["Regret"]},{"damage_healed":0.0,"max_hp_gain":0.0,"max_hp_loss":0.0,"gold_gain":0.0,"event_name":"Back to Basics","player_choice":"Simplicity","floor":28.0,"gold_loss":0.0,"damage_taken":0.0,"cards_upgraded":["Strike_R","Strike_R","Strike_R","Strike_R","Strike_R","Defend_R","Defend_R","Defend_R","Defend_R"]},{"damage_healed":0.0,"max_hp_gain":0.0,"max_hp_loss":0.0,"gold_gain":275.0,"event_name":"Golden Shrine","player_choice":"Desecrate","floor":37.0,"gold_loss":0.0,"damage_taken":0.0,"cards_obtained":["Regret"]},{"damage_healed":0,"gold_gain":0,"player_choice":"Fight","damage_taken":0,"max_hp_gain":0,"max_hp_loss":0,"event_name":"MindBloom","floor":48,"gold_loss":0}],"is_beta":false,"boss_relics":[{"not_picked":["Empty Cage","Runic Cube"],"picked":"Cursed Key"},{"not_picked":["Black Star","Fusion Hammer"],"picked":"Coffee Dripper"}],"items_purged_floors":[21,42],"is_endless":false,"potions_floor_spawned":[5,8,11,13,19,23,30,31,35,39,45,54],"ascension_level":2}}