{"host":"g01l53quoe6lrer0","time":1611716607,"event":{"mods":["2.2 Compatiblity","AchievementEnabler","BaseMod","Colored Map","Highlight Path","Keyboard Shortcuts","Minty Spire (QoL Compilation)","Permanent Neow","StSLib","SuperFastMode","everything is the same but u backflip on backflip"],"gold_per_floor":[363,203,222,222,238,238,253,253,253,111,142,158,184,199,199,276,276,292,167,167,182,182,182,193,193,193,193,224,224,224,224],"floor_reached":30,"language":"KOR","playtime":733,"items_purged":["Strike_G","Strike_G","Strike_G"],"score":490,"play_id":"a9f71237-ff67-410a-a064-2159f98d7803","local_time":"20210127120327","is_ascension_mode":true,"campfire_choices":[{"data":"Noxious Fumes","floor":6.0,"key":"SMITH"},{"floor":15.0,"key":"REST"},{"floor":23,"key":"REST"},{"data":"Catalyst","floor":25,"key":"SMITH"},{"floor":27,"key":"REST"},{"data":"Burst","floor":29,"key":"SMITH"}],"circlet_count":0,"master_deck":["AscendersBane","Strike_G","Defend_G","Defend_G","Defend_G","Defend_G","Defend_G","Survivor","Neutralize","PiercingWail","Noxious Fumes+1","Deadly Poison","Slice","Flechettes","Catalyst+1","Burst+1","Bane+1","Bullet Time","Crippling Poison","Writhe","Concentrate","Leg Sweep","Concentrate+1"],"relics":["Ring of the Snake","Paper Crane","Molten Egg 2","Nunchaku","Runic Pyramid","Vajra","Omamori","Mummified Hand"],"acts_visited":["Exordium","TheCity"],"potions_floor_usage":[28,28],"damage_taken":[{"damage":1.0,"enemies":"2 Louse","floor":1.0,"turns":5.0},{"damage":11.0,"enemies":"Jaw Worm","floor":3.0,"turns":7.0},{"damage":3.0,"enemies":"Small Slimes","floor":5.0,"turns":4.0},{"damage":1.0,"enemies":"Red Slaver","floor":7.0,"turns":4.0},{"damage":16.0,"enemies":"3 Sentries","floor":11.0,"turns":7.0},{"damage":2.0,"enemies":"Blue Slaver","floor":12.0,"turns":3.0},{"damage":6.0,"enemies":"Gremlin Nob","floor":13.0,"turns":3.0},{"damage":4.0,"enemies":"Looter","floor":14.0,"turns":3.0},{"damage":11.0,"enemies":"Hexaghost","floor":16.0,"turns":9.0},{"damage":7.0,"enemies":"Chosen","floor":18.0,"turns":4.0},{"damage":16,"enemies":"Shell Parasite","floor":21,"turns":5},{"damage":0,"enemies":"Centurion and Healer","floor":24,"turns":5},{"damage":5,"enemies":"Book of Stabbing","floor":28,"turns":6},{"damage":50,"enemies":"Slavers","floor":30,"turns":4}],"seed_played":"-6152589016959301661","potions_obtained":[{"floor":1.0,"key":"Explosive Potion"},{"floor":3.0,"key":"Explosive Potion"},{"floor":12.0,"key":"Regen Potion"},{"floor":13.0,"key":"PowerPotion"},{"floor":21,"key":"Energy Potion"},{"floor":24,"key":"AttackPotion"}],"is_trial":false,"path_per_floor":["M","$","M","?","M","R","M","?","T","$","E","M","E","M","R","B",null,"M","$","?","M","?","R","M","R","T","R","E","R","E"],"character_chosen":"THE_SILENT","items_purchased":["Noxious Fumes","Catalyst"],"campfire_rested":3,"item_purchase_floors":[2,10],"current_hp_per_floor":[58,58,47,47,44,44,43,43,43,43,27,25,19,15,33,37,54,47,47,47,31,15,34,34,34,34,53,48,48,0,0],"gold":224,"neow_bonus":"TWO_FIFTY_GOLD","is_daily":false,"chose_seed":false,"campfire_upgraded":3,"win_rate":0.0,"timestamp":1611716607,"path_taken":["M","$","M","?","M","R","M","?","T","$","E","M","E","M","R","BOSS","M","$","?","M","?","R","M","R","T","R","E","R","E"],"items_purchased_type":["Card","Card"],"build_version":"2020-12-22","purchased_purges":3,"victory":false,"max_hp_per_floor":[60,60,60,60,60,60,60,60,60,60,60,60,60,60,60,60,60,60,60,60,60,65,65,65,65,65,65,65,65,65,65],"card_choices":[{"not_picked":["Endless Agony","Poisoned Stab"],"picked":"PiercingWail","floor":1.0},{"not_picked":["Finisher","Eviscerate"],"picked":"Deadly Poison","floor":3.0},{"not_picked":["PiercingWail","Prepared","Slice"],"picked":"SKIP","floor":5.0},{"not_picked":["PiercingWail","Prepared"],"picked":"Slice","floor":5.0},{"not_picked":["Eviscerate","Dagger Throw"],"picked":"Flechettes","floor":7.0},{"not_picked":["Cloak And Dagger","Bane+1"],"picked":"Burst","floor":11.0},{"not_picked":["Blade Dance","Outmaneuver"],"picked":"Bane+1","floor":12.0},{"not_picked":["Blade Dance","Predator+1","Slice+1"],"picked":"SKIP","floor":13.0},{"not_picked":["Dagger Spray+1","Prepared","Outmaneuver"],"picked":"SKIP","floor":14.0},{"not_picked":["Grand Finale+1","Die Die Die+1"],"picked":"Bullet Time","floor":16.0},{"not_picked":["Flying Knee+1","Choke+1"],"picked":"Crippling Poison","floor":18.0},{"not_picked":["Bane+1","Dagger Throw+1"],"picked":"Concentrate","floor":21},{"not_picked":["Deadly Poison","Outmaneuver"],"picked":"Leg Sweep","floor":24},{"not_picked":["Glass Knife+1","Caltrops"],"picked":"Concentrate+1","floor":28}],"player_experience":308813,"relics_obtained":[{"floor":9.0,"key":"Paper Crane"},{"floor":11.0,"key":"Molten Egg 2"},{"floor":13.0,"key":"Nunchaku"},{"floor":26,"key":"Omamori"},{"floor":28,"key":"Mummified Hand"}],"event_choices":[{"cards_removed":["Strike_G"],"damage_healed":0.0,"max_hp_gain":0.0,"max_hp_loss":0.0,"gold_gain":0.0,"event_name":"Living Wall","player_choice":"Forget","floor":4.0,"gold_loss":0.0,"damage_taken":0.0},{"damage_healed":0.0,"max_hp_gain":0.0,"max_hp_loss":0.0,"gold_gain":0.0,"event_name":"Scrap Ooze","player_choice":"Fled","floor":8.0,"gold_loss":0.0,"damage_taken":0.0},{"damage_healed":0,"gold_gain":0,"player_choice":"Opened","damage_taken":0,"relics_obtained":["Vajra"],"max_hp_gain":0,"max_hp_loss":0,"event_name":"The Mausoleum","floor":20,"gold_loss":0,"cards_obtained":["Writhe"]},{"damage_healed":0,"gold_gain":0,"player_choice":"Shed Blood","damage_taken":21,"max_hp_gain":5,"max_hp_loss":0,"event_name":"Forgotten Altar","floor":22,"gold_loss":0}],"is_beta":false,"boss_relics":[{"not_picked":["Pandora\u0027s Box","Busted Crown"],"picked":"Runic Pyramid"}],"items_purged_floors":[2,10,19],"is_endless":false,"potions_floor_spawned":[1,3,12,13,21,24],"killed_by":"Slavers","ascension_level":18}}