{"host":"bi4xrs8tqq9xpuhm","time":1611711772,"event":{"mods":["AchievementEnabler","BaseMod","Colored Map","Colored Powertips","Highlight Path","Minty Spire (QoL Compilation)","Relic Stats"],"gold_per_floor":[109,127,127,181,33,33,58,58,58,88,88,88,121,136,136,266,266,240,258,258,258],"floor_reached":20,"language":"ENG","playtime":1344,"items_purged":["Strike_R"],"score":209,"play_id":"d04e6539-99ac-4dc4-989b-61405ce38c93","local_time":"20210126204252","is_ascension_mode":true,"campfire_choices":[{"data":"Heavy Blade","floor":6,"key":"SMITH"},{"data":"Bloodletting","floor":8,"key":"SMITH"},{"data":"Metallicize","floor":12,"key":"SMITH"},{"data":"Barricade","floor":15,"key":"SMITH"}],"circlet_count":0,"master_deck":["Strike_R","Strike_R","Strike_R","Strike_R","Defend_R","Defend_R","Defend_R","Defend_R","Bash","Brutality","Heavy Blade+1","Bloodletting+1","Reaper","Thunderclap","Metallicize+1","Injury","Seeing Red","Barricade+1","Juggernaut","Cleave"],"relics":["Burning Blood","Tiny Chest","Blood Vial","Red Skull","Potion Belt","Golden Idol","Meat on the Bone","SacredBark"],"acts_visited":["Exordium","TheCity"],"potions_floor_usage":[],"damage_taken":[{"damage":11,"enemies":"Cultist","floor":1,"turns":4},{"damage":7,"enemies":"Jaw Worm","floor":2,"turns":3},{"damage":28,"enemies":"Gremlin Nob","floor":7,"turns":4},{"damage":29,"enemies":"Lagavulin","floor":10,"turns":5},{"damage":21,"enemies":"3 Sentries","floor":13,"turns":8},{"damage":5,"enemies":"Small Slimes","floor":14,"turns":4},{"damage":50,"enemies":"Slime Boss","floor":16,"turns":11},{"damage":53,"enemies":"2 Thieves","floor":18,"turns":5},{"damage":39,"enemies":"Spheric Guardian","floor":19,"turns":6},{"damage":48,"enemies":"Masked Bandits","floor":20,"turns":3}],"seed_played":"510753414219879243","potions_obtained":[{"floor":1,"key":"BlessingOfTheForge"},{"floor":13,"key":"ColorlessPotion"},{"floor":16,"key":"ColorlessPotion"}],"is_trial":false,"path_per_floor":["M","M","?","T","$","R","E","R","T","E","?","R","E","M","R","B",null,"M","M","?"],"character_chosen":"IRONCLAD","items_purchased":["Reaper"],"campfire_rested":0,"item_purchase_floors":[5],"current_hp_per_floor":[75,74,79,79,79,79,61,61,61,40,40,40,48,51,51,36,85,50,34,0,0],"gold":258,"neow_bonus":"ONE_RANDOM_RARE_CARD","is_daily":false,"chose_seed":false,"campfire_upgraded":4,"win_rate":0.0,"timestamp":1611711772,"path_taken":["M","?","?","?","?","R","E","R","T","E","?","R","E","M","R","BOSS","M","M","?"],"items_purchased_type":["Card"],"build_version":"2020-12-22","purchased_purges":1,"victory":false,"max_hp_per_floor":[80,80,85,85,85,85,85,85,85,85,85,85,85,85,85,85,85,85,85,85,85],"relic_stats":{"Blood Vial":12,"counters":[10,53],"Golden Idol":52,"Tiny Chest":0,"obtain_stats":[{"Blood Vial":7,"Potion Belt":10,"Golden Idol":11,"SacredBark":17,"Tiny Chest":4,"Burning Blood":0,"Red Skull":9,"Meat on the Bone":13},{"Blood Vial":3,"Potion Belt":4,"Golden Idol":4,"SacredBark":7,"Tiny Chest":2,"Burning Blood":0,"Red Skull":3,"Meat on the Bone":5},{"Blood Vial":11,"Potion Belt":16,"Golden Idol":16,"SacredBark":39,"Tiny Chest":7,"Burning Blood":0,"Red Skull":11,"Meat on the Bone":24}],"Burning Blood":54,"Meat on the Bone":36},"card_choices":[{"not_picked":["Havoc","Clothesline"],"picked":"Heavy Blade","floor":1},{"not_picked":["Perfected Strike","Disarm"],"picked":"Bloodletting","floor":2},{"not_picked":["Twin Strike","Second Wind"],"picked":"Thunderclap","floor":7},{"not_picked":["Twin Strike","Ghostly Armor"],"picked":"Metallicize","floor":10},{"not_picked":["Thunderclap","Perfected Strike"],"picked":"Seeing Red","floor":13},{"not_picked":["Shockwave","Intimidate"],"picked":"Barricade","floor":14},{"not_picked":["Brutality","Bludgeon"],"picked":"Juggernaut","floor":16},{"not_picked":["Sword Boomerang","Bloodletting","Second Wind"],"picked":"SKIP","floor":18},{"not_picked":["Clash","Infernal Blade"],"picked":"Cleave","floor":19}],"player_experience":81331,"relics_obtained":[{"floor":4,"key":"Tiny Chest"},{"floor":7,"key":"Blood Vial"},{"floor":9,"key":"Red Skull"},{"floor":10,"key":"Potion Belt"},{"floor":13,"key":"Meat on the Bone"}],"event_choices":[{"damage_healed":0,"gold_gain":0,"player_choice":"Donut","damage_taken":0,"max_hp_gain":5,"max_hp_loss":0,"event_name":"Big Fish","floor":3,"gold_loss":0},{"damage_healed":0,"gold_gain":0,"player_choice":"Take Wound","damage_taken":0,"relics_obtained":["Golden Idol"],"max_hp_gain":0,"max_hp_loss":0,"event_name":"Golden Idol","floor":11,"gold_loss":0,"cards_obtained":["Injury"]},{"damage_healed":0,"gold_gain":0,"player_choice":"Fought Bandits","damage_taken":0,"max_hp_gain":0,"max_hp_loss":0,"event_name":"Masked Bandits","floor":20,"gold_loss":0}],"is_beta":false,"boss_relics":[{"not_picked":["Sozu","Runic Cube"],"picked":"SacredBark"}],"items_purged_floors":[5],"is_endless":false,"potions_floor_spawned":[1,13,16],"killed_by":"Masked Bandits","ascension_level":2}}