{"host":"8rqsnaeml9gxb0kp","time":1611713863,"event":{"mods":["AchievementEnabler","BaseMod","Dark Map","Minty Spire (QoL Compilation)","StSLib"],"gold_per_floor":[109,123,123,135,135,160,160,192,217,217,230,246,259,293,293,293,293],"floor_reached":16,"language":"ENG","playtime":515,"items_purged":[],"score":195,"play_id":"7b455886-4306-4402-b1cc-534eddb76380","local_time":"20210126181743","is_ascension_mode":true,"campfire_choices":[{"data":"Cleave","floor":7,"key":"SMITH"},{"floor":10,"key":"REST"},{"floor":15,"key":"REST"}],"circlet_count":0,"master_deck":["AscendersBane","Strike_R","Strike_R","Strike_R","Strike_R","Strike_R","Defend_R","Defend_R","Defend_R","Defend_R","Bash","Sword Boomerang","Carnage","Headbutt","Cleave+1","Whirlwind","Sword Boomerang","Flame Barrier"],"relics":["Philosopher\u0027s Stone","Tiny Chest","Oddly Smooth Stone","Smiling Mask","Gambling Chip"],"acts_visited":["Exordium"],"potions_floor_usage":[6,8,14,14,16],"damage_taken":[{"damage":0.0,"enemies":"2 Louse","floor":1.0,"turns":3.0},{"damage":0.0,"enemies":"Small Slimes","floor":2.0,"turns":3.0},{"damage":2.0,"enemies":"Cultist","floor":4.0,"turns":3.0},{"damage":9,"enemies":"Gremlin Nob","floor":6,"turns":3},{"damage":32,"enemies":"Lagavulin","floor":8,"turns":4},{"damage":9,"enemies":"Blue Slaver","floor":11,"turns":2},{"damage":9,"enemies":"Red Slaver","floor":12,"turns":2},{"damage":12,"enemies":"Looter","floor":13,"turns":3},{"damage":20,"enemies":"3 Sentries","floor":14,"turns":3},{"damage":36,"enemies":"The Guardian","floor":16,"turns":8}],"seed_played":"-6722052622007078762","potions_obtained":[{"floor":4.0,"key":"BlessingOfTheForge"},{"floor":5.0,"key":"FearPotion"},{"floor":6,"key":"EssenceOfSteel"},{"floor":8,"key":"ColorlessPotion"},{"floor":14,"key":"FearPotion"}],"is_trial":false,"path_per_floor":["M","M","?","M","?","E","R","E","T","R","M","M","M","E","R","B"],"character_chosen":"IRONCLAD","items_purchased":[],"campfire_rested":2,"item_purchase_floors":[],"current_hp_per_floor":[72,72,77,75,75,66,66,34,34,59,50,41,29,9,34,0,0],"gold":293,"neow_bonus":"BOSS_RELIC","is_daily":false,"chose_seed":false,"campfire_upgraded":1,"win_rate":0.0,"timestamp":1611713863,"path_taken":["M","M","?","M","?","E","R","E","T","R","?","M","M","E","R","BOSS"],"items_purchased_type":[],"build_version":"2020-12-22","purchased_purges":0,"victory":false,"max_hp_per_floor":[80,80,85,85,85,85,85,85,85,85,85,85,85,85,85,85,85],"card_choices":[{"not_picked":["Body Slam","Sentinel"],"picked":"Sword Boomerang","floor":1.0},{"not_picked":["Clothesline","Armaments"],"picked":"Carnage","floor":2.0},{"not_picked":["Rupture","Flex"],"picked":"Headbutt","floor":4.0},{"not_picked":["Fiend Fire","Twin Strike"],"picked":"Cleave","floor":6},{"not_picked":["Sentinel","Double Tap"],"picked":"Whirlwind","floor":8},{"not_picked":["True Grit","Rage","Feel No Pain"],"picked":"SKIP","floor":11},{"not_picked":["Rampage","Wild Strike"],"picked":"Sword Boomerang","floor":12},{"not_picked":["Warcry","True Grit","Havoc"],"picked":"SKIP","floor":13},{"not_picked":["Spot Weakness","Whirlwind"],"picked":"Flame Barrier","floor":14}],"player_experience":149623,"relics_obtained":[{"floor":6,"key":"Tiny Chest"},{"floor":8,"key":"Oddly Smooth Stone"},{"floor":9,"key":"Smiling Mask"},{"floor":14,"key":"Gambling Chip"}],"event_choices":[{"damage_healed":0.0,"max_hp_gain":5.0,"max_hp_loss":0.0,"gold_gain":0.0,"event_name":"Big Fish","player_choice":"Donut","floor":3.0,"gold_loss":0.0,"damage_taken":0.0},{"damage_healed":0.0,"max_hp_gain":0.0,"max_hp_loss":0.0,"gold_gain":0.0,"event_name":"Lab","player_choice":"Got Potions","floor":5.0,"gold_loss":0.0,"damage_taken":0.0}],"is_beta":false,"boss_relics":[],"items_purged_floors":[],"is_endless":false,"potions_floor_spawned":[4,6,8,14],"killed_by":"The Guardian","ascension_level":12}}