{"host":"na09lpbrez4gbfiz","time":1611741024,"event":{"mods":["Act Like it!","BaseMod","BetterRewards","Colored Map","Colored Powertips","DeckTracker","Googly Eyes","Highlight Path","Minty Spire (QoL Compilation)","Quick Restart","Spicy Shops","StSLib","SuperFastMode","Synergy Search"],"gold_per_floor":[115,190,190,262,210,210,223,234,234,251,264,318,318,334,334,464,464,482,118,138,188,209,209,124,124,148,148,148,148],"floor_reached":28,"language":"ENG","playtime":667,"items_purged":["Fire Breathing"],"score":316,"play_id":"49737f43-996d-4a60-8514-7ccf6215a064","local_time":"20210127105024","is_ascension_mode":true,"campfire_choices":[{"data":"Bash","floor":6,"key":"SMITH"},{"floor":15,"key":"REST"},{"floor":23,"key":"REST"},{"data":"Berserk","floor":25,"key":"SMITH"},{"data":"Rampage","floor":27,"key":"SMITH"}],"circlet_count":0,"master_deck":["Bash+1","Barricade+1","Bludgeon+1","Inflame+1","True Grit","Metallicize","Rampage+1","Hemokinesis","Burning Pact","Berserk+1","Shockwave"],"relics":["Astrolabe","MealTicket","Letter Opener","Oddly Smooth Stone","Singing Bowl","Golden Idol","Pandora\u0027s Box","Lee\u0027s Waffle","Juzu Bracelet","Toxic Egg 2","Smiling Mask"],"acts_visited":["Exordium","TheCity"],"potions_floor_usage":[12,12,16],"damage_taken":[{"damage":6,"enemies":"Small Slimes","floor":1,"turns":2},{"damage":2,"enemies":"Jaw Worm","floor":7,"turns":3},{"damage":8,"enemies":"2 Louse","floor":8,"turns":4},{"damage":17,"enemies":"Exordium Thugs","floor":10,"turns":7},{"damage":1,"enemies":"2 Fungi Beasts","floor":11,"turns":3},{"damage":6,"enemies":"3 Sentries","floor":12,"turns":6},{"damage":0,"enemies":"Large Slime","floor":14,"turns":5},{"damage":23,"enemies":"Slime Boss","floor":16,"turns":10},{"damage":63,"enemies":"3 Byrds","floor":18,"turns":5},{"damage":25,"enemies":"Spheric Guardian","floor":20,"turns":4},{"damage":45,"enemies":"Chosen and Byrds","floor":22,"turns":6},{"damage":54,"enemies":"Snake Plant","floor":28,"turns":2}],"seed_played":"486272295291689650","potions_obtained":[{"floor":7,"key":"AttackPotion"},{"floor":10,"key":"ColorlessPotion"},{"floor":12,"key":"PowerPotion"},{"floor":22,"key":"AttackPotion"}],"is_trial":false,"path_per_floor":["M","?","?","?","?","R","M","M","T","M","M","E","?","M","R","B",null,"M","$","M","?","M","R","?","R","T","R","M"],"character_chosen":"IRONCLAD","items_purchased":["Lee\u0027s Waffle","Juzu Bracelet"],"campfire_rested":2,"item_purchase_floors":[19,19],"current_hp_per_floor":[66,55,43,43,43,43,41,33,33,16,15,11,11,13,36,15,64,3,89,66,66,23,50,50,50,50,50,0,0],"gold":148,"neow_bonus":"BOSS_RELIC","is_daily":false,"chose_seed":false,"campfire_upgraded":3,"win_rate":0.0,"timestamp":1611741024,"path_taken":["M","?","?","?","?","R","M","M","T","M","?","E","?","M","R","BOSS","M","$","M","?","M","R","?","R","T","R","M"],"items_purchased_type":["Relic","Relic"],"build_version":"2020-12-22","purchased_purges":1,"victory":false,"max_hp_per_floor":[80,80,80,80,80,80,80,80,80,80,80,82,76,78,78,80,80,82,89,91,91,93,93,93,93,93,93,93,93],"card_choices":[{"not_picked":["Pommel Strike","Havoc","Cleave"],"picked":"SKIP","floor":1},{"not_picked":["Heavy Blade","Combust"],"picked":"True Grit","floor":7},{"not_picked":["Armaments","Headbutt"],"picked":"Metallicize","floor":8},{"not_picked":["Seeing Red","Warcry","Inflame"],"picked":"SKIP","floor":10},{"not_picked":["Warcry","Wild Strike","True Grit"],"picked":"SKIP","floor":11},{"not_picked":["Wild Strike","Clash","Armaments"],"picked":"Singing Bowl","floor":12},{"not_picked":["Power Through","Fiend Fire","Havoc"],"picked":"Singing Bowl","floor":14},{"not_picked":["Bludgeon","Exhume","Fiend Fire"],"picked":"Singing Bowl","floor":16},{"not_picked":["Warcry","Searing Blow","Body Slam"],"picked":"Singing Bowl","floor":18},{"not_picked":["Sever Soul","Headbutt+1","Iron Wave"],"picked":"Singing Bowl","floor":20},{"not_picked":["Evolve","Flex","Iron Wave"],"picked":"Singing Bowl","floor":22}],"player_experience":175339,"relics_obtained":[{"floor":9,"key":"Oddly Smooth Stone"},{"floor":12,"key":"Singing Bowl"},{"floor":26,"key":"Smiling Mask"}],"event_choices":[{"damage_healed":0,"gold_gain":75,"player_choice":"Gather Gold","damage_taken":11,"max_hp_gain":0,"max_hp_loss":0,"event_name":"World of Goop","floor":2,"gold_loss":0},{"damage_healed":0,"gold_gain":0,"player_choice":"Success","damage_taken":12,"relics_obtained":["MealTicket"],"max_hp_gain":0,"max_hp_loss":0,"event_name":"Scrap Ooze","floor":3,"gold_loss":0},{"damage_healed":0,"gold_gain":72,"player_choice":"Gained Gold","damage_taken":0,"max_hp_gain":0,"max_hp_loss":0,"event_name":"Golden Wing","floor":4,"gold_loss":0},{"damage_healed":0,"gold_gain":0,"player_choice":"Paid Gold","damage_taken":0,"relics_obtained":["Letter Opener"],"max_hp_gain":0,"max_hp_loss":0,"event_name":"WeMeetAgain","floor":5,"gold_loss":52},{"damage_healed":0,"gold_gain":0,"player_choice":"Lose Max HP","damage_taken":0,"relics_obtained":["Golden Idol"],"max_hp_gain":0,"max_hp_loss":6,"event_name":"Golden Idol","floor":13,"gold_loss":0},{"damage_healed":0,"gold_gain":100,"player_choice":"Bet on Murderer","damage_taken":0,"max_hp_gain":0,"max_hp_loss":0,"event_name":"The Joust","floor":21,"gold_loss":50},{"damage_healed":0,"gold_gain":0,"player_choice":"Obtained Relic","damage_taken":0,"relics_obtained":["Toxic Egg 2"],"max_hp_gain":0,"max_hp_loss":0,"event_name":"Addict","floor":24,"gold_loss":85}],"is_beta":false,"boss_relics":[{"not_picked":["Black Star","Coffee Dripper"],"picked":"Pandora\u0027s Box"}],"items_purged_floors":[19],"is_endless":false,"potions_floor_spawned":[7,10,12,22],"killed_by":"Snake Plant","ascension_level":9}}