{"host":"agela5aetnmltfvm","time":1611754205,"event":{"mods":["BaseMod","Colored Powertips","Hermit","Minty Spire (QoL Compilation)","Rare Cards Sparkle","Replay The Spire","StSLib"],"gold_per_floor":[114,216,229,245,245,245,245,245],"floor_reached":7,"language":"ZHS","playtime":205,"items_purged":[],"score":41,"play_id":"0d693d7a-175b-424a-b885-2963bfca8795","local_time":"20210127213005","is_ascension_mode":false,"campfire_choices":[{"data":"hermit:Combo","floor":6,"key":"SMITH"}],"circlet_count":0,"master_deck":["hermit:Strike_Hermit","hermit:Strike_Hermit","hermit:Strike_Hermit","hermit:Strike_Hermit","hermit:Defend_Hermit","hermit:Defend_Hermit","hermit:Defend_Hermit","hermit:Defend_Hermit","hermit:Snapshot","hermit:Covet","hermit:Headshot","ReplayTheSpireMod:Splinters","hermit:NoHoldsBarred","hermit:Combo+1","hermit:Snipe","hermit:Spite"],"relics":["hermit:Momento","NeowsBlessing","Strawberry","Replay:Bottled Steam"],"acts_visited":["Exordium"],"potions_floor_usage":[],"damage_taken":[{"damage":0,"enemies":"Cultist","floor":1,"turns":1},{"damage":0,"enemies":"Small Slimes","floor":3,"turns":1},{"damage":0,"enemies":"Jaw Worm","floor":4,"turns":1},{"damage":47,"enemies":"3 Sentries","floor":7,"turns":8}],"seed_played":"5337202287931500247","potions_obtained":[],"is_trial":false,"path_per_floor":["M","?","M","M","T","R","E"],"character_chosen":"HERMIT","items_purchased":[],"campfire_rested":0,"item_purchase_floors":[],"current_hp_per_floor":[75,82,82,82,82,82,35,35],"gold":245,"neow_bonus":"THREE_ENEMY_KILL","is_daily":false,"chose_seed":false,"campfire_upgraded":1,"win_rate":0.0,"timestamp":1611754205,"path_taken":["M","?","M","M","?","R","E"],"items_purchased_type":[],"build_version":"2020-12-22","purchased_purges":0,"victory":false,"max_hp_per_floor":[75,82,82,82,82,82,82,82],"card_choices":[{"not_picked":["hermit:SprayPray","hermit:Coalescence"],"picked":"hermit:Headshot","floor":1},{"not_picked":["hermit:FullyLoaded","hermit:Vantage"],"picked":"hermit:NoHoldsBarred","floor":2},{"not_picked":["hermit:FullyLoaded","hermit:Vantage"],"picked":"hermit:Combo","floor":2},{"not_picked":["hermit:CalledShot","hermit:Combo"],"picked":"hermit:Snipe","floor":3},{"not_picked":["hermit:Enervate","hermit:Headshot"],"picked":"hermit:Spite","floor":4}],"player_experience":530278,"relics_obtained":[{"floor":2,"key":"Strawberry"},{"floor":5,"key":"Replay:Bottled Steam"}],"event_choices":[],"is_beta":false,"boss_relics":[],"items_purged_floors":[],"is_endless":false,"potions_floor_spawned":[],"killed_by":"3 Sentries","ascension_level":0}}