{"host":"yck2t2q3ro7hf56e","time":1611746161,"event":{"mods":["2.2 Compatiblity","AchievementEnabler","Act Like it!","Aspiration","BaseMod","Better Altar","Better Match","Better Note","Better Sensory Stone","Better Skull","Better Third Choice","Better Vampires","BetterRewards","Block Reminder","CCEM2","Challenge The Spire","Colored Powertips","Conspire","Curses Come First","DNKmod","Energized Spire","Friendly Minions","GifTheSpireLib","Glutton Mod","Halation","Hubris","Infinite Spire","Marked Mod","Minty Spire (QoL Compilation)","Permanent Neow","Practice Mode","Quick Restart","Rare Cards Sparkle","RatMod","Relic Sorter","Relic Stats","Reliquary","Replay The Spire","Shade Mod","Shop Mod","Spicy Shops","Spikes Relics","StSLib","Stuff the Spire","Synergy Search","The Blue Laboratory","The Construct","Thieving Mod","Unceasing Turn Reminder","Unknown Chances","everything is the same but u backflip on backflip","??????REMEMod"],"gold_per_floor":[6012,5912,5962,5962,4773,4773,4798,4809,4833,4852,4912,5087,5087,5097,5097,5200,5200,5218,4734,4746,4758,4758,4758,4786,4786,4786,4797,4153,3393,3422,3422,3422,3525,3525,3539,3539,3558,2887,2907,2907,2925,2925,2925,2960,2979,2536,2554,2604,2604,2723,6000,6000,6000],"floor_reached":52,"language":"ENG","playtime":7546,"items_purged":[],"score":903,"play_id":"8759e4a9-6e96-4d9f-9ebd-60d8a38e2fce","local_time":"20210127111601","is_ascension_mode":false,"campfire_choices":[{"floor":6,"key":"REST"},{"floor":13,"key":"RECALL"},{"data":"Doubt","floor":15,"key":"SMITH"},{"data":"Electrodynamics","floor":23,"key":"SMITH"},{"data":"hubris:Fate","floor":25,"key":"SMITH"},{"floor":32,"key":"REST"},{"data":"StuffTheSpire:BrainWave","floor":40,"key":"SMITH"},{"data":"Parasite","floor":42,"key":"SMITH"},{"data":"StuffTheSpire:Synthwave","floor":49,"key":"SMITH"}],"circlet_count":0,"master_deck":["Strike_B","Strike_B","Strike_B","Strike_B","Defend_B","Defend_B","Defend_B","Defend_B+1","Zap","Dualcast","Ghostly","Ball Lightning","Machine Learning","Steam+1","Steam","Hologram","BasicCrystalCard","Capacitor+1","Reinforced Body","Electrodynamics+1","Leap+1","Leap","Capacitor","REME_FirmDetermination+1","Conserve Battery+1","hubris:Fate+1","StuffTheSpire:Synthwave+1","Conserve Battery","StuffTheSpire:BrainWave+1","infinitespire:Fortify"],"relics":["Cracked Core","ReplayFunnel","REME_ComplimentaryCards","reliquary:Boomerang","Bottled Lightning","CCEMRelics:CocoNut","Pantograph","Replay:WaspNest","Darkstone Periapt","Gremlin Food","halation:PrussianBluePaint","CCEMRelics:DefectiveTurbocharger","DollysMirror","PreservedInsect","CCEMRelics:SpiritsEdge","aspiration:EnhancedActuators","construct:FoamFinger","Chemical X","reliquary:Stiletto","halation:Trompette","Replay:Towering Pillar of Hats","halation:Diary","Bronze Scales","conspire:TopHat","Replay:Rubber Ducky","hubris:PeanutButter","StuffTheSpire:Rhapsscallions","Inserter","CCEMRelics:ModularBuildingCube","CCEMRelics:LagavulinClaw","halation:IllGainedPizza","Bag of Preparation","reliquary:TridentHead","halation:Jellyphish","infinitespire:Beetle Shell","reliquary:Buckler","Tiny House","hubris:OldNail","reliquary:WritOfMandamus","CCEMRelics:LatexGloves"],"acts_visited":["Exordium","TheCity","TheBeyond","Exordium"],"potions_floor_usage":[11,16,21,50,50],"damage_taken":[{"damage":0,"enemies":"2 Louse","floor":1,"turns":2},{"damage":24,"enemies":"Gremlin Nob","floor":7,"turns":4},{"damage":2,"enemies":"conspire:RoseBush","floor":8,"turns":2},{"damage":0,"enemies":"Small Slimes","floor":10,"turns":3},{"damage":15,"enemies":"Lagavulin","floor":11,"turns":7},{"damage":10,"enemies":"conspire:2 RoseBushes","floor":14,"turns":3},{"damage":36,"enemies":"Fading Forest","floor":16,"turns":11},{"damage":1,"enemies":"3 Byrds","floor":18,"turns":3},{"damage":1,"enemies":"Shell Parasite","floor":20,"turns":7},{"damage":6,"enemies":"Snecko","floor":21,"turns":8},{"damage":0,"enemies":"Nightmare","floor":24,"turns":7},{"damage":0,"enemies":"Sentry and Sphere","floor":27,"turns":1},{"damage":0,"enemies":"Replay:Snechameleon","floor":30,"turns":4},{"damage":0,"enemies":"conspire:MysteriousRune","floor":33,"turns":7},{"damage":0,"enemies":"Orb Walker","floor":35,"turns":3},{"damage":0,"enemies":"3 Shapes","floor":37,"turns":5},{"damage":0,"enemies":"Sphere and 2 Shapes","floor":39,"turns":3},{"damage":0,"enemies":"Writhing Mass","floor":41,"turns":5},{"damage":0,"enemies":"Nemesis","floor":44,"turns":5},{"damage":0,"enemies":"3 Darklings","floor":45,"turns":4},{"damage":0,"enemies":"4 Shapes","floor":47,"turns":1},{"damage":34,"enemies":"hubris:GrandSnecko","floor":50,"turns":15},{"damage":0,"enemies":"Cultist","floor":52,"turns":1}],"seed_played":"3113965027235988732","potions_obtained":[{"floor":8,"key":"REME_GoldPotion"},{"floor":11,"key":"AttackPotion"},{"floor":16,"key":"blueLaboratory:BottleOfVodka"},{"floor":27,"key":"Milkshake"},{"floor":35,"key":"blueLaboratory:BottleOfVodka"},{"floor":41,"key":"Toxic Potion"},{"floor":44,"key":"blueLaboratory:FruitPunch"}],"is_trial":false,"path_per_floor":["M","?","?","T","$","R","E","M","T","M","E","?","R","M","R","B",null,"M","$","M","M","?","R","NM","R","T","M","$","$","E","?","R","B",null,"M","?","M","$","M","R","M","R","T","E","M","$","M","AVR","R","B",null,"M"],"character_chosen":"DEFECT","items_purchased":["CCEMRelics:CocoNut","Pantograph","Replay:WaspNest","Darkstone Periapt","Machine Learning","Steam","Leap","DollysMirror","PreservedInsect","CCEMRelics:SpiritsEdge","REME_FirmDetermination","Chemical X","reliquary:Stiletto","halation:Trompette","Replay:Towering Pillar of Hats","halation:Diary","Bronze Scales","StuffTheSpire:Synthwave","conspire:TopHat","Replay:Rubber Ducky","hubris:PeanutButter","ReplayFunnel","CCEMRelics:ModularBuildingCube","CCEMRelics:LagavulinClaw","halation:IllGainedPizza","halation:Jellyphish","infinitespire:Beetle Shell","reliquary:Buckler"],"campfire_rested":2,"item_purchase_floors":[5,5,5,5,5,5,19,19,19,19,19,28,28,28,28,28,29,29,29,29,29,38,38,38,38,46,46,46],"current_hp_per_floor":[100,100,60,60,65,96,72,70,70,70,55,61,61,51,51,40,111,110,110,109,103,103,103,103,103,103,103,103,103,105,105,113,113,113,113,113,113,113,113,113,119,116,116,116,116,116,116,121,121,89,100,100,100],"gold":6000,"neow_bonus":"RANDOM_COMMON_RELIC","is_daily":false,"chose_seed":false,"campfire_upgraded":6,"win_rate":0.0,"timestamp":1611746161,"path_taken":["M","?","?","?","?","R","E","M","T","M","E","?","R","M","R","BOSS","M","$","M","M","?","R","NM","R","T","M","?","$","E","?","R","BOSS","M","?","M","$","M","R","M","R","T","E","M","$","M","AVR","R","BOSS","M"],"items_purchased_type":["Relic","Relic","Relic","Relic","Card","Card","Card","Relic","Relic","Relic","Card","Relic","Relic","Relic","Relic","Relic","Relic","Card","Relic","Relic","Relic","Relic","Relic","Relic","Relic","Relic","Relic","Relic"],"build_version":"2020-12-22","purchased_purges":0,"victory":false,"max_hp_per_floor":[100,100,100,100,105,105,105,105,105,105,105,111,111,111,111,111,111,111,111,111,111,111,111,111,111,111,111,111,111,113,113,113,113,113,113,113,113,113,113,113,119,116,116,116,116,116,116,121,121,123,100,100,100],"relic_stats":{"Darkstone Periapt":12,"Inserter":[16],"counters":[23,110],"Pantograph":25,"Bronze Scales":[116],"PreservedInsect":146,"Bag of Preparation":[8],"Chemical X":[8],"obtain_stats":[{"Darkstone Periapt":5,"ReplayFunnel":38,"halation:Diary":28,"reliquary:Boomerang":0,"construct:FoamFinger":26,"Tiny House":48,"CCEMRelics:LatexGloves":52,"StuffTheSpire:Rhapsscallions":30,"Bag of Preparation":43,"conspire:TopHat":29,"Replay:Rubber Ducky":29,"reliquary:TridentHead":44,"aspiration:EnhancedActuators":24,"halation:PrussianBluePaint":11,"DollysMirror":19,"Pantograph":5,"MiniBlackHole":7,"reliquary:Buckler":46,"Chemical X":28,"Cracked Core":0,"CCEMRelics:LagavulinClaw":38,"Gremlin Food":9,"CCEMRelics:ModularBuildingCube":38,"Inserter":34,"Replay:Towering Pillar of Hats":28,"halation:IllGainedPizza":38,"Replay:WaspNest":5,"PreservedInsect":19,"infinitespire:Beetle Shell":46,"CCEMRelics:CocoNut":5,"CCEMRelics:SpiritsEdge":19,"Pondfish Scales":50,"CCEMRelics:DefectiveTurbocharger":17,"Bronze Scales":29,"halation:Jellyphish":46,"hubris:PeanutButter":29,"reliquary:Stiletto":28,"hubris:BundleOfHerbs":47,"Bottled Lightning":3,"reliquary:WritOfMandamus":51,"halation:Trompette":28,"hubris:OldNail":48,"REME_ComplimentaryCards":0},{"Darkstone Periapt":1,"ReplayFunnel":16,"halation:Diary":12,"reliquary:Boomerang":0,"construct:FoamFinger":11,"Tiny House":21,"CCEMRelics:LatexGloves":22,"StuffTheSpire:Rhapsscallions":13,"Bag of Preparation":18,"conspire:TopHat":12,"Replay:Rubber Ducky":12,"reliquary:TridentHead":19,"aspiration:EnhancedActuators":11,"halation:PrussianBluePaint":5,"DollysMirror":8,"Pantograph":1,"MiniBlackHole":2,"reliquary:Buckler":20,"Chemical X":12,"Cracked Core":0,"CCEMRelics:LagavulinClaw":16,"Gremlin Food":3,"CCEMRelics:ModularBuildingCube":16,"Inserter":14,"Replay:Towering Pillar of Hats":12,"halation:IllGainedPizza":16,"Replay:WaspNest":1,"PreservedInsect":8,"infinitespire:Beetle Shell":20,"CCEMRelics:CocoNut":1,"CCEMRelics:SpiritsEdge":8,"Pondfish Scales":21,"CCEMRelics:DefectiveTurbocharger":7,"Bronze Scales":12,"halation:Jellyphish":20,"hubris:PeanutButter":12,"reliquary:Stiletto":12,"hubris:BundleOfHerbs":20,"Bottled Lightning":1,"reliquary:WritOfMandamus":22,"halation:Trompette":12,"hubris:OldNail":21,"REME_ComplimentaryCards":0},{"Darkstone Periapt":2,"ReplayFunnel":77,"halation:Diary":58,"reliquary:Boomerang":0,"construct:FoamFinger":57,"Tiny House":95,"CCEMRelics:LatexGloves":110,"StuffTheSpire:Rhapsscallions":62,"Bag of Preparation":85,"conspire:TopHat":58,"Replay:Rubber Ducky":58,"reliquary:TridentHead":90,"aspiration:EnhancedActuators":57,"halation:PrussianBluePaint":18,"DollysMirror":35,"Pantograph":2,"MiniBlackHole":6,"reliquary:Buckler":94,"Chemical X":58,"Cracked Core":0,"CCEMRelics:LagavulinClaw":77,"Gremlin Food":8,"CCEMRelics:ModularBuildingCube":77,"Inserter":69,"Replay:Towering Pillar of Hats":58,"halation:IllGainedPizza":77,"Replay:WaspNest":2,"PreservedInsect":35,"infinitespire:Beetle Shell":94,"CCEMRelics:CocoNut":2,"CCEMRelics:SpiritsEdge":35,"Pondfish Scales":95,"CCEMRelics:DefectiveTurbocharger":32,"Bronze Scales":58,"halation:Jellyphish":94,"hubris:PeanutButter":58,"reliquary:Stiletto":58,"hubris:BundleOfHerbs":94,"Bottled Lightning":2,"reliquary:WritOfMandamus":110,"halation:Trompette":58,"hubris:OldNail":95,"REME_ComplimentaryCards":0}]},"card_choices":[{"not_picked":["Barrage","Recycle"],"picked":"BasicCrystalCard","floor":1},{"not_picked":["Scrape","StuffTheSpire:Plugnplay"],"picked":"Ball Lightning","floor":3},{"not_picked":["RefreshScreen","Gash","Compile Driver"],"picked":"SKIP","floor":7},{"not_picked":["Chaos","Gash"],"picked":"Hologram","floor":8},{"not_picked":["Gash","Redo"],"picked":"Capacitor","floor":10},{"not_picked":["REME_SelfUpgrade","StuffTheSpire:LoadUp"],"picked":"Reinforced Body","floor":11},{"not_picked":["BasicCrystalCard","StuffTheSpire:LoadUp","Darkness"],"picked":"SKIP","floor":14},{"not_picked":["StuffTheSpire:LaunchingStrike","REME_ForAll"],"picked":"Electrodynamics","floor":16},{"not_picked":["Steam","Scrape+1","Hologram"],"picked":"SKIP","floor":18},{"not_picked":["Sweeping Beam","StuffTheSpire:CleanHardDrive","Beam Cell"],"picked":"SKIP","floor":20},{"not_picked":["conspire:SharedLibrary","Leap"],"picked":"Conserve Battery+1","floor":21},{"not_picked":["hubris:Rewind","infinitespire:SealOfDarkness+"],"picked":"hubris:Fate","floor":24},{"not_picked":["conspire:SharedLibrary+1","Conserve Battery","ReplayTheSpireMod:GoodbyeWorld"],"picked":"SKIP","floor":24},{"not_picked":["Leap","Skim","Meteor Strike"],"picked":"SKIP","floor":27},{"not_picked":["Ball Lightning","Core Surge"],"picked":"Conserve Battery","floor":30},{"not_picked":["StuffTheSpire:Ambrosia","StuffTheSpire:Brawn"],"picked":"StuffTheSpire:BrainWave","floor":31},{"not_picked":["Rebound","Streamline+1","Cold Snap"],"picked":"SKIP","floor":35},{"not_picked":["Heatsinks","BasicCrystalCard+1","Ball Lightning"],"picked":"SKIP","floor":37},{"not_picked":["Heatsinks","BasicCrystalCard+1","Ball Lightning"],"picked":"SKIP","floor":37},{"not_picked":["Coolheaded+1","Panic Button+1","StuffTheSpire:EventHorizon"],"picked":"SKIP","floor":39},{"not_picked":["Recycle+1","ReplaySolidLightProjector","Storm+1"],"picked":"SKIP","floor":41},{"not_picked":["StuffTheSpire:GlassShard","Sweeping Beam","StuffTheSpire:Plugnplay"],"picked":"SKIP","floor":44},{"not_picked":["Conserve Battery","Redo","Beam Cell+1"],"picked":"SKIP","floor":45},{"not_picked":["Blizzard+1","Consume","Go for the Eyes+1"],"picked":"SKIP","floor":47}],"player_experience":165308,"relics_obtained":[{"floor":3,"key":"Bottled Lightning"},{"floor":7,"key":"MiniBlackHole"},{"floor":9,"key":"Gremlin Food"},{"floor":11,"key":"halation:PrussianBluePaint"},{"floor":24,"key":"aspiration:EnhancedActuators"},{"floor":26,"key":"construct:FoamFinger"},{"floor":30,"key":"StuffTheSpire:Rhapsscallions"},{"floor":43,"key":"Bag of Preparation"},{"floor":44,"key":"reliquary:TridentHead"}],"event_choices":[{"damage_healed":0,"gold_gain":0,"player_choice":"Argue","damage_taken":0,"max_hp_gain":0,"max_hp_loss":0,"event_name":"conspire:LoneGhost","floor":2,"gold_loss":0},{"damage_healed":0,"gold_gain":175,"player_choice":"AGREE","damage_taken":4912,"max_hp_gain":0,"max_hp_loss":0,"event_name":"betterThird:BetterSerpent","floor":12,"gold_loss":0},{"damage_healed":0,"gold_gain":0,"player_choice":"Ignored","damage_taken":0,"max_hp_gain":0,"max_hp_loss":0,"event_name":"betterNote:BetterNote","floor":22,"gold_loss":0,"cards_obtained":["Doubt"]},{"damage_healed":0,"gold_gain":0,"player_choice":"Ignored","damage_taken":0,"max_hp_gain":0,"max_hp_loss":0,"event_name":"Tomb of Lord Red Mask","floor":36,"gold_loss":0}],"is_beta":false,"boss_relics":[{"not_picked":["reliquary:RedCape","Philosopher\u0027s Stone"],"picked":"CCEMRelics:DefectiveTurbocharger"},{"not_picked":["Honey Jar","CCEMRelics:GreenEgg"],"picked":"Inserter"},{"not_picked":["hubris:TerracottaHorce","halation:CatFaceCupcake"],"picked":"reliquary:WritOfMandamus"}],"items_purged_floors":[],"is_endless":true,"potions_floor_spawned":[8,11,16,21,27,30,33,35,41,44,47,50],"killed_by":"Cultist","ascension_level":0}}