{"host":"pf47v7h0307523iy","time":1611783063,"event":{"mods":["BaseMod","Minty Spire (QoL Compilation)","Relic Stats"],"gold_per_floor":[115,131,149,149,149,475,475,475,475,519,519,569,590,590,590,683,683,706,719,719,719,737,737,749,749,749,765,765,765,778,808,808,879,879,895,911,259,259,259,287,287,299,299,310,327,354,365,381,381,381,381,381,381,12,42,42,42],"floor_reached":56,"language":"ENG","playtime":4916,"items_purged":["Strike_G"],"score":1928,"play_id":"1f152148-90fd-47dd-9306-1e4e1ac7a0e2","local_time":"20210127233103","is_ascension_mode":true,"campfire_choices":[{"floor":7.0,"key":"REST"},{"floor":11.0,"key":"REST"},{"data":"Envenom","floor":15.0,"key":"SMITH"},{"floor":23.0,"key":"REST"},{"data":"Footwork","floor":25.0,"key":"SMITH"},{"data":"Dagger Spray","floor":29.0,"key":"SMITH"},{"floor":32.0,"key":"REST"},{"floor":41,"key":"RECALL"},{"data":"Well Laid Plans","floor":49,"key":"SMITH"},{"floor":53,"key":"REST"}],"circlet_count":0,"master_deck":["AscendersBane","Strike_G+1","Defend_G+1","Defend_G+1","Defend_G+1","Defend_G+1","Defend_G+1","Survivor+1","Neutralize+1","Deadly Poison+1","Quick Slash+1","Finisher+1","Envenom+1","Dagger Spray+1","Footwork+1","After Image+1","Dagger Throw+1","Dodge and Roll+1","Blade Dance+1","Backflip+1","Backflip+1","Bane+1","Blade Dance+1","Wraith Form v2+1","CurseOfTheBell","Footwork+1","Well Laid Plans+1","Backflip+1","Parasite","Well Laid Plans+1","Adrenaline","Secret Technique","Deflect"],"relics":["Ring of the Snake","NeowsBlessing","Kunai","Old Coin","Bloody Idol","Gremlin Horn","Mummified Hand","Sozu","Anchor","Calling Bell","Vajra","Eternal Feather","Tingsha","War Paint","Turnip","Mark of the Bloom","Dead Branch","Whetstone","Ginger","Pear"],"acts_visited":["Exordium","TheCity","TheBeyond","TheEnding"],"potions_floor_usage":[],"damage_taken":[{"damage":0.0,"enemies":"Small Slimes","floor":1.0,"turns":1.0},{"damage":0.0,"enemies":"2 Louse","floor":2.0,"turns":1.0},{"damage":0.0,"enemies":"Cultist","floor":3.0,"turns":1.0},{"damage":32.0,"enemies":"Gremlin Nob","floor":6.0,"turns":4.0},{"damage":34.0,"enemies":"3 Sentries","floor":10.0,"turns":12.0},{"damage":0.0,"enemies":"2 Fungi Beasts","floor":13.0,"turns":3.0},{"damage":41.0,"enemies":"The Guardian","floor":16.0,"turns":14.0},{"damage":2.0,"enemies":"3 Byrds","floor":18.0,"turns":4.0},{"damage":3.0,"enemies":"Shell Parasite","floor":19.0,"turns":6.0},{"damage":18.0,"enemies":"Chosen and Byrds","floor":22.0,"turns":8.0},{"damage":4.0,"enemies":"Centurion and Healer","floor":24.0,"turns":8.0},{"damage":0.0,"enemies":"3 Cultists","floor":27.0,"turns":5.0},{"damage":9.0,"enemies":"Snecko","floor":30.0,"turns":7.0},{"damage":26.0,"enemies":"Book of Stabbing","floor":31.0,"turns":6.0},{"damage":26.0,"enemies":"Champ","floor":33.0,"turns":14.0},{"damage":6.0,"enemies":"3 Darklings","floor":35.0,"turns":7.0},{"damage":0.0,"enemies":"Orb Walker","floor":36.0,"turns":3.0},{"damage":0,"enemies":"Reptomancer","floor":40,"turns":6},{"damage":0,"enemies":"Jaw Worm Horde","floor":42,"turns":4},{"damage":0,"enemies":"Spire Growth","floor":44,"turns":5},{"damage":0,"enemies":"Writhing Mass","floor":45,"turns":6},{"damage":18,"enemies":"Nemesis","floor":46,"turns":11},{"damage":0,"enemies":"Jaw Worm Horde","floor":47,"turns":2},{"damage":0,"enemies":"Sphere and 2 Shapes","floor":48,"turns":4},{"damage":10,"enemies":"Donu and Deca","floor":50,"turns":9},{"damage":11,"enemies":"Awakened One","floor":51,"turns":18},{"damage":0,"enemies":"Shield and Spear","floor":55,"turns":8},{"damage":44,"enemies":"The Heart","floor":56,"turns":6}],"seed_played":"688402343749004695","potions_obtained":[{"floor":2.0,"key":"BlessingOfTheForge"},{"floor":13.0,"key":"FairyPotion"}],"is_trial":false,"path_per_floor":["M","M","M","?","?","E","R","?","T","E","R","?","M","?","R","B",null,"M","M","?","?","M","R","M","R","T","M","?","R","M","E","R","B",null,"M","M","$","?","?","E","R","M","T","M","M","E","M","M","R","B","B",null,"R","$","E","B"],"character_chosen":"THE_SILENT","items_purchased":["Well Laid Plans","War Paint","Turnip","Adrenaline","Secret Technique"],"campfire_rested":5,"item_purchase_floors":[37,37,37,54,54],"current_hp_per_floor":[59,59,59,59,54,22,41,41,41,7,25,19,19,19,19,5,46,44,41,41,41,28,46,47,47,47,52,52,52,48,27,45,24,51,50,55,55,55,55,55,55,55,55,55,55,37,37,37,37,27,16,16,16,16,16,0,0],"gold":42,"neow_bonus":"THREE_ENEMY_KILL","is_daily":false,"chose_seed":false,"campfire_upgraded":4,"win_rate":0.0,"timestamp":1611783063,"path_taken":["M","M","M","?","?","E","R","?","T","E","R","?","?","?","R","BOSS","M","M","?","?","?","R","?","R","T","M","?","R","M","E","R","BOSS","M","M","$","?","?","E","R","M","T","M","M","E","M","M","R","BOSS","BOSS","R","$","E","BOSS"],"items_purchased_type":["Card","Relic","Relic","Card","Card"],"build_version":"2020-12-22","purchased_purges":1,"victory":false,"max_hp_per_floor":[66,66,66,66,66,66,66,60,60,60,60,60,60,60,60,60,60,60,60,60,60,60,60,60,60,60,60,60,60,60,60,60,60,60,60,60,60,60,60,60,60,60,60,60,60,60,60,60,60,60,60,60,60,60,70,70,70],"relic_stats":{"Mark of the Bloom":152,"Gremlin Horn":[29,29],"counters":[28,183],"Dead Branch":[166],"Eternal Feather":0,"Tingsha":[143],"Whetstone":[],"Ginger":[2],"War Paint":["Dodge and Roll","Defend_G"],"Sozu":8,"Mummified Hand":[117],"Bloody Idol":40,"Turnip":[7],"Kunai":[115],"obtain_stats":[{"Mark of the Bloom":39,"Pear":55,"NeowsBlessing":0,"Gremlin Horn":9,"Golden Idol":8,"Dead Branch":40,"Vajra":34,"Eternal Feather":34,"Tingsha":34,"Whetstone":43,"Ginger":46,"War Paint":37,"Old Coin":6,"Sozu":17,"Calling Bell":34,"Anchor":31,"Mummified Hand":10,"Bloody Idol":20,"Turnip":37,"Kunai":5,"Ring of the Snake":0},{"Mark of the Bloom":17,"Pear":27,"NeowsBlessing":0,"Gremlin Horn":4,"Golden Idol":4,"Dead Branch":18,"Vajra":15,"Eternal Feather":15,"Tingsha":15,"Whetstone":19,"Ginger":22,"War Paint":17,"Old Coin":4,"Sozu":7,"Calling Bell":15,"Anchor":14,"Mummified Hand":5,"Bloody Idol":9,"Turnip":17,"Kunai":3,"Ring of the Snake":0},{"Mark of the Bloom":104,"Pear":177,"NeowsBlessing":0,"Gremlin Horn":7,"Golden Idol":7,"Dead Branch":110,"Vajra":94,"Eternal Feather":94,"Tingsha":94,"Whetstone":114,"Ginger":136,"War Paint":104,"Old Coin":7,"Sozu":36,"Calling Bell":94,"Anchor":80,"Mummified Hand":19,"Bloody Idol":46,"Turnip":104,"Kunai":3,"Ring of the Snake":0}],"Ring of the Snake":[56]},"card_choices":[{"not_picked":["Sucker Punch","Catalyst"],"picked":"Deadly Poison","floor":1.0},{"not_picked":["Underhanded Strike","Slice"],"picked":"Quick Slash","floor":2.0},{"not_picked":["Concentrate","Underhanded Strike","Prepared"],"picked":"SKIP","floor":3.0},{"not_picked":["Sucker Punch","Backflip"],"picked":"Envenom","floor":6.0},{"not_picked":["Quick Slash","Concentrate"],"picked":"Dagger Spray","floor":10.0},{"not_picked":["Finisher","Infinite Blades"],"picked":"Footwork","floor":13.0},{"not_picked":["Night Terror","Burst"],"picked":"After Image","floor":16.0},{"not_picked":["Expertise","Underhanded Strike"],"picked":"Dagger Throw","floor":18.0},{"not_picked":["Heel Hook","Slice"],"picked":"Dodge and Roll","floor":19.0},{"not_picked":["Outmaneuver","Riddle With Holes"],"picked":"Blade Dance","floor":22.0},{"not_picked":["Grand Finale","Eviscerate"],"picked":"Backflip","floor":24.0},{"not_picked":["Skewer","Crippling Poison"],"picked":"Backflip","floor":27.0},{"not_picked":["Sucker Punch","Finisher"],"picked":"Bane","floor":30.0},{"not_picked":["Dagger Spray","Prepared"],"picked":"Blade Dance","floor":31.0},{"not_picked":["Corpse Explosion","Glass Knife"],"picked":"Wraith Form v2","floor":33.0},{"not_picked":["Skewer","Reflex","Quick Slash+1"],"picked":"SKIP","floor":35.0},{"not_picked":["Quick Slash","Acrobatics"],"picked":"Footwork+1","floor":36.0},{"not_picked":["Slice+1","All Out Attack"],"picked":"Backflip+1","floor":40},{"not_picked":["Dodge and Roll","Blade Dance","Expertise"],"picked":"SKIP","floor":42},{"not_picked":["Underhanded Strike","Quick Slash+1","Dodge and Roll"],"picked":"SKIP","floor":44},{"not_picked":["Masterful Stab","Cloak And Dagger","Dagger Throw"],"picked":"SKIP","floor":45},{"not_picked":["Deflect","Dagger Spray","Unload"],"picked":"SKIP","floor":46},{"not_picked":["Deadly Poison","Cloak And Dagger"],"picked":"Well Laid Plans","floor":47},{"not_picked":["Dagger Spray","Prepared","Poisoned Stab+1"],"picked":"SKIP","floor":48},{"not_picked":["Acrobatics+1","Backflip"],"picked":"Deflect","floor":55}],"player_experience":1697883,"relics_obtained":[{"floor":6.0,"key":"Old Coin"},{"floor":9.0,"key":"Gremlin Horn"},{"floor":10.0,"key":"Mummified Hand"},{"floor":31.0,"key":"Anchor"},{"floor":34.0,"key":"Vajra"},{"floor":34.0,"key":"Eternal Feather"},{"floor":34.0,"key":"Tingsha"},{"floor":40,"key":"Dead Branch"},{"floor":43,"key":"Whetstone"},{"floor":46,"key":"Ginger"},{"floor":55,"key":"Pear"}],"event_choices":[{"damage_healed":0.0,"max_hp_gain":0.0,"max_hp_loss":0.0,"gold_gain":0.0,"cards_transformed":["Strike_G"],"event_name":"Living Wall","player_choice":"Change","floor":4.0,"gold_loss":0.0,"damage_taken":0.0,"cards_obtained":["Finisher"]},{"damage_healed":0.0,"max_hp_gain":0.0,"max_hp_loss":0.0,"gold_gain":0.0,"event_name":"Scrap Ooze","player_choice":"Success","floor":5.0,"gold_loss":0.0,"damage_taken":5.0,"relics_obtained":["Kunai"]},{"damage_healed":0.0,"max_hp_gain":0.0,"max_hp_loss":6.0,"gold_gain":0.0,"event_name":"Golden Idol","player_choice":"Lose Max HP","floor":8.0,"gold_loss":0.0,"damage_taken":0.0,"relics_obtained":["Golden Idol"]},{"damage_healed":0.0,"max_hp_gain":0.0,"max_hp_loss":0.0,"gold_gain":50.0,"event_name":"FaceTrader","player_choice":"Touch","floor":12.0,"gold_loss":0.0,"damage_taken":6.0},{"cards_removed":["Strike_G"],"damage_healed":0.0,"max_hp_gain":0.0,"max_hp_loss":0.0,"gold_gain":0.0,"event_name":"Bonfire Elementals","player_choice":"Offered Basic","floor":14.0,"gold_loss":0.0,"damage_taken":0.0},{"damage_healed":0.0,"max_hp_gain":0.0,"max_hp_loss":0.0,"gold_gain":0.0,"event_name":"Forgotten Altar","player_choice":"Gave Idol","floor":20.0,"relics_lost":["Golden Idol"],"gold_loss":0.0,"damage_taken":0.0,"relics_obtained":["Bloody Idol"]},{"cards_removed":["Strike_G"],"damage_healed":0.0,"max_hp_gain":0.0,"max_hp_loss":0.0,"gold_gain":0.0,"event_name":"Purifier","player_choice":"Purged","floor":21.0,"gold_loss":0.0,"damage_taken":0.0},{"damage_healed":0.0,"max_hp_gain":0.0,"max_hp_loss":0.0,"gold_gain":0.0,"event_name":"The Mausoleum","player_choice":"Ignored","floor":28.0,"gold_loss":0.0,"damage_taken":0.0},{"damage_healed":0,"gold_gain":0,"player_choice":"Ignored","damage_taken":0,"max_hp_gain":0,"max_hp_loss":0,"event_name":"Mysterious Sphere","floor":38,"gold_loss":0},{"damage_healed":0,"gold_gain":0,"player_choice":"Upgrade","damage_taken":0,"relics_obtained":["Mark of the Bloom"],"max_hp_gain":0,"max_hp_loss":0,"event_name":"MindBloom","floor":39,"gold_loss":0,"cards_upgraded":["Strike_G","Defend_G","Defend_G","Defend_G","Defend_G","Survivor","Neutralize","Deadly Poison","Quick Slash","Finisher","After Image","Dagger Throw","Blade Dance","Backflip","Backflip","Bane","Blade Dance","Wraith Form v2","Well Laid Plans"]}],"is_beta":false,"boss_relics":[{"not_picked":["Ring of the Serpent","Fusion Hammer"],"picked":"Sozu"},{"not_picked":["Black Star","WristBlade"],"picked":"Calling Bell"}],"items_purged_floors":[37],"is_endless":false,"potions_floor_spawned":[2,13,24,27,30,36,44,45,46,48],"killed_by":"The Heart","ascension_level":20}}