{"host":"fuszjwm6fqgjjp4d","time":1611791160,"event":{"mods":["BaseMod","Bestiary","Colored Map","DeckTracker","Minty Spire (QoL Compilation)","Permanent Neow","Relic Sorter","Relic Stats","StSLib"],"gold_per_floor":[363,382,9,29,43,74,74,74,98,98,110,122,122,138,138,211,211,231,248,248,12,12,39,39,72,72,87,98,108,108,32,32,32,32],"floor_reached":33,"language":"ENG","playtime":1322,"items_purged":["Pain"],"score":678,"play_id":"cf6be437-2ad9-49d1-8860-09f7562d1b9f","local_time":"20210127174600","is_ascension_mode":true,"campfire_choices":[{"data":"Omniscience","floor":7.0,"key":"SMITH"},{"floor":10.0,"key":"REST"},{"data":"Eruption","floor":13.0,"key":"SMITH"},{"data":"EmptyFist","floor":15.0,"key":"SMITH"},{"data":"Wish","floor":24.0,"key":"SMITH"},{"floor":30.0,"key":"REST"},{"data":"SashWhip","floor":32.0,"key":"SMITH"}],"circlet_count":0,"master_deck":["AscendersBane","Strike_P","Strike_P","Strike_P","Strike_P","Defend_P","Defend_P","Defend_P+1","Defend_P","Eruption+1","Vigilance+1","FearNoEvil","EmptyFist+1","FollowUp","SashWhip+1","WheelKick","Omniscience+1","BowlingBash","CutThroughFate","Wish+1","CurseOfTheBell","TalkToTheHand+1","LikeWater+1","CarveReality+1","Scrawl","Evaluate+1","BattleHymn"],"relics":["PureWater","TungstenRod","Anchor","MealTicket","Calling Bell","Lantern","Molten Egg 2","CloakClasp","WarpedTongs","ClockworkSouvenir","Potion Belt","War Paint","Darkstone Periapt","InkBottle"],"acts_visited":["Exordium","TheCity"],"potions_floor_usage":[33,33],"damage_taken":[{"damage":2.0,"enemies":"Cultist","floor":1.0,"turns":3.0},{"damage":0.0,"enemies":"2 Louse","floor":2.0,"turns":3.0},{"damage":0.0,"enemies":"Jaw Worm","floor":4.0,"turns":3.0},{"damage":0.0,"enemies":"Large Slime","floor":5.0,"turns":4.0},{"damage":31.0,"enemies":"3 Sentries","floor":6.0,"turns":7.0},{"damage":0.0,"enemies":"Exordium Wildlife","floor":11.0,"turns":3.0},{"damage":0.0,"enemies":"Looter","floor":12.0,"turns":2.0},{"damage":0.0,"enemies":"Blue Slaver","floor":14.0,"turns":3.0},{"damage":0.0,"enemies":"Slime Boss","floor":16.0,"turns":4.0},{"damage":0.0,"enemies":"3 Byrds","floor":18.0,"turns":5.0},{"damage":13.0,"enemies":"Spheric Guardian","floor":19.0,"turns":5.0},{"damage":11.0,"enemies":"Slavers","floor":23.0,"turns":10.0},{"damage":39.0,"enemies":"Gremlin Leader","floor":25.0,"turns":7.0},{"damage":0.0,"enemies":"Snecko","floor":27.0,"turns":6.0},{"damage":0.0,"enemies":"Chosen and Byrds","floor":28.0,"turns":3.0},{"damage":0.0,"enemies":"Shelled Parasite and Fungi","floor":29.0,"turns":5.0},{"damage":71,"enemies":"Champ","floor":33,"turns":14}],"seed_played":"3274755071140342264","potions_obtained":[{"floor":1.0,"key":"Weak Potion"},{"floor":6.0,"key":"SkillPotion"},{"floor":8.0,"key":"Regen Potion"},{"floor":8.0,"key":"SteroidPotion"},{"floor":12.0,"key":"SpeedPotion"},{"floor":16.0,"key":"FearPotion"},{"floor":23.0,"key":"SteroidPotion"},{"floor":25.0,"key":"PowerPotion"},{"floor":27.0,"key":"Ambrosia"},{"floor":29.0,"key":"SteroidPotion"}],"is_trial":false,"path_per_floor":["M","M","$","M","M","E","R","?","T","R","M","M","R","M","R","B",null,"M","M","?","$","T","E","R","E","T","M","M","M","R","$","R","B"],"character_chosen":"WATCHER","items_purchased":["TungstenRod","FollowUp","ClockworkSouvenir","BattleHymn"],"campfire_rested":2,"item_purchase_floors":[3,3,21,31],"current_hp_per_floor":[41,41,41,41,41,10,10,10,10,30,39,39,39,39,39,39,61,61,48,48,63,63,52,52,13,13,13,13,13,33,48,48,0,0],"gold":32,"neow_bonus":"TWO_FIFTY_GOLD","is_daily":false,"chose_seed":false,"campfire_upgraded":5,"win_rate":0.0,"timestamp":1611791160,"path_taken":["M","?","$","M","M","E","R","?","T","R","M","?","R","?","R","BOSS","M","?","?","$","?","E","R","E","T","M","M","M","R","$","R","BOSS"],"items_purchased_type":["Relic","Card","Relic","Card"],"build_version":"2020-12-22","purchased_purges":1,"victory":false,"max_hp_per_floor":[68,68,68,68,68,68,68,68,68,68,68,68,68,68,68,68,68,68,68,68,68,68,68,68,68,68,68,68,68,68,68,68,68,68],"relic_stats":{"Darkstone Periapt":0,"counters":[17,87],"MealTicket":30,"CloakClasp":[196],"War Paint":["Defend_P","Vigilance"],"obtain_stats":[{"Potion Belt":22,"Darkstone Periapt":25,"Lantern":17,"CloakClasp":17,"War Paint":23,"WarpedTongs":20,"ClockworkSouvenir":21,"Calling Bell":17,"Anchor":6,"MealTicket":9,"Molten Egg 2":17,"PureWater":0,"TungstenRod":3,"InkBottle":26},{"Potion Belt":11,"Darkstone Periapt":13,"Lantern":9,"CloakClasp":9,"War Paint":12,"WarpedTongs":11,"ClockworkSouvenir":11,"Calling Bell":9,"Anchor":5,"MealTicket":5,"Molten Egg 2":9,"PureWater":0,"TungstenRod":2,"InkBottle":13},{"Potion Belt":42,"Darkstone Periapt":59,"Lantern":32,"CloakClasp":32,"War Paint":52,"WarpedTongs":42,"ClockworkSouvenir":42,"Calling Bell":32,"Anchor":20,"MealTicket":20,"Molten Egg 2":32,"PureWater":0,"TungstenRod":6,"InkBottle":59}],"TungstenRod":22,"InkBottle":[10],"WarpedTongs":[43]},"card_choices":[{"not_picked":["SashWhip","SignatureMove"],"picked":"FearNoEvil","floor":1.0},{"not_picked":["Halt","FollowUp"],"picked":"EmptyFist","floor":2.0},{"not_picked":["SandsOfTime","Vengeance"],"picked":"SashWhip","floor":4.0},{"not_picked":["DeceiveReality","ClearTheMind"],"picked":"WheelKick","floor":5.0},{"not_picked":["JustLucky","Crescendo"],"picked":"Omniscience","floor":6.0},{"not_picked":["ThirdEye","SashWhip","PathToVictory"],"picked":"SKIP","floor":11.0},{"not_picked":["FlurryOfBlows","Pray"],"picked":"BowlingBash","floor":12.0},{"not_picked":["Nirvana","FlurryOfBlows"],"picked":"CutThroughFate","floor":14.0},{"not_picked":["DeusExMachina","DevaForm"],"picked":"Wish","floor":16.0},{"not_picked":["Meditate","CrushJoints+1","BowlingBash+1"],"picked":"SKIP","floor":18.0},{"not_picked":["Sanctity","FlyingSleeves+1"],"picked":"TalkToTheHand+1","floor":19.0},{"not_picked":["Worship","InnerPeace+1"],"picked":"LikeWater+1","floor":23.0},{"not_picked":["Prostrate","Indignation","Halt"],"picked":"SKIP","floor":25.0},{"not_picked":["WaveOfTheHand","Halt"],"picked":"CarveReality+1","floor":27.0},{"not_picked":["Crescendo","Collect"],"picked":"Scrawl","floor":28.0},{"not_picked":["ClearTheMind","FlurryOfBlows+1"],"picked":"Evaluate+1","floor":29.0}],"player_experience":1390532,"relics_obtained":[{"floor":6.0,"key":"Anchor"},{"floor":9.0,"key":"MealTicket"},{"floor":17.0,"key":"Lantern"},{"floor":17.0,"key":"Molten Egg 2"},{"floor":17.0,"key":"CloakClasp"},{"floor":22.0,"key":"Potion Belt"},{"floor":23.0,"key":"War Paint"},{"floor":25.0,"key":"Darkstone Periapt"},{"floor":26.0,"key":"InkBottle"}],"event_choices":[{"damage_healed":0.0,"max_hp_gain":0.0,"max_hp_loss":0.0,"gold_gain":0.0,"event_name":"Lab","player_choice":"Got Potions","floor":8.0,"gold_loss":0.0,"damage_taken":0.0},{"damage_healed":0.0,"max_hp_gain":0.0,"max_hp_loss":0.0,"gold_gain":0.0,"event_name":"Accursed Blacksmith","player_choice":"Rummage","floor":20.0,"gold_loss":0.0,"damage_taken":0.0,"relics_obtained":["WarpedTongs"],"cards_obtained":["Pain"]}],"is_beta":false,"boss_relics":[{"not_picked":["Tiny House","Ectoplasm"],"picked":"Calling Bell"}],"items_purged_floors":[21],"is_endless":false,"potions_floor_spawned":[1,6,12,14,16,23,25,27,29],"killed_by":"Champ","ascension_level":20}}