{"host":"l84l8xigz5v5foa2","time":1611764416,"event":{"mods":["2.2 Compatiblity","AchievementEnabler","BaseMod","Better Note","Better Vampires","Card Filter","Colored Map","DeckTracker","Downfall","Gremlin Skip","Highlight Path","Keyboard Shortcuts","Minty Spire (QoL Compilation)","Permanent Neow","Quick Restart","Relic Filter","Relic Stats","StSLib","SuperFastMode","Transform Curses","Unknown Chances"],"gold_per_floor":[99,116,128,141,17,17,17,17,51,51,51,72,98,116,128,228,228,228,261,273,311,311,364,439,339,339,382,382,398,398,440,459,555,555,555,587,91,221,211,218,244,288,288,295,315,17,358,367,381,411],"floor_reached":51,"language":"ENG","playtime":5413,"items_purged":["sneckomod:Strike","sneckomod:Strike","sneckomod:Strike","expansioncontent:PrepareCrush"],"score":785,"play_id":"fdfac1c7-93a9-4201-a548-5d571ac12abd","local_time":"20210128012016","is_ascension_mode":true,"campfire_choices":[{"data":"sneckomod:TailWhip","floor":1.0,"key":"SMITH"},{"data":"sneckomod:WideSting","floor":6.0,"key":"SMITH"},{"data":"sneckomod:DiceBoulder","floor":10.0,"key":"SMITH"},{"data":"sneckomod:TrashToTreasure","floor":18.0,"key":"SMITH"},{"data":"sneckomod:Nope","floor":25.0,"key":"SMITH"},{"data":"sneckomod:Rotation","floor":30.0,"key":"SMITH"},{"data":"sneckomod:SoulDraw","floor":35.0,"key":"SMITH"}],"circlet_count":0,"master_deck":["sneckomod:Defend","sneckomod:Defend","sneckomod:Defend","sneckomod:TailWhip+1","sneckomod:SnekBite","sneckomod:WideSting+1","sneckomod:SoulDraw+1","sneckomod:ImprovisedGuard","sneckomod:UnendingSupply","sneckomod:DiceBoulder+1","sneckomod:SerpentIdol","sneckomod:TrashToTreasure+1","sneckomod:GlitteringGambit","sneckomod:SlitherStrike","sneckomod:Rotation+1","sneckomod:Nope+1","RitualDagger","sneckomod:CheapStock+1","sneckomod:ImprovisedGuard","expansioncontent:Chronoboost+1","sneckomod:SoulDraw","sneckomod:RainOfDice","sneckomod:SerpentIdol+1","sneckomod:DefensiveFlair+1"],"relics":["sneckomod:SneckoSoul","Singing Bowl","Frozen Egg 2","Meat on the Bone","downfall:ShatteredFragment","Odd Mushroom","bronze:BronzeIdol","Coffee Dripper","Matryoshka","Pantograph","downfall:HeartBlessingGreen","Guardian:GemstoneGun","SlaversCollar","Bag of Preparation","sneckomod:SleevedAce","White Beast Statue","Potion Belt","Pen Nib","Guardian:PocketSentry","Nunchaku","Old Coin"],"acts_visited":["Exordium","TheCity","TheBeyond"],"potions_floor_usage":[50,50,50,50,50],"damage_taken":[{"damage":0.0,"enemies":"Cultist","floor":2.0,"turns":3.0},{"damage":6.0,"enemies":"2 Louse","floor":3.0,"turns":4.0},{"damage":0.0,"enemies":"Small Slimes","floor":4.0,"turns":2.0},{"damage":5.0,"enemies":"downfall:FleeingMerchant","floor":5.0,"turns":4.0},{"damage":22.0,"enemies":"Lagavulin","floor":9.0,"turns":9.0},{"damage":14.0,"enemies":"The Mushroom Lair","floor":12.0,"turns":4.0},{"damage":14.0,"enemies":"Gremlin Nob","floor":13.0,"turns":3.0},{"damage":0.0,"enemies":"3 Louse","floor":14.0,"turns":2.0},{"damage":0.0,"enemies":"Exordium Wildlife","floor":15.0,"turns":3.0},{"damage":22.0,"enemies":"DF_ARCHETYPE_STREAMLINE","floor":16.0,"turns":9.0},{"damage":10.0,"enemies":"Chosen","floor":19.0,"turns":5.0},{"damage":0.0,"enemies":"Centurion and Healer","floor":20.0,"turns":5.0},{"damage":0.0,"enemies":"Shelled Parasite and Fungi","floor":21.0,"turns":6.0},{"damage":20.0,"enemies":"Slavers","floor":23.0,"turns":4.0},{"damage":9.0,"enemies":"3 Cultists","floor":27.0,"turns":5.0},{"damage":19.0,"enemies":"Snake Plant","floor":29.0,"turns":5.0},{"damage":38.0,"enemies":"Gremlin Leader","floor":31.0,"turns":5.0},{"damage":20.0,"enemies":"Centurion and Healer","floor":32.0,"turns":4.0},{"damage":29.0,"enemies":"WA_ARCHETYPE_CALM","floor":33.0,"turns":10.0},{"damage":4.0,"enemies":"3 Shapes","floor":36.0,"turns":4.0},{"damage":0.0,"enemies":"downfall:FleeingMerchant","floor":37.0,"turns":4.0},{"damage":46.0,"enemies":"downfall:LadyInBlue","floor":38.0,"turns":10.0},{"damage":15.0,"enemies":"downfall:FleeingMerchant","floor":39.0,"turns":4.0},{"damage":7.0,"enemies":"3 Darklings","floor":40.0,"turns":7.0},{"damage":0.0,"enemies":"Sphere and 2 Shapes","floor":42.0,"turns":7.0},{"damage":2.0,"enemies":"4 Shapes","floor":44.0,"turns":7.0},{"damage":42.0,"enemies":"3 Darklings","floor":45.0,"turns":5.0},{"damage":0.0,"enemies":"3 Darklings","floor":47.0,"turns":3.0},{"damage":0.0,"enemies":"Spire Growth","floor":48.0,"turns":3.0},{"damage":0.0,"enemies":"4 Shapes","floor":49.0,"turns":5.0},{"damage":34,"enemies":"IC_BLOCK_ARCHETYPE","floor":50,"turns":10}],"seed_played":"5837767699274017566","potions_obtained":[{"floor":3.0,"key":"FairyPotion"},{"floor":12.0,"key":"Strength Potion"},{"floor":13.0,"key":"DuplicationPotion"},{"floor":14.0,"key":"FairyPotion"},{"floor":16.0,"key":"Explosive Potion"},{"floor":19.0,"key":"Weak Potion"},{"floor":21.0,"key":"bronze:BurnAndBuffPotion"},{"floor":32.0,"key":"FearPotion"},{"floor":38.0,"key":"DuplicationPotion"},{"floor":38.0,"key":"DistilledChaos"},{"floor":40.0,"key":"Swift Potion"},{"floor":42.0,"key":"ColorlessPotion"},{"floor":45.0,"key":"Regen Potion"}],"is_trial":false,"path_per_floor":["R","M","M","M","$","R","T","?","E","R","?","?","E","M","M","B",null,"R","M","M","M","?","E","T","R","?","M","?","M","R","E","M","B",null,"R","M","$","?","$","M","T","M","?","M","M","$","?","M","M","B",null],"character_chosen":"THE_SNECKO","items_purchased":["sneckomod:UnendingSupply","Bag of Preparation","sneckomod:SleevedAce","expansioncontent:Chronoboost","Potion Belt","sneckomod:SoulDraw","Nunchaku"],"campfire_rested":0,"item_purchase_floors":[5,37,37,37,39,39,46],"current_hp_per_floor":[63,63,57,57,52,52,52,45,23,23,2,32,30,44,56,46,94,94,84,84,84,78,60,60,60,41,46,46,39,39,15,43,53,107,107,105,107,108,95,88,88,90,84,82,67,67,69,71,73,79],"gold":411,"neow_bonus":"REMOVE_TWO","is_daily":false,"chose_seed":false,"campfire_upgraded":7,"win_rate":0.0,"timestamp":1611764416,"path_taken":["R","M","M","?","$","R","T","?","E","R","?","?","E","M","M","BOSS","R","M","M","M","?","E","T","R","?","M","?","M","R","E","M","BOSS","R","M","$","?","?","M","T","M","?","M","M","$","?","?","M","BOSS"],"items_purchased_type":["Card","Relic","Relic","Card","Relic","Card","Relic"],"build_version":"2020-12-22","purchased_purges":4,"victory":true,"max_hp_per_floor":[90,90,90,90,90,90,90,90,90,90,90,92,92,94,94,94,94,94,94,94,94,94,96,96,96,101,103,103,103,103,105,105,107,107,107,109,111,113,115,115,115,117,121,121,121,121,123,125,127,127],"relic_stats":{"Nunchaku":[7],"Singing Bowl":32,"counters":[31,161],"Pantograph":50,"Pen Nib":[10],"Bag of Preparation":[20],"obtain_stats":[{"Potion Belt":39,"downfall:ShatteredFragment":11,"Singing Bowl":7,"Guardian:GemstoneGun":31,"downfall:HeartBlessingGreen":25,"Pen Nib":41,"Bag of Preparation":37,"Guardian:PocketSentry":41,"Frozen Egg 2":8,"Odd Mushroom":12,"sneckomod:SneckoSoul":0,"White Beast Statue":38,"bronze:BronzeIdol":13,"Old Coin":47,"SlaversCollar":34,"Nunchaku":46,"Matryoshka":23,"Pantograph":24,"sneckomod:SleevedAce":37,"Coffee Dripper":17,"Meat on the Bone":9},{"Potion Belt":23,"downfall:ShatteredFragment":5,"Singing Bowl":4,"Guardian:GemstoneGun":17,"downfall:HeartBlessingGreen":14,"Pen Nib":24,"Bag of Preparation":21,"Guardian:PocketSentry":24,"Frozen Egg 2":4,"Odd Mushroom":6,"sneckomod:SneckoSoul":0,"White Beast Statue":22,"bronze:BronzeIdol":7,"Old Coin":28,"SlaversCollar":19,"Nunchaku":27,"Matryoshka":14,"Pantograph":14,"sneckomod:SleevedAce":21,"Coffee Dripper":10,"Meat on the Bone":5},{"Potion Belt":114,"downfall:ShatteredFragment":22,"Singing Bowl":13,"Guardian:GemstoneGun":78,"downfall:HeartBlessingGreen":63,"Pen Nib":121,"Bag of Preparation":100,"Guardian:PocketSentry":121,"Frozen Egg 2":13,"Odd Mushroom":26,"sneckomod:SneckoSoul":0,"White Beast Statue":110,"bronze:BronzeIdol":29,"Old Coin":143,"SlaversCollar":92,"Nunchaku":140,"Matryoshka":63,"Pantograph":63,"sneckomod:SleevedAce":100,"Coffee Dripper":43,"Meat on the Bone":22}],"Meat on the Bone":132},"card_choices":[{"not_picked":["sneckomod:SoulRoll","sneckomod:MasterEye"],"picked":"sneckomod:WideSting","floor":2.0},{"not_picked":["sneckomod:MixItUp","sneckomod:PureSnecko"],"picked":"sneckomod:SoulDraw","floor":3.0},{"not_picked":["sneckomod:QuickBite","sneckomod:MixItUp","sneckomod:MasterEye"],"picked":"SKIP","floor":4.0},{"not_picked":["sneckomod:DefensiveFlair","sneckomod:PureSnecko"],"picked":"sneckomod:ImprovisedGuard","floor":5.0},{"not_picked":["sneckomod:SoulDraw","sneckomod:RainOfDice"],"picked":"sneckomod:DiceBoulder","floor":9.0},{"not_picked":["sneckomod:QuickBite","sneckomod:SoulRoll","sneckomod:SoulExchange"],"picked":"Singing Bowl","floor":12.0},{"not_picked":["sneckomod:DiceBoulder","sneckomod:RainOfDice"],"picked":"sneckomod:SerpentIdol","floor":13.0},{"not_picked":["sneckomod:IronFang","sneckomod:DefensiveFlair","sneckomod:RainOfDice"],"picked":"Singing Bowl","floor":14.0},{"not_picked":["sneckomod:MasterEye+1","sneckomod:SoulDraw"],"picked":"sneckomod:TrashToTreasure","floor":15.0},{"not_picked":["sneckomod:Restock","sneckomod:DangerNoodle"],"picked":"sneckomod:GlitteringGambit","floor":16.0},{"not_picked":["sneckomod:QuickBite","sneckomod:SoulDraw"],"picked":"sneckomod:SlitherStrike","floor":19.0},{"not_picked":["sneckomod:Nope","sneckomod:SoulDraw"],"picked":"sneckomod:Rotation","floor":20.0},{"not_picked":["sneckomod:PureSnecko","sneckomod:DefensiveFlair"],"picked":"sneckomod:Nope","floor":21.0},{"not_picked":["sneckomod:SlitherStrike","sneckomod:WideSting","sneckomod:QuickBite"],"picked":"Singing Bowl","floor":23.0},{"not_picked":["sneckomod:SoulRoll","sneckomod:QuickBite+1","sneckomod:PureSnecko"],"picked":"Singing Bowl","floor":27.0},{"not_picked":["sneckomod:SoulDraw","sneckomod:RainOfDice"],"picked":"sneckomod:CheapStock+1","floor":29.0},{"not_picked":["sneckomod:UnendingSupply+1","sneckomod:RainOfDice","sneckomod:SoulCleanse"],"picked":"Singing Bowl","floor":31.0},{"not_picked":["sneckomod:SoulRoll","sneckomod:QuickBite+1"],"picked":"sneckomod:ImprovisedGuard","floor":32.0},{"not_picked":["sneckomod:Transmogrify","sneckomod:SoulExchange","sneckomod:Cheat"],"picked":"Singing Bowl","floor":33.0},{"not_picked":["sneckomod:QuickBite","sneckomod:SoulRoll+1","sneckomod:Nope+1"],"picked":"Singing Bowl","floor":36.0},{"not_picked":["sneckomod:RainOfDice","sneckomod:IronFang","sneckomod:Nope+1"],"picked":"Singing Bowl","floor":37.0},{"not_picked":["sneckomod:MixItUp+1","sneckomod:SoulRoll","sneckomod:QuickMove+1"],"picked":"Singing Bowl","floor":38.0},{"not_picked":["sneckomod:GlitteringGambit","sneckomod:WideSting+1","sneckomod:Cheat"],"picked":"Singing Bowl","floor":39.0},{"not_picked":["sneckomod:SoulDraw+1","sneckomod:Nope+1"],"picked":"sneckomod:RainOfDice","floor":40.0},{"not_picked":["sneckomod:Nope","sneckomod:SoulCleanse+1","sneckomod:QuickMove+1"],"picked":"Singing Bowl","floor":42.0},{"not_picked":["expansioncontent:PrepareCrush","expansioncontent:PolyBeam","expansioncontent:DashGenerateEvil"],"picked":"Singing Bowl","floor":43.0},{"not_picked":["expansioncontent:DashGenerateEvil","expansioncontent:Hexaburn"],"picked":"expansioncontent:QuickStudy","floor":43.0},{"not_picked":["expansioncontent:Chronoboost","expansioncontent:PolyBeam","expansioncontent:DecaShield"],"picked":"Singing Bowl","floor":43.0},{"not_picked":["sneckomod:IronFang+1","sneckomod:WideSting+1"],"picked":"sneckomod:SerpentIdol+1","floor":44.0},{"not_picked":["sneckomod:ImprovisedGuard","sneckomod:CheapStock+1"],"picked":"sneckomod:DefensiveFlair+1","floor":45.0},{"not_picked":["sneckomod:SoulCleanse+1","sneckomod:Cheat","sneckomod:TrashToTreasure+1"],"picked":"Singing Bowl","floor":47.0},{"not_picked":["sneckomod:MixItUp","sneckomod:QuickBite","sneckomod:QuickMove"],"picked":"Singing Bowl","floor":48.0},{"not_picked":["sneckomod:Nope+1","sneckomod:RainOfDice","sneckomod:QuickBite"],"picked":"Singing Bowl","floor":49.0}],"player_experience":3462203,"relics_obtained":[{"floor":7.0,"key":"Singing Bowl"},{"floor":9.0,"key":"Meat on the Bone"},{"floor":12.0,"key":"Odd Mushroom"},{"floor":13.0,"key":"bronze:BronzeIdol"},{"floor":24.0,"key":"Pantograph"},{"floor":31.0,"key":"Guardian:GemstoneGun"},{"floor":38.0,"key":"White Beast Statue"},{"floor":41.0,"key":"Pen Nib"},{"floor":41.0,"key":"Guardian:PocketSentry"},{"floor":47.0,"key":"Old Coin"}],"event_choices":[{"damage_healed":0.0,"max_hp_gain":0.0,"max_hp_loss":0.0,"gold_gain":0.0,"event_name":"Scrap Ooze","player_choice":"Success","floor":8.0,"gold_loss":0.0,"damage_taken":7.0,"relics_obtained":["Frozen Egg 2"]},{"damage_healed":0.0,"max_hp_gain":0.0,"max_hp_loss":0.0,"gold_gain":0.0,"event_name":"Mushrooms","player_choice":"Fought Mushrooms","floor":12.0,"gold_loss":0.0,"damage_taken":0.0}],"is_beta":false,"boss_relics":[{"not_picked":["SacredBark","Calling Bell"],"picked":"Coffee Dripper"},{"not_picked":["Fusion Hammer","Cursed Key"],"picked":"SlaversCollar"}],"items_purged_floors":[5,37,39,46],"is_endless":false,"potions_floor_spawned":[3,12,13,14,16,19,20,21,32,38,39,40,42,44,45,47,48,49],"ascension_level":1}}