{"host":"mkybizqfemywalen","time":1611773729,"event":{"mods":["2.2 Compatiblity","BaseMod","Bestiary","Colored Map","Colored Powertips","Curses Come First","Highlight Path","Keyboard Shortcuts","Minty Spire (QoL Compilation)","Relic Stats","Slay the Relics Exporter","StSLib","SuperFastMode"],"gold_per_floor":[114,114,114,39,39,67,67,81,106,106,132,142,157,172,172,271,321,332,318,44,44,44],"floor_reached":21,"language":"ENG","playtime":1047,"items_purged":["Regret"],"score":289,"play_id":"19e6a909-b715-4370-9b99-a900f6e39a66","local_time":"20210127135529","is_ascension_mode":false,"campfire_choices":[{"data":"Uppercut","floor":7,"key":"SMITH"},{"data":"Shrug It Off","floor":10,"key":"SMITH"},{"data":"Body Slam","floor":15,"key":"SMITH"}],"circlet_count":0,"master_deck":["Strike_R","Strike_R","Strike_R","Strike_R","Defend_R","Defend_R","Defend_R","Defend_R+1","Bash","Uppercut+1","Shrug It Off+1","Inflame+1","Barricade+1","Metallicize+1","Power Through","Body Slam+1","Feed","Rage","True Grit+1","Second Wind","Impervious","Spot Weakness","Fire Breathing+1"],"relics":["Burning Blood","NeowsBlessing","Shuriken","Frozen Egg 2","StoneCalendar","Bag of Preparation","White Beast Statue","Tiny House"],"acts_visited":["Exordium","TheCity"],"potions_floor_usage":[16,21,21,21],"damage_taken":[{"damage":0,"enemies":"Jaw Worm","floor":1,"turns":1},{"damage":0,"enemies":"3 Sentries","floor":6,"turns":2},{"damage":0,"enemies":"Small Slimes","floor":8,"turns":1},{"damage":10,"enemies":"Gremlin Nob","floor":11,"turns":4},{"damage":11,"enemies":"2 Louse","floor":12,"turns":4},{"damage":27,"enemies":"Lots of Slimes","floor":13,"turns":6},{"damage":18,"enemies":"Gremlin Gang","floor":14,"turns":4},{"damage":0,"enemies":"The Guardian","floor":16,"turns":10},{"damage":61,"enemies":"3 Byrds","floor":18,"turns":7},{"damage":29,"enemies":"2 Thieves","floor":19,"turns":4},{"damage":31,"enemies":"Cultist and Chosen","floor":21,"turns":4}],"seed_played":"3566479839338288356","potions_obtained":[{"floor":1,"key":"ColorlessPotion"},{"floor":12,"key":"FearPotion"},{"floor":13,"key":"Energy Potion"},{"floor":14,"key":"EssenceOfSteel"},{"floor":16,"key":"Fire Potion"},{"floor":17,"key":"SteroidPotion"},{"floor":18,"key":"Strength Potion"}],"is_trial":false,"path_per_floor":["M","?","?","$","?","E","R","M","T","R","E","M","M","M","R","B",null,"M","M","$","M"],"character_chosen":"IRONCLAD","items_purchased":["Impervious","Spot Weakness","Fire Breathing+1"],"campfire_rested":0,"item_purchase_floors":[20,20,20],"current_hp_per_floor":[80,80,77,77,77,80,80,80,80,80,76,71,50,38,38,44,85,30,10,10,0,0],"gold":44,"neow_bonus":"THREE_ENEMY_KILL","is_daily":false,"chose_seed":false,"campfire_upgraded":3,"win_rate":0.0,"timestamp":1611773729,"path_taken":["M","?","?","$","?","E","R","M","T","R","E","M","M","?","R","BOSS","M","M","$","?"],"items_purchased_type":["Card","Card","Card"],"build_version":"2020-12-22","purchased_purges":1,"victory":false,"max_hp_per_floor":[80,80,80,80,80,80,80,80,80,80,80,80,80,80,80,80,85,85,88,88,88,88],"relic_stats":{"counters":[11,47],"Shuriken":[1],"StoneCalendar":[53],"Bag of Preparation":[16],"obtain_stats":[{"Tiny House":17,"NeowsBlessing":0,"Shuriken":2,"StoneCalendar":6,"Bag of Preparation":9,"Frozen Egg 2":3,"Burning Blood":0,"White Beast Statue":11},{"Tiny House":8,"NeowsBlessing":0,"Shuriken":1,"StoneCalendar":2,"Bag of Preparation":3,"Frozen Egg 2":1,"Burning Blood":0,"White Beast Statue":4},{"Tiny House":32,"NeowsBlessing":0,"Shuriken":1,"StoneCalendar":3,"Bag of Preparation":4,"Frozen Egg 2":1,"Burning Blood":0,"White Beast Statue":8}],"Burning Blood":45},"card_choices":[{"not_picked":["Perfected Strike","Seeing Red"],"picked":"Uppercut","floor":1},{"not_picked":["Bloodletting","Clothesline"],"picked":"Shrug It Off","floor":6},{"not_picked":["Flex","Blood for Blood"],"picked":"Inflame+1","floor":8},{"not_picked":["Dropkick","Clash"],"picked":"Barricade+1","floor":11},{"not_picked":["Rampage","Sword Boomerang"],"picked":"Metallicize+1","floor":12},{"not_picked":["Havoc","Pommel Strike"],"picked":"Power Through","floor":13},{"not_picked":["Feed","Flex"],"picked":"Body Slam","floor":14},{"not_picked":["Offering","Fiend Fire"],"picked":"Feed","floor":16},{"not_picked":["Sword Boomerang","Dropkick"],"picked":"Rage","floor":17},{"not_picked":["Shockwave","Clash"],"picked":"True Grit+1","floor":18},{"not_picked":["Fire Breathing+1","Flex+1"],"picked":"Second Wind","floor":19}],"player_experience":133193,"relics_obtained":[{"floor":6,"key":"StoneCalendar"},{"floor":9,"key":"Bag of Preparation"},{"floor":11,"key":"White Beast Statue"}],"event_choices":[{"damage_healed":0,"gold_gain":0,"player_choice":"Box","damage_taken":0,"relics_obtained":["Shuriken"],"max_hp_gain":0,"max_hp_loss":0,"event_name":"Big Fish","floor":2,"gold_loss":0,"cards_obtained":["Regret"]},{"damage_healed":0,"gold_gain":0,"player_choice":"Success","damage_taken":3,"relics_obtained":["Frozen Egg 2"],"max_hp_gain":0,"max_hp_loss":0,"event_name":"Scrap Ooze","floor":3,"gold_loss":0},{"cards_removed":["Strike_R"],"damage_healed":0,"gold_gain":0,"player_choice":"Purged","damage_taken":0,"max_hp_gain":0,"max_hp_loss":0,"event_name":"Purifier","floor":5,"gold_loss":0}],"is_beta":false,"boss_relics":[{"not_picked":["Busted Crown","SacredBark"],"picked":"Tiny House"}],"items_purged_floors":[4],"is_endless":false,"potions_floor_spawned":[1,12,13,14,16,18,19],"killed_by":"Cultist and Chosen","ascension_level":0}}