{"host":"8d3fefv2347kqkpz","time":1611756752,"event":{"mods":["AchievementEnabler","Act Like it!","Aspiration","BaseMod","Better Vampires","Colored Map","Colored Powertips","Conspire","GifTheSpireLib","Hermit","Highlight Path","Hubris","Marisa£®ÏF”Í°°ƒß¿Ì…≥£©","Mimic Mod","Minty Spire (QoL Compilation)","Quick Restart","Rare Cards Sparkle","Reimu£®≤©¿ˆ¡È√Œ£©","Relic Stats","Remilia£®¿Ÿ√◊¿Ú—«£©","Replay The Spire","Spicy Shops","StSLib","The Cursed","The Jungle","The Servant 0.9.4","Waifu the Spire","Youmu£®ªÍ∆«—˝√Œ£©"],"gold_per_floor":[112,112,187,205,225,225,242,257,257,271,288,303,56,67,67,166,166,176,176,176,192,205,205,230,55,55,55,68,83,83,102,102,102,102],"floor_reached":33,"language":"ZHS","playtime":1918,"items_purged":["Strike_G","Strike_G"],"score":315,"play_id":"a8aa2e68-ce42-499c-b21e-d9740948ec13","local_time":"20210127221232","is_ascension_mode":false,"campfire_choices":[{"data":"Catalyst","floor":6.0,"key":"SMITH"},{"floor":23.0,"key":"REST"},{"floor":27,"key":"REST"},{"floor":32,"key":"REST"}],"circlet_count":0,"master_deck":["Strike_G","Strike_G","Strike_G","Defend_G","Defend_G","Defend_G","Defend_G","Defend_G","Survivor","Neutralize","Catalyst+1","Deadly Poison+1","Footwork","Venomology","Catalyst","ReplayTheSpireMod:Tripwire","Leg Sweep","ReplayTheSpireMod:Necrosis","Leg Sweep","Blur","Bullet Time","Draining Mist","ReplayTheSpireMod:Tripwire"],"relics":["Ring of the Snake","Paper Crane","Garlic","Nloth\u0027s Gift","aspiration:AnachronicSnailShell","Meat on the Bone"],"acts_visited":["Exordium","TheCity"],"potions_floor_usage":[24,24,28,28,28,33],"damage_taken":[{"damage":0.0,"enemies":"2 Louse","floor":1.0,"turns":2.0},{"damage":3.0,"enemies":"Small Slimes","floor":4.0,"turns":4.0},{"damage":0.0,"enemies":"Cultist","floor":5.0,"turns":4.0},{"damage":7.0,"enemies":"Blue Slaver","floor":7.0,"turns":5.0},{"damage":1.0,"enemies":"3 Louse","floor":8.0,"turns":4.0},{"damage":6.0,"enemies":"Lots of Slimes","floor":10.0,"turns":6.0},{"damage":8.0,"enemies":"Gremlin Gang","floor":11.0,"turns":8.0},{"damage":3.0,"enemies":"Large Slime","floor":12.0,"turns":8.0},{"damage":0.0,"enemies":"Blue Slaver","floor":14.0,"turns":6.0},{"damage":0.0,"enemies":"The Guardian","floor":16.0,"turns":7.0},{"damage":2.0,"enemies":"3 Byrds","floor":18.0,"turns":8.0},{"damage":0.0,"enemies":"conspire:FuzzyDice","floor":21.0,"turns":12.0},{"damage":27.0,"enemies":"Chosen and Byrds","floor":22.0,"turns":11.0},{"damage":53,"enemies":"Gremlin Leader","floor":24,"turns":5},{"damage":37,"enemies":"Cultist and Chosen","floor":28,"turns":16},{"damage":2,"enemies":"Snake Plant","floor":29,"turns":5},{"damage":0,"enemies":"Centurion and Healer","floor":31,"turns":17},{"damage":72,"enemies":"Automaton","floor":33,"turns":13}],"seed_played":"-4698126539335976060","potions_obtained":[{"floor":1.0,"key":"Elixir"},{"floor":4.0,"key":"Reflective Coating"},{"floor":11.0,"key":"FearPotion"},{"floor":12.0,"key":"Explosive Potion"},{"floor":18.0,"key":"PowerPotion"},{"floor":24,"key":"SteroidPotion"},{"floor":28,"key":"Ancient Potion"},{"floor":29,"key":"SteroidPotion"}],"is_trial":false,"path_per_floor":["M","?","?","M","M","R","M","M","T","M","M","M","$","M","R_BF","B",null,"M","?","?","M","M","R","E","$","T","R","M","M","?","M","R","B"],"character_chosen":"THE_SILENT","items_purchased":["Garlic"],"campfire_rested":3,"item_purchase_floors":[13],"current_hp_per_floor":[77,82,74,71,71,71,64,63,63,57,49,46,46,46,70,70,82,80,80,80,80,53,77,24,24,24,48,23,33,33,45,69,0,0],"gold":102,"neow_bonus":"TEN_PERCENT_HP_BONUS","is_daily":false,"chose_seed":false,"campfire_upgraded":1,"win_rate":0.0,"timestamp":1611756752,"path_taken":["M","?","?","M","M","R","M","M","T","M","M","?","$","M","R_BF","BOSS","M","?","?","M","M","R","E","$","T","R","?","?","?","M","R","BOSS"],"items_purchased_type":["Relic"],"build_version":"2020-12-22","purchased_purges":2,"victory":false,"max_hp_per_floor":[77,82,82,82,82,82,82,82,82,82,82,82,82,82,82,82,82,82,82,82,82,82,82,82,82,82,82,82,82,82,82,82,82,82],"relic_stats":{"counters":[18,141],"Nloth\u0027s Gift":4,"obtain_stats":[{"aspiration:AnachronicSnailShell":24,"Honey Jar":17,"Garlic":13,"Nloth\u0027s Gift":20,"Paper Crane":9,"Ring of the Snake":0,"Meat on the Bone":26},{"aspiration:AnachronicSnailShell":14,"Honey Jar":10,"Garlic":8,"Nloth\u0027s Gift":11,"Paper Crane":5,"Ring of the Snake":0,"Meat on the Bone":14},{"aspiration:AnachronicSnailShell":90,"Honey Jar":54,"Garlic":41,"Nloth\u0027s Gift":62,"Paper Crane":19,"Ring of the Snake":0,"Meat on the Bone":90}],"Ring of the Snake":[36],"Meat on the Bone":36},"card_choices":[{"not_picked":["Blur","Prepared"],"picked":"Catalyst","floor":1.0},{"not_picked":["Outmaneuver","conspire:PoisonWeapons"],"picked":"Deadly Poison","floor":4.0},{"not_picked":["Slice","Dagger Throw","Blade Dance"],"picked":"SKIP","floor":5.0},{"not_picked":["Hidden Blade","Acrobatics"],"picked":"Footwork","floor":7.0},{"not_picked":["hubris:SlightOfHand","Acrobatics"],"picked":"Venomology","floor":8.0},{"not_picked":["Slice","Heel Hook"],"picked":"Catalyst","floor":10.0},{"not_picked":["Prepared","Underhanded Strike"],"picked":"ReplayTheSpireMod:Tripwire","floor":11.0},{"not_picked":["Bane","Underhanded Strike"],"picked":"Leg Sweep","floor":12.0},{"not_picked":["Deadly Poison","Backflip","Escape Plan"],"picked":"SKIP","floor":14.0},{"not_picked":["Corpse Explosion","Grand Finale"],"picked":"ReplayTheSpireMod:Necrosis","floor":16.0},{"not_picked":["Dagger Throw","Poisoned Stab","Bane+1"],"picked":"Leg Sweep","floor":18.0},{"not_picked":["Backflip+1","Quick Slash"],"picked":"Blur","floor":21.0},{"not_picked":["Grand Finale","Dagger Throw","Expertise"],"picked":"SKIP","floor":22.0},{"not_picked":["Wraith Form v2","Atom Bomb"],"picked":"Bullet Time","floor":24},{"not_picked":["Expertise","Heel Hook+1"],"picked":"Draining Mist","floor":28},{"not_picked":["Terror+1","Backflip+1","ReplayTheSpireMod:Scrap Shanks"],"picked":"SKIP","floor":29},{"not_picked":["Outmaneuver","Heel Hook+1","Predator"],"picked":"SKIP","floor":31}],"player_experience":207676,"relics_obtained":[{"floor":9.0,"key":"Paper Crane"},{"floor":24,"key":"aspiration:AnachronicSnailShell"},{"floor":26,"key":"Meat on the Bone"}],"event_choices":[{"damage_healed":0.0,"max_hp_gain":5.0,"max_hp_loss":0.0,"gold_gain":0.0,"event_name":"Big Fish","player_choice":"Donut","floor":2.0,"gold_loss":0.0,"damage_taken":0.0},{"damage_healed":0.0,"max_hp_gain":0.0,"max_hp_loss":0.0,"gold_gain":75.0,"event_name":"FaceTrader","player_choice":"Touch","floor":3.0,"gold_loss":0.0,"damage_taken":8.0},{"damage_healed":0.0,"max_hp_gain":0.0,"max_hp_loss":0.0,"gold_gain":0.0,"event_name":"N\u0027loth","player_choice":"Traded Relic","floor":20.0,"relics_lost":["Honey Jar"],"gold_loss":0.0,"damage_taken":0.0,"relics_obtained":["Nloth\u0027s Gift"]}],"is_beta":false,"boss_relics":[{"not_picked":["WristBlade","Snecko Eye"],"picked":"Honey Jar"}],"items_purged_floors":[25,25],"is_endless":false,"potions_floor_spawned":[1,4,11,12,18,24,28,29],"killed_by":"Automaton","ascension_level":0}}