{"host":"st1kg310ms6sytc5","time":1611721742,"event":{"mods":["ATMod(°¢èªMod)","Act Like it!","BaseMod","CapriCore","Dota2Spire","Gensokyo","Minty Spire (QoL Compilation)","StSLib","SuperFastMode","[IsaacMod]ÒÔÈö¼âËþ","¡¾ÒÅÎï¿¨ÅÆ¡¿REMEMod"],"gold_per_floor":[112,112,132,145,95,95,125,125,125,150,167,202,202,217,217,322,322,333,248,347,358,375,401,401,430,430,430,119,119,150,165,165,267,267,281,296,307,307,7,7,42,57,57,84,98,148,173,190,190,220,220,220,19,50,64,64],"floor_reached":55,"language":"ZHS","playtime":2512,"items_purged":["Strike_G","Strike_G","Strike_G","Strike_G"],"score":1392,"play_id":"227a475a-65e4-476f-bf42-c576bf4c5e63","local_time":"20210127122902","is_ascension_mode":true,"campfire_choices":[{"data":"AT_DivineConfetti","floor":6.0,"key":"SMITH"},{"data":"Prepared","floor":8.0,"key":"SMITH"},{"data":"AT_Desolate","floor":15.0,"key":"SMITH"},{"data":"AT_KingSlayer","floor":24.0,"key":"SMITH"},{"data":"Calculated Gamble","floor":32.0,"key":"SMITH"},{"floor":40.0,"key":"RECALL"},{"data":"After Image","floor":49.0,"key":"SMITH"},{"data":"Expertise","floor":52.0,"key":"SMITH"}],"circlet_count":0,"master_deck":["Strike_G+1","Defend_G","Defend_G+1","Defend_G","Defend_G","Defend_G","Survivor","Neutralize","AT_DivineConfetti+1","Leg Sweep","Prepared+1","Dash+1","Strike_G","Well Laid Plans","AT_WindFlip","AT_Desolate+1","Corpse Explosion","After Image+1","AT_KingSlayer+1","Reflex","Tactician+1","Calculated Gamble+1","REME_FirmDetermination","AT_TwilightShroud","Blade Dance+1","Expertise+1","Reflex"],"relics":["Ring of the Snake","AT_ATBox","HushsDoor","REME_ComplimentaryCards","Damocles","NeowsBlessing","Art of War","AT_GuinsooRageblade","Pen Nib","Juzu Bracelet","Whetstone","AT_ImmortalShieldbow","Thread and Needle","Dota2Spire:AssaultCuirass","REME_PoisonedDagger","PillsDrop","AT_SeraphEmbrace","Dota2Spire:Bloodstone","DeathBook","Happy Flower","TungstenRod","Blood Vial","War Paint","AT_RedNoBalance","REME_IWantAll","SharpPlug","SalivaCoin","Dota2Spire:MonkeyKingBar","AT_EbonyIvory","Dota2Spire:ArmletOfMordiggian","REME_HandOfSuture","Dream Catcher","Coffee Dripper","GuppysPaw","GuppysCollar","AT_BellowingDragoncrestRing","White Beast Statue","Unceasing Top","Turnip","Regal Pillow","Bag of Preparation","Dota2Spire:DrumOfEndurance","Mercury Hourglass","AT_SilvercatRing","TheBean","Dota2Spire:HandOfMidas","Sundial","AT_RabadonDeathcap","Dota2Spire:PhaseBoots","HornCleat","Membership Card","InkBottle","Centennial Puzzle"],"acts_visited":["Exordium","TheCity","Gensokyo:Gensokyoest","TheEnding"],"potions_floor_usage":[55,55,55,55,55,55],"damage_taken":[{"damage":0.0,"enemies":"Cultist","floor":1.0,"turns":1.0},{"damage":0.0,"enemies":"2 Louse","floor":3.0,"turns":1.0},{"damage":0.0,"enemies":"Small Slimes","floor":4.0,"turns":1.0},{"damage":17.0,"enemies":"Gremlin Nob","floor":7.0,"turns":4.0},{"damage":0.0,"enemies":"Lagavulin","floor":10.0,"turns":4.0},{"damage":0.0,"enemies":"Exordium Wildlife","floor":11.0,"turns":5.0},{"damage":0.0,"enemies":"Gremlin Nob","floor":12.0,"turns":3.0},{"damage":0.0,"enemies":"Looter","floor":14.0,"turns":2.0},{"damage":0.0,"enemies":"Slime Boss","floor":16.0,"turns":4.0},{"damage":0.0,"enemies":"2 Thieves","floor":18.0,"turns":2.0},{"damage":0.0,"enemies":"Spheric Guardian","floor":21.0,"turns":4.0},{"damage":0.0,"enemies":"Centurion and Healer","floor":22.0,"turns":4.0},{"damage":0.0,"enemies":"Gremlin Leader","floor":23.0,"turns":6.0},{"damage":0.0,"enemies":"Slavers","floor":25.0,"turns":2.0},{"damage":0.0,"enemies":"Gremlin Leader","floor":27.0,"turns":6.0},{"damage":0.0,"enemies":"REME_1_Revenger","floor":30.0,"turns":3.0},{"damage":0.0,"enemies":"3 Cultists","floor":31.0,"turns":3.0},{"damage":0.0,"enemies":"Automaton","floor":33.0,"turns":7.0},{"damage":0.0,"enemies":"Gensokyo:3_Bats","floor":35.0,"turns":1.0},{"damage":0.0,"enemies":"Gensokyo:AncientGuardian","floor":36.0,"turns":1.0},{"damage":0.0,"enemies":"Gensokyo:3_Boulders","floor":37.0,"turns":5.0},{"damage":0.0,"enemies":"Gensokyo:Marisa","floor":41.0,"turns":4.0},{"damage":0.0,"enemies":"Gensokyo:Rafflesia","floor":42.0,"turns":3.0},{"damage":0.0,"enemies":"Gensokyo:Kasen","floor":44.0,"turns":2.0},{"damage":0.0,"enemies":"Gensokyo:AtlasGolem","floor":45.0,"turns":3.0},{"damage":0.0,"enemies":"Gensokyo:Sharpion","floor":46.0,"turns":2.0},{"damage":0.0,"enemies":"Gensokyo:Marisa","floor":47.0,"turns":2.0},{"damage":0.0,"enemies":"Gensokyo:Rafflesia","floor":48.0,"turns":2.0},{"damage":0.0,"enemies":"Gensokyo:Yuyuko","floor":50.0,"turns":2.0},{"damage":0.0,"enemies":"Shield and Spear","floor":54.0,"turns":2.0},{"damage":27,"enemies":"Delirium","floor":55,"turns":4}],"seed_played":"3263375133139175948","potions_obtained":[{"floor":3.0,"key":"Dota2Spire:HealingSalve"},{"floor":7.0,"key":"CunningPotion"},{"floor":14.0,"key":"ColorlessPotion"},{"floor":16.0,"key":"SmokeBomb"},{"floor":18.0,"key":"SneckoOil"},{"floor":22.0,"key":"CunningPotion"},{"floor":30.0,"key":"Dexterity Potion"},{"floor":36.0,"key":"Strength Potion"},{"floor":37.0,"key":"PowerPotion"},{"floor":48.0,"key":"EntropicBrew"}],"is_trial":false,"path_per_floor":["M","?","M","M","?","R","E","R","T","E","M","E","?","M","R","B",null,"M","?","?","M","M","E","R","E","T","E","$","?","E","M","R","B",null,"M","M","M","?","$","R","E","M","T","E","M","M","E","M","R","B",null,"R","$","E","B"],"character_chosen":"THE_SILENT","items_purchased":["DeathBook","After Image","AT_KingSlayer","Reflex","AT_EbonyIvory","REME_FirmDetermination","GuppysPaw","GuppysCollar","Turnip","Membership Card"],"campfire_rested":0,"item_purchase_floors":[17,17,17,17,28,28,34,34,39,53],"current_hp_per_floor":[70,70,70,70,70,70,53,53,53,53,53,53,53,53,53,53,45,45,45,45,45,45,45,45,24,24,24,24,24,24,24,24,24,15,9,9,9,9,9,9,9,9,9,9,9,11,13,15,15,15,15,15,15,15,0,0],"gold":64,"neow_bonus":"THREE_ENEMY_KILL","is_daily":false,"chose_seed":false,"campfire_upgraded":7,"win_rate":0.0,"timestamp":1611721742,"path_taken":["M","?","M","M","?","R","E","R","T","E","M","E","?","M","R","BOSS","M","?","?","M","M","E","R","E","T","E","?","?","E","M","R","BOSS","M","M","M","?","$","R","E","M","T","E","M","M","E","M","R","BOSS","R","$","E","BOSS"],"items_purchased_type":["Relic","Card","Card","Card","Relic","Card","Relic","Relic","Relic","Relic"],"build_version":"2020-12-22","purchased_purges":4,"victory":false,"max_hp_per_floor":[70,70,70,70,70,70,70,70,70,70,70,70,70,70,70,70,45,45,45,45,45,45,45,45,45,45,45,45,45,45,45,45,45,15,15,15,15,15,15,15,15,15,15,15,15,15,15,15,15,15,15,15,15,15,15,15],"card_choices":[{"not_picked":[],"picked":"Bomb","floor":0.0},{"not_picked":["Quick Slash","Outmaneuver"],"picked":"Leg Sweep","floor":1.0},{"not_picked":["Blur","PiercingWail"],"picked":"Prepared","floor":3.0},{"not_picked":["PiercingWail","Prepared"],"picked":"Dash","floor":4.0},{"not_picked":["Sucker Punch","Underhanded Strike","A Thousand Cuts"],"picked":"SKIP","floor":7.0},{"not_picked":["Choke","Backstab"],"picked":"Well Laid Plans","floor":10.0},{"not_picked":["AT_TinkerSharpsword","Deflect"],"picked":"AT_WindFlip","floor":11.0},{"not_picked":["Underhanded Strike","Bane","Concentrate"],"picked":"SKIP","floor":12.0},{"not_picked":["Acrobatics","Bouncing Flask"],"picked":"AT_Desolate","floor":14.0},{"not_picked":["REME_ShadowForm","REME_CopyPotion"],"picked":"Corpse Explosion","floor":16.0},{"not_picked":["Quick Slash","Catalyst","Poisoned Stab+1"],"picked":"SKIP","floor":18.0},{"not_picked":["AT_KneejerkReflex+1","AT_ThistleTea","Slice"],"picked":"SKIP","floor":21.0},{"not_picked":["Blade Dance","Skewer+1"],"picked":"Tactician","floor":22.0},{"not_picked":["Dagger Spray","Predator","Endless Agony"],"picked":"SKIP","floor":23.0},{"not_picked":["Heel Hook+1","Tactician+1"],"picked":"Calculated Gamble","floor":25.0},{"not_picked":["Backflip","PiercingWail","AT_TinkerSharpsword"],"picked":"SKIP","floor":30.0},{"not_picked":["Well Laid Plans","Crippling Poison"],"picked":"AT_TwilightShroud","floor":31.0},{"not_picked":["Calculated Gamble","REME_GreenPollution"],"picked":"Blade Dance+1","floor":35.0},{"not_picked":["Flying Knee","Prepared","Quick Slash+1"],"picked":"SKIP","floor":36.0},{"not_picked":["AT_TinkerSharpsword+1","Underhanded Strike+1","AT_WindFlip+1"],"picked":"SKIP","floor":37.0},{"not_picked":["AT_WindFlip+1","AT_FocusSwordFire","Dodge and Roll"],"picked":"SKIP","floor":41.0},{"not_picked":["Skewer","Wraith Form v2","Sucker Punch+1"],"picked":"SKIP","floor":42.0},{"not_picked":["Outmaneuver","Deflect","AT_WindFlip"],"picked":"SKIP","floor":44.0},{"not_picked":["Deflect+1","Catalyst+1"],"picked":"Expertise","floor":45.0},{"not_picked":["AT_KingSlayer","Expertise+1","Prepared"],"picked":"SKIP","floor":46.0},{"not_picked":["Distraction","Leg Sweep","Quick Slash+1"],"picked":"SKIP","floor":47.0},{"not_picked":["Prepared+1","Slice+1"],"picked":"Reflex","floor":48.0},{"not_picked":["Blade Dance","Quick Slash","Bane+1"],"picked":"SKIP","floor":54.0}],"player_experience":1375913,"relics_obtained":[{"floor":1.0,"key":"Art of War"},{"floor":3.0,"key":"AT_GuinsooRageblade"},{"floor":4.0,"key":"Pen Nib"},{"floor":7.0,"key":"Juzu Bracelet"},{"floor":7.0,"key":"Whetstone"},{"floor":10.0,"key":"AT_ImmortalShieldbow"},{"floor":10.0,"key":"Thread and Needle"},{"floor":11.0,"key":"Dota2Spire:AssaultCuirass"},{"floor":12.0,"key":"REME_PoisonedDagger"},{"floor":12.0,"key":"PillsDrop"},{"floor":14.0,"key":"AT_ArchangelStaff"},{"floor":18.0,"key":"Happy Flower"},{"floor":21.0,"key":"Blood Vial"},{"floor":22.0,"key":"War Paint"},{"floor":23.0,"key":"AT_SilverBalance"},{"floor":23.0,"key":"REME_IWantAll"},{"floor":25.0,"key":"SharpPlug"},{"floor":25.0,"key":"SalivaCoin"},{"floor":26.0,"key":"Dota2Spire:MonkeyKingBar"},{"floor":30.0,"key":"Dota2Spire:ArmletOfMordiggian"},{"floor":30.0,"key":"REME_HandOfSuture"},{"floor":31.0,"key":"Dream Catcher"},{"floor":35.0,"key":"AT_BellowingDragoncrestRing"},{"floor":36.0,"key":"White Beast Statue"},{"floor":37.0,"key":"Unceasing Top"},{"floor":41.0,"key":"Regal Pillow"},{"floor":41.0,"key":"Bag of Preparation"},{"floor":42.0,"key":"Dota2Spire:DrumOfEndurance"},{"floor":43.0,"key":"Mercury Hourglass"},{"floor":44.0,"key":"AT_SilvercatRing"},{"floor":44.0,"key":"TheBean"},{"floor":45.0,"key":"Dota2Spire:HandOfMidas"},{"floor":46.0,"key":"Sundial"},{"floor":47.0,"key":"AT_RabadonDeathcap"},{"floor":47.0,"key":"Dota2Spire:PhaseBoots"},{"floor":48.0,"key":"HornCleat"},{"floor":54.0,"key":"InkBottle"},{"floor":54.0,"key":"Centennial Puzzle"}],"event_choices":[{"damage_healed":0.0,"max_hp_gain":0.0,"max_hp_loss":0.0,"gold_gain":0.0,"event_name":"The Woman in Blue","player_choice":"Bought 0 Potions","floor":2.0,"gold_loss":0.0,"damage_taken":0.0},{"damage_healed":0.0,"max_hp_gain":0.0,"max_hp_loss":0.0,"gold_gain":0.0,"event_name":"Scrap Ooze","player_choice":"Fled","floor":13.0,"gold_loss":0.0,"damage_taken":0.0},{"damage_healed":0.0,"max_hp_gain":0.0,"max_hp_loss":0.0,"gold_gain":0.0,"event_name":"Addict","player_choice":"Obtained Relic","floor":19.0,"gold_loss":85.0,"damage_taken":0.0,"relics_obtained":["TungstenRod"]},{"damage_healed":0.0,"max_hp_gain":0.0,"max_hp_loss":0.0,"gold_gain":99.0,"event_name":"Nest","player_choice":"Stole From Cult","floor":20.0,"gold_loss":0.0,"damage_taken":0.0},{"damage_healed":0.0,"max_hp_gain":0.0,"max_hp_loss":0.0,"gold_gain":0.0,"event_name":"Vampires","player_choice":"Ignored","floor":29.0,"gold_loss":0.0,"damage_taken":0.0}],"is_beta":false,"boss_relics":[{"not_picked":["HoveringKite","Sozu"],"picked":"Dota2Spire:Bloodstone"},{"not_picked":[]},{"not_picked":["SlaversCollar","Ring of the Serpent"],"picked":"Coffee Dripper"},{"not_picked":[]}],"items_purged_floors":[17,28,34,53],"is_endless":false,"potions_floor_spawned":[3,7,14,16,18,22,30,36,37,41,42,44,45,46,47,48,54],"killed_by":"Delirium","ascension_level":1}}