{"host":"e326moqq81vao3qq","time":1611778053,"event":{"mods":["BaseMod","Colored Powertips","Highlight Path","Minty Spire (QoL Compilation)","Quick Restart","Relic Stats","Spicy Shops","StSLib","The Druid"],"gold_per_floor":[114,134,87,162,162,162,162,162],"floor_reached":7,"language":"ENG","playtime":283,"items_purged":[],"score":43,"play_id":"5bbb53b2-b71b-47cb-8e96-4f9c93dc5e06","local_time":"20210127150733","is_ascension_mode":true,"campfire_choices":[{"data":"theDruid:BriarArmor","floor":6,"key":"SMITH"}],"circlet_count":0,"master_deck":["theDruid:Strike_O","theDruid:Strike_O","theDruid:Strike_O","theDruid:Strike_O","theDruid:Defend_O","theDruid:Defend_O","theDruid:Defend_O","theDruid:Defend_O","theDruid:BriarArmor+1","theDruid:WildSlash","theDruid:BloodiedFur","theDruid:BloodiedFur","theDruid:BloodiedFur","theDruid:WallofRoots","theDruid:BriarArmor"],"relics":["Coffee Dripper"],"acts_visited":["Exordium"],"potions_floor_usage":[],"damage_taken":[{"damage":0,"enemies":"Small Slimes","floor":1,"turns":3},{"damage":0,"enemies":"Cultist","floor":2,"turns":4},{"damage":85,"enemies":"Gremlin Nob","floor":7,"turns":6}],"seed_played":"5700782646999379679","potions_obtained":[{"floor":2,"key":"GamblersBrew"}],"is_trial":false,"path_per_floor":["M","M","$","?","?","R","E"],"character_chosen":"DRUID","items_purchased":["theDruid:BloodiedFur"],"campfire_rested":0,"item_purchase_floors":[3],"current_hp_per_floor":[75,75,75,64,64,64,0,0],"gold":162,"neow_bonus":"BOSS_RELIC","is_daily":false,"chose_seed":false,"campfire_upgraded":1,"win_rate":0.0,"timestamp":1611778053,"path_taken":["M","M","$","?","?","R","E"],"items_purchased_type":["Card"],"build_version":"2020-12-22","purchased_purges":0,"victory":false,"max_hp_per_floor":[75,75,75,75,75,75,75,75],"relic_stats":{"counters":[3,13],"obtain_stats":[{"Coffee Dripper":0,"theDruid:CrownOfTheWilds":0},{"Coffee Dripper":0,"theDruid:CrownOfTheWilds":0},{"Coffee Dripper":0,"theDruid:CrownOfTheWilds":0}]},"card_choices":[{"not_picked":["theDruid:PlagueClaw","theDruid:Guidance"],"picked":"theDruid:BloodiedFur","floor":1},{"not_picked":["theDruid:Swipe","theDruid:LunarScythe"],"picked":"theDruid:BloodiedFur","floor":2}],"player_experience":257506,"relics_obtained":[],"event_choices":[{"damage_healed":0,"gold_gain":75,"player_choice":"Gather Gold","damage_taken":11,"max_hp_gain":0,"max_hp_loss":0,"event_name":"World of Goop","floor":4,"gold_loss":0},{"damage_healed":0,"gold_gain":0,"player_choice":"2 cards matched","damage_taken":0,"max_hp_gain":0,"max_hp_loss":0,"event_name":"Match and Keep!","floor":5,"gold_loss":0,"cards_obtained":["theDruid:WallofRoots","theDruid:BriarArmor"]}],"is_beta":false,"boss_relics":[],"items_purged_floors":[],"is_endless":false,"potions_floor_spawned":[2],"killed_by":"Gremlin Nob","ascension_level":2}}