{"host":"8uihyzx2cncbsjod","time":1611771114,"event":{"mods":["BaseMod","Custom Start","Downfall","Hermit","Minty Spire (QoL Compilation)","StSLib","egg"],"gold_per_floor":[111,130,147,422,443,443,462,54,136,160,194,213,213,213,213,213,213],"floor_reached":16,"language":"ENG","playtime":835,"items_purged":["hermit:Strike_Hermit"],"score":104,"play_id":"fd13335f-561d-4ee5-ae09-f90821318b47","local_time":"20210127131154","is_ascension_mode":false,"campfire_choices":[{"floor":6,"key":"REST"},{"data":"hermit:OverwhelmingPower","floor":13,"key":"SMITH"},{"floor":15,"key":"REST"}],"circlet_count":0,"master_deck":["hermit:Strike_Hermit","hermit:Strike_Hermit","hermit:Strike_Hermit","hermit:Defend_Hermit","hermit:Defend_Hermit","hermit:Defend_Hermit","hermit:Defend_Hermit","hermit:Snapshot","hermit:Covet","hermit:Scavenge","hermit:CursedWeapon","Regret","hermit:Deadeye","hermit:ShadowCloak","hermit:OverwhelmingPower+1","Injury"],"relics":["hermit:Momento","Peace Pipe","hermit:Horseshoe","Bottled Tornado","Pocketwatch","Golden Idol"],"acts_visited":["Exordium"],"potions_floor_usage":[11,11],"damage_taken":[{"damage":1,"enemies":"Cultist","floor":1,"turns":3},{"damage":0,"enemies":"Small Slimes","floor":2,"turns":3},{"damage":2,"enemies":"2 Louse","floor":3,"turns":3},{"damage":22,"enemies":"Large Slime","floor":5,"turns":9},{"damage":5,"enemies":"Looter","floor":7,"turns":3},{"damage":3,"enemies":"2 Fungi Beasts","floor":10,"turns":4},{"damage":7,"enemies":"3 Sentries","floor":11,"turns":8},{"damage":6,"enemies":"Exordium Thugs","floor":12,"turns":4},{"damage":58,"enemies":"Slime Boss","floor":16,"turns":11}],"seed_played":"-4243994642162373705","potions_obtained":[{"floor":2,"key":"SpeedPotion"},{"floor":3,"key":"Guardian:BlockOnCardUsePotion"},{"floor":5,"key":"Ancient Potion"},{"floor":10,"key":"Guardian:BlockOnCardUsePotion"}],"is_trial":false,"path_per_floor":["M","M","M","?","M","R","M","$","T","M","E","M","R","?","R","B"],"character_chosen":"HERMIT","items_purchased":["hermit:Horseshoe","hermit:ShadowCloak"],"campfire_rested":2,"item_purchase_floors":[8,8],"current_hp_per_floor":[53,53,51,51,29,51,46,46,46,43,36,30,30,30,52,0,0],"gold":213,"neow_bonus":"ONE_RARE_RELIC","is_daily":false,"chose_seed":false,"campfire_upgraded":1,"win_rate":0.0,"timestamp":1611771114,"path_taken":["M","?","M","?","M","R","M","$","T","?","E","M","R","?","R","BOSS"],"items_purchased_type":["Relic","Card"],"build_version":"2020-12-22","purchased_purges":1,"victory":false,"max_hp_per_floor":[75,75,75,75,75,75,75,75,75,75,75,75,75,75,75,75,75],"card_choices":[{"not_picked":["hermit:Ricochet","hermit:TakeAim"],"picked":"hermit:Scavenge","floor":1},{"not_picked":["hermit:Ricochet","hermit:Snipe"],"picked":"hermit:CursedWeapon","floor":2},{"not_picked":["hermit:Roulette","hermit:Feint","hermit:Glare"],"picked":"SKIP","floor":3},{"not_picked":["hermit:Feint","hermit:Scavenge"],"picked":"hermit:Deadeye","floor":5},{"not_picked":["hermit:Ricochet","hermit:Shortfuse","hermit:TrackingShot"],"picked":"SKIP","floor":7},{"not_picked":["hermit:BigShot","hermit:WideOpen","hermit:Desperado"],"picked":"SKIP","floor":10},{"not_picked":["hermit:Dive","hermit:BigShot"],"picked":"hermit:OverwhelmingPower","floor":11},{"not_picked":["hermit:SprayPray","hermit:Malice","hermit:LoneWolf"],"picked":"SKIP","floor":12}],"player_experience":622572,"relics_obtained":[{"floor":9,"key":"Bottled Tornado"},{"floor":11,"key":"Pocketwatch"}],"event_choices":[{"damage_healed":0,"gold_gain":275,"player_choice":"Desecrate","damage_taken":0,"max_hp_gain":0,"max_hp_loss":0,"event_name":"Golden Shrine","floor":4,"gold_loss":0,"cards_obtained":["Regret"]},{"damage_healed":0,"gold_gain":0,"player_choice":"Take Wound","damage_taken":0,"relics_obtained":["Golden Idol"],"max_hp_gain":0,"max_hp_loss":0,"event_name":"Golden Idol","floor":14,"gold_loss":0,"cards_obtained":["Injury"]}],"is_beta":false,"boss_relics":[],"items_purged_floors":[8],"is_endless":false,"potions_floor_spawned":[2,3,5,10],"killed_by":"Slime Boss","ascension_level":0}}