{"host":"Ringo","time":1611739835,"event":{"mods":["BaseMod","Colored Map","Conspire","Dota2Spire","Minty Spire (QoL Compilation)","Replay The Spire","StSLib","[IsaacMod]ÒÔÈö¼âËþ","¡¾ÒÅÎï¿¨ÅÆ¡¿REMEMod"],"gold_per_floor":[111,128,142,155,173,204,231,241,287,316,328,359,359,99,99,99,99],"floor_reached":16,"language":"ZHS","playtime":400,"items_purged":[],"score":518,"play_id":"f436c8a5-5205-42ef-921f-f8946cd96723","local_time":"20210127173035","daily_mods":["Draft","Vintage","Diverse","Heirloom","Time Dilation","Flight","DeadlyEvents","Elite Swarm","Lethality","Binary"],"is_ascension_mode":true,"campfire_choices":[{"data":"Beam Cell","floor":13,"key":"SMITH"},{"data":"Twin Strike","floor":15,"key":"SMITH"}],"circlet_count":0,"master_deck":["AscendersBane","Beam Cell+1","Indignation","FlurryOfBlows","Cloak And Dagger","FollowUp","Dagger Throw","Sweeping Beam","Clash","Flying Knee","Twin Strike+1","Footwork","CrushJoints","Dodge and Roll","PathToVictory","Replay:ManipulateFuture","Flash of Steel"],"relics":["Burning Blood","Busted Crown","HushsDoor","KeepersGift","REME_ComplimentaryCards","replay:Trail_Library","Damocles","Oddly Smooth Stone","PunchingBag","Replay:Wax Seal","Dota2Spire:Vanguard","Dota2Spire:MonkeyKingBar","Snack Pack","AnarchistCookbook","REME_HourglassOfDeath","TheBean","ReplayTheSpireMod:TigerMarble","Durian","BloodDonationMachine","Dream Catcher","Du-Vu Doll","Centennial Puzzle","Replay:Bottled Steam","Dota2Spire:ArmletOfMordiggian","Pen Nib","Replay:Multitool","Darkstone Periapt","Shuriken","Tiny Chest","Dota2Spire:EtherealBlade","Replay:Mystery Machine"],"acts_visited":["Exordium"],"potions_floor_usage":[],"damage_taken":[{"damage":0,"enemies":"Jaw Worm","floor":1,"turns":1},{"damage":0,"enemies":"Cultist","floor":2,"turns":1},{"damage":0,"enemies":"2 Louse","floor":3,"turns":1},{"damage":0,"enemies":"Looter","floor":4,"turns":1},{"damage":0,"enemies":"2 Fungi Beasts","floor":5,"turns":1},{"damage":0,"enemies":"Lagavulin","floor":6,"turns":2},{"damage":0,"enemies":"Replay:BlueRogue","floor":7,"turns":1},{"damage":0,"enemies":"Large Slime","floor":8,"turns":2},{"damage":0,"enemies":"Gremlin Nob","floor":10,"turns":2},{"damage":7,"enemies":"Blue Slaver","floor":11,"turns":2},{"damage":0,"enemies":"Replay:BlueRogue","floor":12,"turns":1},{"damage":1,"enemies":"Hexaghost","floor":16,"turns":2}],"seed_played":"90995672828277409","potions_obtained":[{"floor":2,"key":"SpeedPotion"},{"floor":3,"key":"SpeedPotion"}],"is_trial":true,"path_per_floor":["M","M","M","M","M","E","E","M","T","E","M","E","R","$","R","B"],"character_chosen":"IRONCLAD","items_purchased":["Replay:Mystery Machine","Flash of Steel"],"campfire_rested":0,"item_purchase_floors":[14,14],"current_hp_per_floor":[74,75,75,75,75,80,80,80,80,80,79,80,80,80,80,0,0],"gold":99,"neow_bonus":"","is_daily":false,"chose_seed":false,"campfire_upgraded":2,"win_rate":0.0,"timestamp":1611739835,"path_taken":["M","M","M","M","M","E","E","M","T","E","M","E","R","$","R","BOSS"],"items_purchased_type":["Relic","Card"],"build_version":"2020-12-18","purchased_purges":0,"victory":false,"max_hp_per_floor":[75,75,75,75,75,80,80,80,80,80,80,80,80,80,80,80,80],"card_choices":[{"not_picked":[],"picked":"Bomb","floor":0},{"not_picked":["Rebound","Headbutt"],"picked":"Beam Cell","floor":0},{"not_picked":["Well Laid Plans","Wild Strike"],"picked":"Indignation","floor":0},{"not_picked":["Halt","Underhanded Strike"],"picked":"FlurryOfBlows","floor":0},{"not_picked":["ReplayTheSpireMod:Speed Training","Flying Knee"],"picked":"Cloak And Dagger","floor":0},{"not_picked":["Flying Knee","Backstab"],"picked":"FollowUp","floor":0},{"not_picked":["Wild Strike","Replay:ManipulateFuture"],"picked":"Dagger Throw","floor":0},{"not_picked":["Wallop","Panic Button"],"picked":"Sweeping Beam","floor":0},{"not_picked":["Hologram","Replay:BluntJabs"],"picked":"Clash","floor":0},{"not_picked":["Panic Button","Protect"],"picked":"Flying Knee","floor":0},{"not_picked":["BowlingBash","Meditate"],"picked":"Twin Strike","floor":0},{"not_picked":["CarveReality","DeceiveReality"],"picked":"Footwork","floor":0},{"not_picked":["Redo","EmptyFist"],"picked":"CrushJoints","floor":0},{"not_picked":["Stack","Hidden Blade"],"picked":"Dodge and Roll","floor":0},{"not_picked":["Halt","SashWhip"],"picked":"PathToVictory","floor":0},{"not_picked":["Turbo","Ball Lightning"],"picked":"Replay:ManipulateFuture","floor":0}],"player_experience":570076,"relics_obtained":[{"floor":1,"key":"Oddly Smooth Stone"},{"floor":1,"key":"PunchingBag"},{"floor":2,"key":"Replay:Wax Seal"},{"floor":2,"key":"Dota2Spire:Vanguard"},{"floor":3,"key":"Dota2Spire:MonkeyKingBar"},{"floor":3,"key":"Snack Pack"},{"floor":4,"key":"AnarchistCookbook"},{"floor":4,"key":"REME_HourglassOfDeath"},{"floor":5,"key":"TheBean"},{"floor":5,"key":"ReplayTheSpireMod:TigerMarble"},{"floor":6,"key":"Durian"},{"floor":6,"key":"BloodDonationMachine"},{"floor":7,"key":"Dream Catcher"},{"floor":7,"key":"Du-Vu Doll"},{"floor":8,"key":"Centennial Puzzle"},{"floor":8,"key":"Replay:Bottled Steam"},{"floor":9,"key":"Dota2Spire:ArmletOfMordiggian"},{"floor":10,"key":"Pen Nib"},{"floor":10,"key":"Replay:Multitool"},{"floor":11,"key":"Darkstone Periapt"},{"floor":11,"key":"Shuriken"},{"floor":12,"key":"Tiny Chest"},{"floor":12,"key":"Dota2Spire:EtherealBlade"}],"event_choices":[],"is_beta":true,"boss_relics":[],"items_purged_floors":[],"is_endless":false,"potions_floor_spawned":[2,3,6,10,11],"killed_by":"Hexaghost","ascension_level":20}}