{"host":"iphsb0ccnjx0pfn6","time":1611747995,"event":{"mods":["2.2 Compatiblity","AchievementEnabler","BaseMod","Colored Map","DeckTracker","Keyboard Shortcuts","Minty Spire (QoL Compilation)","Permanent Neow","Quick Restart","Relic Stats","StSLib","SuperFastMode","Uncapped","everything is the same but u backflip on backflip"],"gold_per_floor":[17,30,30,42,56,83,96,96,96,96,127,147,172,172,172,249,249,267,278,166,216,226,252,252,252,252],"floor_reached":25,"language":"KOR","playtime":872,"items_purged":["Defend_P"],"score":686,"play_id":"ea88936a-59c7-4964-a58d-688200a6bb1d","local_time":"20210127204635","is_ascension_mode":true,"campfire_choices":[{"floor":8.0,"key":"REST"},{"data":"FearNoEvil","floor":10.0,"key":"SMITH"},{"data":"Vigilance","floor":15.0,"key":"SMITH"},{"data":"Omniscience","floor":24.0,"key":"SMITH"}],"circlet_count":0,"master_deck":["AscendersBane","Strike_P+1","Defend_P+1","Defend_P+1","Eruption+1","Vigilance+1","LessonLearned+1","FearNoEvil+1","Indignation+1","Adaptation+1","Wallop+1","Omniscience+1","Pray+1","Brilliance+1","Brilliance+1","MentalFortress","MentalFortress"],"relics":["PureWater","Eternal Feather","Mercury Hourglass","Lantern","Meat on the Bone","Lizard Tail","Astrolabe","Pen Nib"],"acts_visited":["Exordium","TheCity"],"potions_floor_usage":[],"damage_taken":[{"damage":1.0,"enemies":"Cultist","floor":1.0,"turns":4.0},{"damage":18.0,"enemies":"Jaw Worm","floor":2.0,"turns":6.0},{"damage":12.0,"enemies":"Small Slimes","floor":4.0,"turns":3.0},{"damage":0.0,"enemies":"2 Fungi Beasts","floor":5.0,"turns":3.0},{"damage":14.0,"enemies":"Gremlin Nob","floor":6.0,"turns":3.0},{"damage":5.0,"enemies":"3 Louse","floor":7.0,"turns":3.0},{"damage":9.0,"enemies":"3 Sentries","floor":11.0,"turns":5.0},{"damage":5.0,"enemies":"Looter","floor":12.0,"turns":3.0},{"damage":0.0,"enemies":"Gremlin Nob","floor":13.0,"turns":3.0},{"damage":0.0,"enemies":"The Guardian","floor":16.0,"turns":10.0},{"damage":0.0,"enemies":"Spheric Guardian","floor":18.0,"turns":2.0},{"damage":0.0,"enemies":"2 Thieves","floor":19.0,"turns":1.0},{"damage":36.0,"enemies":"Shelled Parasite and Fungi","floor":22.0,"turns":3.0},{"damage":17.0,"enemies":"Gremlin Leader","floor":23.0,"turns":5.0},{"damage":0,"enemies":"Slavers","floor":25,"turns":1}],"seed_played":"2531385830350610648","potions_obtained":[{"floor":6.0,"key":"Weak Potion"},{"floor":11.0,"key":"StancePotion"},{"floor":12.0,"key":"AttackPotion"},{"floor":13.0,"key":"EntropicBrew"}],"is_trial":false,"path_per_floor":["M","M","?","M","M","E","M","R","T","R","E","M","E","?","R","B",null,"M","M","$","?","M","E","R","E"],"character_chosen":"WATCHER","items_purchased":["MentalFortress"],"campfire_rested":1,"item_purchase_floors":[20],"current_hp_per_floor":[60,42,42,30,30,16,11,37,37,43,34,29,29,29,38,38,61,61,61,61,61,37,32,41,41,41],"gold":252,"neow_bonus":"THREE_RARE_CARDS","is_daily":false,"chose_seed":false,"campfire_upgraded":3,"win_rate":0.0,"timestamp":1611747995,"path_taken":["M","M","?","M","?","E","M","R","T","R","E","M","E","?","R","BOSS","M","M","$","?","?","E","R","E"],"items_purchased_type":["Card"],"build_version":"2020-12-22","purchased_purges":1,"victory":false,"max_hp_per_floor":[68,68,68,68,68,68,68,68,68,68,68,68,68,68,68,68,68,68,68,68,68,68,68,68,68,68],"relic_stats":{"Lizard Tail":0,"counters":[15,54],"Astrolabe":["Pray","Brilliance","Brilliance"],"Eternal Feather":30,"Pen Nib":[0],"obtain_stats":[{"Lantern":11,"Lizard Tail":14,"Astrolabe":17,"Eternal Feather":6,"Pen Nib":23,"PureWater":0,"Mercury Hourglass":9,"Meat on the Bone":13},{"Lantern":7,"Lizard Tail":9,"Astrolabe":10,"Eternal Feather":5,"Pen Nib":14,"PureWater":0,"Mercury Hourglass":6,"Meat on the Bone":9},{"Lantern":27,"Lizard Tail":33,"Astrolabe":43,"Eternal Feather":19,"Pen Nib":54,"PureWater":0,"Mercury Hourglass":22,"Meat on the Bone":33}],"Mercury Hourglass":[108],"Meat on the Bone":24},"card_choices":[{"not_picked":["Omniscience","ConjureBlade"],"picked":"LessonLearned","floor":0.0},{"not_picked":["FlurryOfBlows","Halt"],"picked":"FearNoEvil","floor":1.0},{"not_picked":["BowlingBash","JustLucky"],"picked":"Indignation","floor":2.0},{"not_picked":["EmptyFist","EmptyBody","ThirdEye"],"picked":"SKIP","floor":4.0},{"not_picked":["Consecrate","ThirdEye","Halt"],"picked":"SKIP","floor":5.0},{"not_picked":["WaveOfTheHand","ReachHeaven","Judgement"],"picked":"SKIP","floor":6.0},{"not_picked":["ForeignInfluence","BattleHymn","FlurryOfBlows"],"picked":"SKIP","floor":7.0},{"not_picked":["EmptyMind","EmptyBody"],"picked":"Wallop","floor":11.0},{"not_picked":["Conclude","JustLucky","Evaluate"],"picked":"SKIP","floor":12.0},{"not_picked":["Protect","Evaluate","Collect"],"picked":"SKIP","floor":13.0},{"not_picked":["SpiritShield","Judgement"],"picked":"Omniscience","floor":16.0},{"not_picked":["Tantrum","Wireheading","ClearTheMind"],"picked":"SKIP","floor":18.0},{"not_picked":["ThirdEye","Consecrate","FlyingSleeves"],"picked":"SKIP","floor":19.0},{"not_picked":["SashWhip","TalkToTheHand"],"picked":"MentalFortress","floor":22.0},{"not_picked":["LikeWater","WreathOfFlame+1","SashWhip"],"picked":"SKIP","floor":23.0}],"player_experience":1287666,"relics_obtained":[{"floor":6.0,"key":"Eternal Feather"},{"floor":9.0,"key":"Mercury Hourglass"},{"floor":11.0,"key":"Lantern"},{"floor":13.0,"key":"Meat on the Bone"},{"floor":23.0,"key":"Pen Nib"}],"event_choices":[{"damage_healed":0.0,"max_hp_gain":0.0,"max_hp_loss":0.0,"gold_gain":0.0,"cards_transformed":["Strike_P"],"event_name":"Transmorgrifier","player_choice":"Transformed","floor":3.0,"gold_loss":0.0,"damage_taken":0.0,"cards_obtained":["Adaptation"]},{"damage_healed":0.0,"max_hp_gain":0.0,"max_hp_loss":0.0,"gold_gain":0.0,"event_name":"Dead Adventurer","player_choice":"Searched \u00271\u0027 times","floor":14.0,"gold_loss":0.0,"damage_taken":0.0,"relics_obtained":["Lizard Tail"]},{"damage_healed":0.0,"max_hp_gain":0.0,"max_hp_loss":0.0,"gold_gain":50.0,"event_name":"Golden Shrine","player_choice":"Pray","floor":21.0,"gold_loss":0.0,"damage_taken":0.0}],"is_beta":false,"boss_relics":[{"not_picked":["Snecko Eye","Sozu"],"picked":"Astrolabe"}],"items_purged_floors":[20],"is_endless":false,"potions_floor_spawned":[6,11,12,13,16,22],"killed_by":"Slavers","ascension_level":20}}