{"host":"52m1o8iwwagurbjs","time":1611788201,"event":{"mods":["AchievementEnabler","BaseMod","Bestiary","Colored Powertips","GifTheSpireLib","Minty Spire (QoL Compilation)","Quick Restart","RNG Fix","Relic Stats","StSLib"],"gold_per_floor":[118,118,138,6,16,44,44,44,44],"floor_reached":8,"language":"ENG","playtime":367,"items_purged":[],"score":59,"play_id":"eb7784e8-12ed-44a3-a538-89260b56c622","local_time":"20210127175641","is_ascension_mode":true,"campfire_choices":[{"data":"Capacitor","floor":7.0,"key":"SMITH"}],"circlet_count":0,"master_deck":["Strike_B","Strike_B","Strike_B","Strike_B","Defend_B","Defend_B","Defend_B","Defend_B","Zap","Dualcast","Go for the Eyes","Coolheaded","Capacitor+1","Coolheaded","Turbo","Steam"],"relics":["Black Star","Mummified Hand","Nunchaku"],"acts_visited":["Exordium"],"potions_floor_usage":[8],"damage_taken":[{"damage":0.0,"enemies":"Small Slimes","floor":1.0,"turns":3.0},{"damage":0.0,"enemies":"Cultist","floor":3.0,"turns":4.0},{"damage":7.0,"enemies":"Jaw Worm","floor":5.0,"turns":6.0},{"damage":17.0,"enemies":"Lagavulin","floor":6.0,"turns":10.0},{"damage":73,"enemies":"Gremlin Nob","floor":8,"turns":6}],"seed_played":"5853516224472865895","potions_obtained":[{"floor":3.0,"key":"Ancient Potion"}],"is_trial":false,"path_per_floor":["M","?","M","$","M","E","R","E"],"character_chosen":"DEFECT","items_purchased":["Capacitor","Coolheaded"],"campfire_rested":0,"item_purchase_floors":[4,4],"current_hp_per_floor":[75,80,80,80,73,56,56,0,0],"gold":44,"neow_bonus":"BOSS_RELIC","is_daily":false,"chose_seed":false,"campfire_upgraded":1,"win_rate":0.0,"timestamp":1611788201,"path_taken":["M","?","M","$","?","E","R","E"],"items_purchased_type":["Card","Card"],"build_version":"2020-12-22","purchased_purges":0,"victory":false,"max_hp_per_floor":[75,80,80,80,80,80,80,80,80],"relic_stats":{"Nunchaku":[1],"counters":[5,29],"Mummified Hand":[1],"Black Star":1,"obtain_stats":[{"Nunchaku":6,"Mummified Hand":6,"Black Star":0,"Cracked Core":0},{"Nunchaku":4,"Mummified Hand":4,"Black Star":0,"Cracked Core":0},{"Nunchaku":23,"Mummified Hand":23,"Black Star":0,"Cracked Core":0}]},"card_choices":[{"not_picked":["Storm","Beam Cell"],"picked":"Go for the Eyes","floor":1.0},{"not_picked":["Rebound","Hologram"],"picked":"Coolheaded","floor":3.0},{"not_picked":["Conserve Battery","Machine Learning"],"picked":"Turbo","floor":5.0},{"not_picked":["Force Field","Go for the Eyes"],"picked":"Steam","floor":6.0}],"player_experience":1228238,"relics_obtained":[{"floor":6.0,"key":"Mummified Hand"},{"floor":6.0,"key":"Nunchaku"}],"event_choices":[{"damage_healed":0.0,"max_hp_gain":5.0,"max_hp_loss":0.0,"gold_gain":0.0,"event_name":"Big Fish","player_choice":"Donut","floor":2.0,"gold_loss":0.0,"damage_taken":0.0}],"is_beta":false,"boss_relics":[],"items_purged_floors":[],"is_endless":false,"potions_floor_spawned":[3],"killed_by":"Gremlin Nob","ascension_level":1}}