{"host":"ut3qe46kys7sl3ey","time":1611744969,"event":{"mods":["2.2 Compatiblity","AchievementEnabler","Bard","BaseMod","Bestiary","Better Altar","Better Match","Better Note","Better Sensory Stone","Better Skull","Better Third Choice","BetterRewards","Block Reminder","Colored Map","Colored Powertips","Curses Come First","DeckTracker","Downfall","Energized Spire","Friendly Minions","Highlight Path","Hubris","Infinite Spire","Minty Spire (QoL Compilation)","Permanent Neow","Quick Restart","Random Character Button","Relic Sorter","Relic Stats","Reliquary","Replay The Spire","StSLib","The Blue Laboratory","The Bug Knight","The Construct","The Cursed","The Jungle","The Mystic","The Spell Scribe","Unceasing Turn Reminder","Unknown Chances","Wandering Minibosses"],"gold_per_floor":[112,124,124,143,153,153,181,17,17,17,34,47,47,121,121,225,225,238,20,20,32,51,251,251,251],"floor_reached":24,"language":"ENG","playtime":2433,"items_purged":[],"score":198,"play_id":"fc2ba7d3-b2d1-4f75-9444-982800ebb1a5","local_time":"20210127125609","is_ascension_mode":false,"campfire_choices":[{"data":"HollowMod:InfectedAttack","floor":6,"key":"SMITH"},{"floor":10,"key":"REST"},{"data":"HollowMod:NewGlowingWomb","floor":13,"key":"SMITH"},{"data":"HollowMod:InfectedCysts","floor":15,"key":"SMITH"}],"circlet_count":0,"master_deck":["HollowMod:NailStrikeStart","HollowMod:NailStrikeStart","HollowMod:QuickDashStart","HollowMod:QuickDashStart","HollowMod:QuickDashStart","HollowMod:QuickDashStart","HollowMod:FocusHealStart+1","HollowMod:PogoStrike","HollowMod:InfectedCysts+1","HollowMod:NewGlowingWomb+1","HollowMod:InfectedAttack+1","HollowMod:HeavyBlow+1","HollowMod:NewInfectedGuardian","HollowMod:DoubleDash","HollowMod:SharpenedNail","HollowMod:LifebloodCore","HollowMod:HeavyBlow+1","HollowMod:BrokenVessel","Overencumbered","HollowMod:HuntersJournal","HollowMod:InfectionAssault","Apotheosis+1","HollowMod:CloakDash"],"relics":["energizedSpire:CursedPentagram","Eternal Feather","Onion Ring","Replay:Bottled Eggs","Replay:Drink Me"],"acts_visited":["Exordium","TheCity"],"potions_floor_usage":[7,7],"damage_taken":[{"damage":0,"enemies":"2 Louse","floor":1,"turns":2},{"damage":0,"enemies":"Cultist","floor":2,"turns":3},{"damage":18,"enemies":"Small Slimes","floor":4,"turns":3},{"damage":14,"enemies":"Exordium Wildlife","floor":5,"turns":3},{"damage":39,"enemies":"3 Sentries","floor":7,"turns":7},{"damage":8,"enemies":"Large Slime","floor":11,"turns":3},{"damage":10,"enemies":"Looter","floor":12,"turns":3},{"damage":28,"enemies":"The Guardian","floor":16,"turns":9},{"damage":15,"enemies":"2 Thieves","floor":18,"turns":4},{"damage":25,"enemies":"3 Byrds","floor":21,"turns":6},{"damage":25,"enemies":"Shelled Parasite and Fungi","floor":22,"turns":4},{"damage":26,"enemies":"3 Cultists","floor":24,"turns":2}],"seed_played":"5622301320705776650","potions_obtained":[{"floor":1,"key":"blueLaboratory:EmptyBottle"},{"floor":4,"key":"blueLaboratory:PhilterOfMotion"},{"floor":5,"key":"Death Potion"},{"floor":7,"key":"SteroidPotion"},{"floor":16,"key":"blueLaboratory:NullPotion"},{"floor":18,"key":"Weak Potion"}],"is_trial":false,"path_per_floor":["M","M","?","M","M","R","E","$","T","R","M","M","R","T","R","B",null,"M","$","?","M","M","?","M"],"character_chosen":"THE_BUGKNIGHT","items_purchased":["HollowMod:NewInfectedGuardian","HollowMod:BrokenVessel","HollowMod:HuntersJournal","HollowMod:InfectionAssault"],"campfire_rested":1,"item_purchase_floors":[8,19,19,19],"current_hp_per_floor":[75,75,75,63,59,59,30,30,30,61,59,55,64,64,73,56,57,52,52,52,37,22,22,0,0],"gold":251,"neow_bonus":"BOSS_RELIC","is_daily":false,"chose_seed":false,"campfire_upgraded":3,"win_rate":0.0,"timestamp":1611744969,"path_taken":["M","M","?","M","M","R","E","?","T","R","M","M","R","?","R","BOSS","M","$","?","M","M","?","M"],"items_purchased_type":["Card","Card","Card","Card"],"build_version":"2020-12-22","purchased_purges":0,"victory":false,"max_hp_per_floor":[75,75,75,75,75,75,75,75,75,75,75,75,75,75,75,75,57,57,57,57,57,57,57,57,57],"relic_stats":{"counters":[12,49],"Eternal Feather":27,"obtain_stats":[{"energizedSpire:CursedPentagram":0,"HollowMod:VesselMask":0,"Eternal Feather":7,"Onion Ring":9,"Replay:Bottled Eggs":14,"Replay:Drink Me":17},{"energizedSpire:CursedPentagram":0,"HollowMod:VesselMask":0,"Eternal Feather":5,"Onion Ring":5,"Replay:Bottled Eggs":7,"Replay:Drink Me":8},{"energizedSpire:CursedPentagram":0,"HollowMod:VesselMask":0,"Eternal Feather":18,"Onion Ring":18,"Replay:Bottled Eggs":24,"Replay:Drink Me":33}]},"card_choices":[{"not_picked":["HollowMod:CornifersMapStart","HollowMod:DreamGate"],"picked":"HollowMod:InfectedCysts","floor":1},{"not_picked":["HollowMod:ShapeofUnn","HollowMod:PerfectDash"],"picked":"HollowMod:NewGlowingWomb","floor":2},{"not_picked":["HollowMod:CornifersMapStart","HollowMod:SoulSplash","HollowMod:VengefulSpirit"],"picked":"SKIP","floor":4},{"not_picked":["HollowMod:TaintedHusks","HollowMod:HuntersJournal"],"picked":"HollowMod:InfectedAttack","floor":5},{"not_picked":["HollowMod:ChannelNail","HollowMod:LifebloodCocoon"],"picked":"HollowMod:HeavyBlow","floor":7},{"not_picked":["HollowMod:GoodIntentions","HollowMod:DreamGate"],"picked":"HollowMod:DoubleDash","floor":11},{"not_picked":["HollowMod:MidwifesHunger","HollowMod:DreamGate"],"picked":"HollowMod:SharpenedNail","floor":12},{"not_picked":["HollowMod:AwokenDreamNail","HollowMod:LordofShades"],"picked":"HollowMod:LifebloodCore","floor":16},{"not_picked":["HollowMod:VengefulVoid+1","HollowMod:DesolateDive"],"picked":"HollowMod:HeavyBlow+1","floor":18},{"not_picked":["HollowMod:HeavyBlow","HollowMod:TaintedHusks","HollowMod:HornetsHelp"],"picked":"SKIP","floor":21},{"not_picked":["HollowMod:CycloneSlash","HollowMod:ChannelNail+1"],"picked":"HollowMod:CloakDash","floor":22}],"player_experience":171576,"relics_obtained":[{"floor":7,"key":"Eternal Feather"},{"floor":9,"key":"Onion Ring"},{"floor":14,"key":"Replay:Bottled Eggs"}],"event_choices":[{"damage_healed":0,"gold_gain":0,"player_choice":"Upgraded","damage_taken":0,"max_hp_gain":0,"max_hp_loss":0,"event_name":"Upgrade Shrine","floor":3,"gold_loss":0,"cards_upgraded":["HollowMod:FocusHealStart"]},{"cards_removed":["HollowMod:PogoStrike"],"damage_healed":0,"gold_gain":0,"player_choice":"Take \u0026 Give","damage_taken":0,"max_hp_gain":0,"max_hp_loss":0,"event_name":"betterNote:BetterNote","floor":20,"gold_loss":0,"cards_obtained":["Apotheosis"]},{"damage_healed":0,"gold_gain":250,"player_choice":"Bet on Owner","damage_taken":0,"max_hp_gain":0,"max_hp_loss":0,"event_name":"The Joust","floor":23,"gold_loss":50}],"is_beta":false,"boss_relics":[{"not_picked":["hubris:VirtuousBlindfold","Runic Dome"],"picked":"Replay:Drink Me"}],"items_purged_floors":[],"is_endless":false,"potions_floor_spawned":[1,4,5,7,16,18],"killed_by":"3 Cultists","ascension_level":0}}