{"host":"d4nr47a59rmbesnz","time":1611780053,"event":{"mods":["A Magickal Journey","BaseMod","Better Third Choice","Hermit","Minty Spire (QoL Compilation)","Quick Restart","Replay The Spire","Shade Mod","StSLib","The Bladedancer","The Cursed","The Death Knight","The Disciple","The Forsaken","The Hierophant","The Necromancer","The Spell Scribe","The Valiant"],"gold_per_floor":[109,121,140,157,175,175,200,220,220,220,220,16,28,40,40,143,143,158,177,177,177],"floor_reached":20,"language":"ENG","playtime":903,"items_purged":[],"score":180,"play_id":"ac966385-51cc-44b7-9de7-41a33f5f82c8","local_time":"20210127234053","is_ascension_mode":false,"campfire_choices":[{"floor":6.0,"key":"REST"},{"floor":10,"key":"REST"},{"floor":15,"key":"REST"}],"circlet_count":0,"master_deck":["DeathKnight:Strike_DeathKnight","DeathKnight:Strike_DeathKnight","DeathKnight:Strike_DeathKnight","DeathKnight:Strike_DeathKnight","DeathKnight:Strike_DeathKnight","DeathKnight:Defend_DeathKnight","DeathKnight:Defend_DeathKnight","DeathKnight:Defend_DeathKnight","DeathKnight:Defend_DeathKnight","DeathKnight:Defend_DeathKnight","DeathKnight:RuneTap","DeathKnight:RuneStrike","DeathKnight:FoulBulwark","DeathKnight:FesteringStrike","DeathKnight:Pestilence","DeathKnight:HartStrike","DeathKnight:DeathRune","DeathKnight:Rot","DeathKnight:Runesurge","DeathKnight:HartStrike","DeathKnight:Outbreak","DeathKnight:DeathAndDecay+1","DeathKnight:MindFreeze+1"],"relics":["DeathKnight:BrokenRuneblade","Replay:Bottled Flurry","DeathKnight:TomeOfFrostSpecialization","Strawberry","Cursed Key"],"acts_visited":["Exordium","TheCity"],"potions_floor_usage":[16,16,16],"damage_taken":[{"damage":8.0,"enemies":"Jaw Worm","floor":1.0,"turns":5.0},{"damage":0.0,"enemies":"Small Slimes","floor":2.0,"turns":4.0},{"damage":16.0,"enemies":"Cultist","floor":3.0,"turns":5.0},{"damage":13.0,"enemies":"3 Louse","floor":4.0,"turns":5.0},{"damage":9.0,"enemies":"Blue Slaver","floor":5.0,"turns":4.0},{"damage":31.0,"enemies":"Lagavulin","floor":7.0,"turns":5.0},{"damage":7,"enemies":"Looter","floor":8,"turns":4},{"damage":48,"enemies":"Exordium Thugs","floor":13,"turns":6},{"damage":11,"enemies":"Blue Slaver","floor":14,"turns":5},{"damage":53,"enemies":"Fading Forest","floor":16,"turns":11},{"damage":10,"enemies":"Chosen","floor":18,"turns":3},{"damage":25,"enemies":"Shell Parasite","floor":19,"turns":5},{"damage":66,"enemies":"3 Cultists","floor":20,"turns":7}],"seed_played":"-1840917199672508738","potions_obtained":[{"floor":2.0,"key":"AttackPotion"},{"floor":3.0,"key":"Weak Potion"},{"floor":7,"key":"SneckoOil"},{"floor":14,"key":"Block Potion"},{"floor":18,"key":"Swift Potion"},{"floor":19,"key":"Adrenaline Potion"}],"is_trial":false,"path_per_floor":["M","M","M","M","M","R","E","M","T","R","?","$","M","M","R","B",null,"M","M","M"],"character_chosen":"DEATH_KNIGHT","items_purchased":["Strawberry","BlessingOfTheForge"],"campfire_rested":3,"item_purchase_floors":[12,12],"current_hp_per_floor":[74,74,58,45,36,60,29,22,22,46,73,80,32,21,47,4,89,79,54,0,0],"gold":177,"neow_bonus":"TEN_PERCENT_HP_BONUS","is_daily":false,"chose_seed":false,"campfire_upgraded":0,"win_rate":0.0,"timestamp":1611780053,"path_taken":["M","M","M","M","M","R","E","M","T","R","?","$","M","M","R","BOSS","M","M","M"],"items_purchased_type":["Relic","Potion"],"build_version":"2020-12-22","purchased_purges":0,"victory":false,"max_hp_per_floor":[82,82,82,82,82,82,82,82,82,82,82,89,89,89,89,89,89,89,89,89,89],"card_choices":[{"not_picked":["DeathKnight:Rot","DeathKnight:Ossuary"],"picked":"DeathKnight:FoulBulwark","floor":1.0},{"not_picked":["DeathKnight:BoneShield","DeathKnight:BloodPact"],"picked":"DeathKnight:FesteringStrike","floor":2.0},{"not_picked":["DeathKnight:MindFreeze","DeathKnight:RaiseAlly"],"picked":"DeathKnight:Pestilence","floor":3.0},{"not_picked":["DeathKnight:RaiseAlly","DeathKnight:ChainsOfIce","DeathKnight:FrosPresence"],"picked":"SKIP","floor":4.0},{"not_picked":["DeathKnight:Ossuary","DeathKnight:Marrowrend"],"picked":"DeathKnight:HartStrike","floor":5.0},{"not_picked":["DeathKnight:ChainsOfIce","DeathKnight:FrosPresence"],"picked":"DeathKnight:DeathRune","floor":7},{"not_picked":["DeathKnight:Culling","DeathKnight:Contagion"],"picked":"DeathKnight:Rot","floor":8},{"not_picked":["DeathKnight:WraithWalk","DeathKnight:Pestilence"],"picked":"DeathKnight:Runesurge","floor":13},{"not_picked":["DeathKnight:BoneSpear","DeathKnight:PillarOfFrost"],"picked":"DeathKnight:HartStrike","floor":14},{"not_picked":["DeathKnight:Simulacrum","DeathKnight:BoneStorm"],"picked":"DeathKnight:Outbreak","floor":16},{"not_picked":["DeathKnight:DeathRune+1","DeathKnight:UnholyPresence"],"picked":"DeathKnight:DeathAndDecay+1","floor":18},{"not_picked":["DeathKnight:BloodTap","DeathKnight:Lichborne+1"],"picked":"DeathKnight:MindFreeze+1","floor":19}],"player_experience":69833,"relics_obtained":[{"floor":7,"key":"Replay:Bottled Flurry"},{"floor":9,"key":"DeathKnight:TomeOfFrostSpecialization"}],"event_choices":[{"damage_healed":27,"gold_gain":0,"player_choice":"Banana","damage_taken":0,"max_hp_gain":0,"max_hp_loss":0,"event_name":"Big Fish","floor":11,"gold_loss":0}],"is_beta":false,"boss_relics":[{"not_picked":["SlaversCollar","Philosopher\u0027s Stone"],"picked":"Cursed Key"}],"items_purged_floors":[],"is_endless":false,"potions_floor_spawned":[2,3,7,14,18,19],"killed_by":"3 Cultists","ascension_level":0}}