{"host":"1gh1pdv85cipbjj7","time":1611781469,"event":{"mods":["BaseMod","Colored Map","Downfall","GifTheSpireLib","Infinite Spire","Minty Spire (QoL Compilation)","Permanent Neow","StSLib","The Jungle"],"gold_per_floor":[0,16,16,27,27,39,39,39,53,53,83,110,128,278,291,387,437,337,347,367,367,367,380,380,380,480,480,493,503,520,520,538,633,633,633,644,662,672,672,672,672,683,701,701,801,836,440,451,463,463],"floor_reached":51,"language":"ENG","playtime":4607,"items_purged":["downfall:Icky","bronze:Strike","bronze:Defend"],"score":655,"play_id":"fd10ee8d-5047-49f2-82b0-caf5a119f4fe","local_time":"20210127150429","is_ascension_mode":false,"campfire_choices":[{"data":"bronze:Replicate","floor":1.0,"key":"SMITH"},{"floor":8.0,"key":"REST"},{"data":"bronze:Constructor","floor":8.0,"key":"SMITH"},{"data":"bronze:Format","floor":18,"key":"SMITH"},{"floor":27,"key":"REST"},{"data":"infinitespire:Execution","floor":27,"key":"SMITH"},{"data":"bronze:Philosophize","floor":35,"key":"SMITH"},{"data":"bronze:Virus","floor":40,"key":"SMITH"},{"floor":44,"key":"REST"},{"data":"bronze:Format","floor":44,"key":"SMITH"}],"circlet_count":0,"master_deck":["bronze:Strike","bronze:Strike","bronze:Defend+1","bronze:Defend","bronze:Defend","bronze:Replicate+1","bronze:Goto+1","bronze:WhirlingStrike+1","bronze:Separator+1","bronze:Constructor+1","bronze:Repair+1","bronze:Shell+1","bronze:WhirlingStrike","bronze:Fortify","bronze:GetLatest","bronze:Format+1","bronze:BronzeArmor","bronze:Philosophize+1","infinitespire:Execution+1","bronze:Shield+1","bronze:Virus+1","bronze:FollowUp+1","bronze:Format+1","bronze:Boost+1","bronze:Deprecate+1","bronze:Shell"],"relics":["bronze:BronzeCore","infinitespire:Magic Flask","infinitespire:EmpoweringShard","CaptainsWheel","War Paint","Tiny House","downfall:HeartBlessingBlue","Mummified Hand","infinitespire:Lucky Rock","Bird Faced Urn","Bottled Lightning","downfall:RedIOU","expansioncontent:StudyCardRelic","StrikeDummy","infinitespire:Beetle Shell","Potion Belt","Cauldron"],"acts_visited":["Exordium","TheCity","TheBeyond"],"potions_floor_usage":[16,16,30,33,33,50,50,50],"damage_taken":[{"damage":3.0,"enemies":"Small Slimes","floor":2.0,"turns":3.0},{"damage":6.0,"enemies":"Jaw Worm","floor":4.0,"turns":4.0},{"damage":0.0,"enemies":"Cultist","floor":6.0,"turns":2.0},{"damage":7.0,"enemies":"3 Louse","floor":9.0,"turns":2.0},{"damage":4.0,"enemies":"3 Sentries","floor":11.0,"turns":4.0},{"damage":0.0,"enemies":"Blue Slaver","floor":13.0,"turns":3.0},{"damage":0.0,"enemies":"2 Fungi Beasts","floor":15.0,"turns":3.0},{"damage":4,"enemies":"WA_ARCHETYPE_RETAIN","floor":16,"turns":5},{"damage":1,"enemies":"Chosen","floor":19,"turns":5},{"damage":13,"enemies":"Snake Plant","floor":20,"turns":5},{"damage":4,"enemies":"Shelled Parasite and Fungi","floor":23,"turns":6},{"damage":6,"enemies":"Colosseum Nobs","floor":26,"turns":4},{"damage":10,"enemies":"Cultist and Chosen","floor":28,"turns":5},{"damage":0,"enemies":"3 Cultists","floor":29,"turns":2},{"damage":10,"enemies":"Chosen and Byrds","floor":30,"turns":3},{"damage":9,"enemies":"Centurion and Healer","floor":32,"turns":4},{"damage":42,"enemies":"IC_MUSHROOM_ARCHETYPE","floor":33,"turns":5},{"damage":20,"enemies":"3 Shapes","floor":36,"turns":4},{"damage":4,"enemies":"3 Darklings","floor":37,"turns":6},{"damage":0,"enemies":"Maw","floor":38,"turns":5},{"damage":10,"enemies":"Writhing Mass","floor":42,"turns":4},{"damage":9,"enemies":"3 Darklings","floor":43,"turns":4},{"damage":3,"enemies":"downfall:FleeingMerchant","floor":46,"turns":4},{"damage":0,"enemies":"Sphere and 2 Shapes","floor":48,"turns":2},{"damage":22,"enemies":"Jaw Worm Horde","floor":49,"turns":4},{"damage":43,"enemies":"DF_ARCHETYPE_ORBS","floor":50,"turns":6}],"seed_played":"66189139389346441","potions_obtained":[{"floor":2.0,"key":"AttackPotion"},{"floor":13.0,"key":"FearPotion"},{"floor":15.0,"key":"BlessingOfTheForge"},{"floor":16,"key":"bronze:FreeFunctionsPotion"},{"floor":17,"key":"TwistedElixir"},{"floor":26,"key":"PowerPotion"},{"floor":30,"key":"PowerPotion"},{"floor":36,"key":"AttackPotion"},{"floor":42,"key":"DuplicationPotion"},{"floor":47,"key":"Fruit Juice"},{"floor":47,"key":"bronze:CleanCodePotion"}],"is_trial":false,"path_per_floor":["R","M","?","M","?","M","T","R","M","?","E","T","M","?","M","B",null,"R","M","M","AVR","?","M","T","?","?","R","M","M","M","?","M","B",null,"R","M","M","M","AVR","R","T","M","M","R","?","$","$","M","M","B",null],"character_chosen":"THE_AUTOMATON","items_purchased":["infinitespire:Beetle Shell","bronze:Shell","Potion Belt","Cauldron"],"campfire_rested":3,"item_purchase_floors":[46,46,47,47],"current_hp_per_floor":[70,67,60,54,54,54,54,70,63,63,66,66,70,70,70,70,75,85,85,82,82,60,66,66,66,60,85,85,85,75,75,76,43,85,85,79,85,85,85,85,85,75,82,85,85,85,85,85,75,50],"gold":463,"neow_bonus":"ONE_RARE_RELIC","is_daily":false,"chose_seed":false,"campfire_upgraded":7,"win_rate":0.0,"timestamp":1611781469,"path_taken":["R","M","?","M","?","?","T","R","M","?","E","?","M","?","M","BOSS","R","M","M","AVR","?","M","T","?","?","R","M","M","M","?","M","BOSS","R","M","M","M","AVR","R","T","M","M","R","?","?","$","M","M","BOSS"],"items_purchased_type":["Relic","Card","Relic","Relic"],"build_version":"2020-12-22","purchased_purges":3,"victory":true,"max_hp_per_floor":[70,70,70,70,70,70,70,70,70,70,70,70,70,70,70,70,75,85,85,85,85,85,85,85,85,85,85,85,85,85,85,85,85,85,85,85,85,85,85,85,85,85,85,85,85,85,85,85,85,90],"card_choices":[{"not_picked":["bronze:Fortify","bronze:BuggyMess"],"picked":"bronze:WhirlingStrike","floor":2.0},{"not_picked":["bronze:BugBarrage","bronze:Optimize"],"picked":"bronze:Separator","floor":4.0},{"not_picked":["bronze:ItsAFeature","bronze:Separator"],"picked":"bronze:Constructor","floor":6.0},{"not_picked":["bronze:FineTuning","bronze:ItsAFeature"],"picked":"bronze:Repair","floor":9.0},{"not_picked":["bronze:BitShift","bronze:Safeguard"],"picked":"bronze:WhirlingStrike","floor":11.0},{"not_picked":["bronze:Turbo","bronze:Repulsor"],"picked":"bronze:Fortify","floor":13.0},{"not_picked":["bronze:Turbo","bronze:Return"],"picked":"bronze:GetLatest","floor":15.0},{"not_picked":["bronze:SpaghettiCode","bronze:HardenedForm"],"picked":"bronze:Format","floor":16},{"not_picked":["bronze:BitShift","bronze:CutThrough"],"picked":"bronze:BronzeArmor","floor":17},{"not_picked":["bronze:CutThrough","bronze:Separator"],"picked":"bronze:Philosophize","floor":19},{"not_picked":["bronze:BronzeOrb","bronze:Repair","bronze:BuggyMess"],"picked":"SKIP","floor":20},{"not_picked":["infinitespire:FutureSight","infinitespire:Fortify"],"picked":"infinitespire:Execution","floor":22},{"not_picked":["bronze:ForceShield","bronze:Iterate+1"],"picked":"bronze:Shield+1","floor":23},{"not_picked":["bronze:ForLoop","bronze:Shield"],"picked":"bronze:Virus","floor":26},{"not_picked":["bronze:FineTuning","bronze:Iterate"],"picked":"bronze:FollowUp+1","floor":28},{"not_picked":["bronze:Frontload","bronze:NullPointer","bronze:BugBarrage+1"],"picked":"SKIP","floor":29},{"not_picked":["bronze:CloningBeam","bronze:Safeguard","bronze:DarkDash"],"picked":"SKIP","floor":30},{"not_picked":["bronze:Separator","bronze:ClassDefault+1","bronze:WhirlingStrike"],"picked":"SKIP","floor":32},{"not_picked":["bronze:ShipIt","bronze:HyperBeam"],"picked":"bronze:Format","floor":33},{"not_picked":["bronze:Separator","bronze:Safeguard+1"],"picked":"bronze:Boost+1","floor":36},{"not_picked":["bronze:BuggyMess+1","bronze:CloningBeam"],"picked":"bronze:Deprecate+1","floor":37},{"not_picked":["bronze:BronzeArmor","bronze:CutThrough","bronze:Optimize+1"],"picked":"SKIP","floor":38},{"not_picked":["bronze:Optimize+1","bronze:Frontload+1","bronze:FineTuning"],"picked":"SKIP","floor":42},{"not_picked":["bronze:Overheat","bronze:CutThrough","bronze:Iterate+1"],"picked":"SKIP","floor":43},{"not_picked":["bronze:FineTuning","bronze:Boost+1","bronze:Allocate"],"picked":"SKIP","floor":46},{"not_picked":["bronze:FineTuning","bronze:BugBarrage","bronze:OilSpill+1"],"picked":"SKIP","floor":48},{"not_picked":["bronze:Turbo+1","bronze:WildBeam","bronze:Repulsor+1"],"picked":"SKIP","floor":49}],"player_experience":754337,"relics_obtained":[{"floor":11.0,"key":"CaptainsWheel"},{"floor":12.0,"key":"War Paint"},{"floor":24,"key":"Nunchaku"},{"floor":26,"key":"Bird Faced Urn"},{"floor":26,"key":"Bottled Lightning"}],"event_choices":[{"damage_healed":0.0,"max_hp_gain":0.0,"max_hp_loss":0.0,"gold_gain":0.0,"event_name":"Scrap Ooze","player_choice":"Success","floor":3.0,"gold_loss":0.0,"damage_taken":7.0,"relics_obtained":["infinitespire:EmpoweringShard"]}],"is_beta":false,"boss_relics":[{"not_picked":["Cursed Key","infinitespire:Cupcake"],"picked":"Tiny House"},{"not_picked":["Pandora\u0027s Box","Runic Pyramid"],"picked":"expansioncontent:StudyCardRelic"}],"items_purged_floors":[21,46,47],"is_endless":false,"potions_floor_spawned":[2,13,15,16,23,26,28,30,36,42,43,49],"ascension_level":0}}