{"host":"ow66nzv2xecjoor3","time":1611787029,"event":{"mods":["BaseMod","Bestiary","Block Reminder","Colored Powertips","Curses Come First","Highlight Path","Keyboard Shortcuts","Minty Spire (QoL Compilation)","Permanent Neow","Relic Stats","StSLib","UnlockEverythingMod"],"gold_per_floor":[110,161,161,178,193,193,14,47,47,63,78,153,153,168,168,247,247,247,247,247,247,247,247,161,161,161],"floor_reached":25,"language":"ENG","playtime":1653,"items_purged":["Strike_B"],"score":410,"play_id":"f68dc7f9-25f1-4794-9b95-10e3b9e96bd7","local_time":"20210127163709","is_ascension_mode":true,"campfire_choices":[{"data":"Zap","floor":6,"key":"SMITH"},{"data":"Defragment","floor":13,"key":"SMITH"},{"data":"Hologram","floor":15,"key":"SMITH"},{"floor":23,"key":"REST"}],"circlet_count":0,"master_deck":["AscendersBane","Strike_B","Defend_B","Defend_B","Defend_B","Zap+1","Dualcast","Scrape","BootSequence","Sweeping Beam","Hologram+1","Lockon","Gash","Steam","Defragment+1","Undo","All For One","Go for the Eyes+1","White Noise+1","Doom and Gloom","Stack","Capacitor"],"relics":["Empty Cage","Pen Nib","Toy Ornithopter","Oddly Smooth Stone","Ectoplasm","Red Mask"],"acts_visited":["Exordium","TheCity"],"potions_floor_usage":[20],"damage_taken":[{"damage":13,"enemies":"Cultist","floor":1,"turns":5},{"damage":9,"enemies":"Jaw Worm","floor":4,"turns":4},{"damage":0,"enemies":"2 Louse","floor":5,"turns":3},{"damage":25,"enemies":"3 Sentries","floor":8,"turns":6},{"damage":2,"enemies":"Large Slime","floor":10,"turns":5},{"damage":0,"enemies":"3 Louse","floor":11,"turns":3},{"damage":12,"enemies":"Gremlin Gang","floor":14,"turns":4},{"damage":3,"enemies":"The Guardian","floor":16,"turns":10},{"damage":5,"enemies":"Shell Parasite","floor":18,"turns":4},{"damage":4,"enemies":"Spheric Guardian","floor":19,"turns":5},{"damage":28,"enemies":"Masked Bandits","floor":20,"turns":4},{"damage":22,"enemies":"Snake Plant","floor":21,"turns":4},{"damage":0,"enemies":"Centurion and Healer","floor":22,"turns":6},{"damage":23,"enemies":"Chosen and Byrds","floor":25,"turns":3}],"seed_played":"-1326238010976772627","potions_obtained":[{"floor":5,"key":"SpeedPotion"},{"floor":8,"key":"FairyPotion"},{"floor":14,"key":"EssenceOfDarkness"},{"floor":21,"key":"Energy Potion"}],"is_trial":false,"path_per_floor":["M","T","?","M","M","R","$","E","T","M","M","?","R","M","R","B",null,"M","M","?","M","M","R","$","M"],"character_chosen":"DEFECT","items_purchased":["Hologram","Lockon","Capacitor"],"campfire_rested":1,"item_purchase_floors":[7,7,24],"current_hp_per_floor":[51,51,51,42,42,42,42,17,17,15,15,4,4,13,13,10,56,51,47,24,2,2,23,23,0,0],"gold":161,"neow_bonus":"BOSS_RELIC","is_daily":false,"chose_seed":false,"campfire_upgraded":3,"win_rate":0.0,"timestamp":1611787029,"path_taken":["M","?","?","M","M","R","$","E","T","M","?","?","R","M","R","BOSS","M","M","?","M","M","R","$","M"],"items_purchased_type":["Card","Card","Card"],"build_version":"2020-12-22","purchased_purges":1,"victory":false,"max_hp_per_floor":[71,71,71,71,71,71,71,71,71,71,71,71,71,71,71,71,71,71,71,71,71,71,71,71,71,71],"relic_stats":{"counters":[14,66],"Pen Nib":[11],"Ectoplasm":89,"obtain_stats":[{"Oddly Smooth Stone":9,"Pen Nib":2,"Ectoplasm":17,"Red Mask":20,"Cracked Core":0,"Empty Cage":0,"Toy Ornithopter":8},{"Oddly Smooth Stone":4,"Pen Nib":1,"Ectoplasm":8,"Red Mask":11,"Cracked Core":0,"Empty Cage":0,"Toy Ornithopter":4},{"Oddly Smooth Stone":18,"Pen Nib":5,"Ectoplasm":40,"Red Mask":53,"Cracked Core":0,"Empty Cage":0,"Toy Ornithopter":18}],"Toy Ornithopter":5},"card_choices":[{"not_picked":["Stack","Coolheaded"],"picked":"Scrape","floor":1},{"not_picked":["Tempest","Blizzard"],"picked":"BootSequence","floor":4},{"not_picked":["Scrape","Cold Snap"],"picked":"Sweeping Beam","floor":5},{"not_picked":["Beam Cell","Reprogram"],"picked":"Gash","floor":8},{"not_picked":["Cold Snap","Sweeping Beam"],"picked":"Steam","floor":10},{"not_picked":["White Noise","Beam Cell"],"picked":"Defragment","floor":11},{"not_picked":["Leap","Fission"],"picked":"Undo","floor":14},{"not_picked":["Rainbow","Amplify"],"picked":"All For One","floor":16},{"not_picked":["Sweeping Beam","Coolheaded"],"picked":"Go for the Eyes+1","floor":18},{"not_picked":["Beam Cell","Rebound","Consume"],"picked":"SKIP","floor":19},{"not_picked":["Sweeping Beam","Compile Driver"],"picked":"White Noise+1","floor":20},{"not_picked":["Sweeping Beam","Darkness"],"picked":"Doom and Gloom","floor":21},{"not_picked":["Sweeping Beam","Aggregate"],"picked":"Stack","floor":22}],"player_experience":2741410,"relics_obtained":[{"floor":2,"key":"Pen Nib"},{"floor":8,"key":"Toy Ornithopter"},{"floor":9,"key":"Oddly Smooth Stone"},{"floor":20,"key":"Red Mask"}],"event_choices":[{"cards_removed":["Strike_B"],"damage_healed":0,"gold_gain":0,"player_choice":"Card Removal","damage_taken":0,"max_hp_gain":0,"max_hp_loss":0,"event_name":"Wheel of Change","floor":3,"gold_loss":0},{"damage_healed":0,"gold_gain":75,"player_choice":"Gather Gold","damage_taken":11,"max_hp_gain":0,"max_hp_loss":0,"event_name":"World of Goop","floor":12,"gold_loss":0},{"damage_healed":0,"gold_gain":0,"player_choice":"Fought Bandits","damage_taken":0,"max_hp_gain":0,"max_hp_loss":0,"event_name":"Masked Bandits","floor":20,"gold_loss":0}],"is_beta":false,"boss_relics":[{"not_picked":["Fusion Hammer","Busted Crown"],"picked":"Ectoplasm"}],"items_purged_floors":[7],"is_endless":false,"potions_floor_spawned":[5,8,14,16,21,22],"killed_by":"Chosen and Byrds","ascension_level":20}}