{"host":"hbel9g7s7ibv8po6","time":1611752811,"event":{"mods":["Act Like it!","BaseMod","Duelist Mod","Minty Spire (QoL Compilation)","StSLib"],"gold_per_floor":[144,94,107,282,292,323,323,323,323,350,350,382,400,475,475,571,571,591,603,488,507,507,507,526,561,586,586,686,763,792,810,810,907,907,919,934,112,112,112,112,140,190,216,241,241,259,259,134,134,134,134,134,32,66,66],"floor_reached":56,"language":"ENG","playtime":4139,"items_purged":["Doubt","theDuelist:GravekeeperCurse","theDuelist:SummoningCurse"],"score":1693,"play_id":"3fca7b04-c317-4db7-b1aa-5257cf80770b","local_time":"20210127210651","is_ascension_mode":true,"campfire_choices":[{"data":"theDuelist:NaturiaSacredTree","floor":11.0,"key":"SMITH"},{"data":"theDuelist:NaturiaHydrangea","floor":15.0,"key":"SMITH"},{"data":"theDuelist:NaturiaPumpkin","floor":23.0,"key":"SMITH"},{"data":"theDuelist:NaturiaEggplant","floor":27.0,"key":"SMITH"},{"data":"theDuelist:NaturiaGaiastrio","floor":32.0,"key":"SMITH"},{"data":"theDuelist:PotGenerosity","floor":40.0,"key":"SMITH"},{"floor":45.0,"key":"RECALL"},{"data":"theDuelist:NaturiaRock","floor":49.0,"key":"SMITH"},{"data":"theDuelist:NaturiaBrambi","floor":52.0,"key":"SMITH"}],"circlet_count":0,"master_deck":["theDuelist:NaturiaGaiastrio+1","theDuelist:NaturiaEggplant+1","theDuelist:NaturiaBeast","Regret","theDuelist:NaturiaPumpkin+1","theDuelist:Sparks+1","theDuelist:NaturiaParadizo","theDuelist:MagicSparks+1","theDuelist:HeartUnderdog+1","theDuelist:NaturiaForest+1","theDuelist:NaturiaHydrangea+1","theDuelist:Sparks+1","theDuelist:NaturiaCliff","theDuelist:NaturiaBrambi+1","theDuelist:CastleWalls","theDuelist:NaturiaTulip","theDuelist:NaturiaSacredTree+1","theDuelist:ConvulsionNature+1","theDuelist:SeedSacredTree+1","theDuelist:CastleWalls","theDuelist:NaturiaEggplant+1","theDuelist:AttackTheMoon+1","theDuelist:NaturiaRock+1","theDuelist:BottomlessTrapHole+1","theDuelist:NaturiaBarkion+1","theDuelist:PotGenerosity+1","theDuelist:Terraforming+1","theDuelist:CurseAging","theDuelist:CrystalRose+1","theDuelist:NaturiaLandoise+1"],"relics":["theDuelist:MillenniumPuzzle","theDuelist:CardPoolRelic","theDuelist:CardPoolBasicRelic","theDuelist:BoosterPackPoolRelic","theDuelist:CardPoolAddRelic","theDuelist:CardPoolMinusRelic","theDuelist:CardPoolSaveRelic","theDuelist:CardPoolOptionsRelic","Tiny Chest","theDuelist:MillenniumRing","Snake Skull","Toy Ornithopter","CaptainsWheel","Bag of Marbles","Eternal Feather","Cursed Key","Turnip","Vajra","Lizard Tail","Sundial","Meat on the Bone","Ginger","Runic Cube","theDuelist:SolderToken","TheAbacus","Lantern","theDuelist:MarkOfNature","theDuelist:ZoneToken","Charon\u0027s Ashes","Red Skull","Incense Burner","Shuriken"],"acts_visited":["Exordium","TheCity","TheBeyond","TheEnding"],"potions_floor_usage":[55,55],"damage_taken":[{"damage":0.0,"enemies":"Small Slimes","floor":1.0,"turns":4.0},{"damage":2.0,"enemies":"Jaw Worm","floor":3.0,"turns":5.0},{"damage":1.0,"enemies":"2 Louse","floor":5.0,"turns":4.0},{"damage":6.0,"enemies":"Lagavulin","floor":6.0,"turns":8.0},{"damage":8.0,"enemies":"Gremlin Nob","floor":10.0,"turns":5.0},{"damage":0.0,"enemies":"Lagavulin","floor":12.0,"turns":8.0},{"damage":2.0,"enemies":"Blue Slaver","floor":13.0,"turns":3.0},{"damage":11.0,"enemies":"The Guardian","floor":16.0,"turns":10.0},{"damage":1.0,"enemies":"Shell Parasite","floor":18.0,"turns":6.0},{"damage":12.0,"enemies":"3 Byrds","floor":19.0,"turns":5.0},{"damage":6.0,"enemies":"Snake Plant","floor":21.0,"turns":4.0},{"damage":7.0,"enemies":"Sentry and Sphere","floor":24.0,"turns":4.0},{"damage":9.0,"enemies":"theDuelist:KaibaA2","floor":25.0,"turns":4.0},{"damage":18.0,"enemies":"Colosseum Slavers","floor":28.0,"turns":3.0},{"damage":10.0,"enemies":"Colosseum Nobs","floor":28.0,"turns":3.0},{"damage":21.0,"enemies":"Book of Stabbing","floor":30.0,"turns":4.0},{"damage":10.0,"enemies":"Cultist and Chosen","floor":31.0,"turns":4.0},{"damage":17.0,"enemies":"Champ","floor":33.0,"turns":7.0},{"damage":7.0,"enemies":"Orb Walker","floor":35.0,"turns":3.0},{"damage":29.0,"enemies":"3 Shapes","floor":36.0,"turns":6.0},{"damage":15.0,"enemies":"Reptomancer","floor":41.0,"turns":4.0},{"damage":6.0,"enemies":"Mind Bloom Boss Battle","floor":42.0,"turns":4.0},{"damage":30.0,"enemies":"Nemesis","floor":44.0,"turns":5.0},{"damage":13.0,"enemies":"Sphere and 2 Shapes","floor":46.0,"turns":2.0},{"damage":55.0,"enemies":"Donu and Deca","floor":50.0,"turns":6.0},{"damage":71,"enemies":"Shield and Spear","floor":54,"turns":4},{"damage":48,"enemies":"The Heart","floor":55,"turns":7}],"seed_played":"2525373613575283751","potions_obtained":[{"floor":1.0,"key":"Dexterity Potion"},{"floor":5.0,"key":"theDuelist:TributeBottle"},{"floor":6.0,"key":"theDuelist:WaterBottle"},{"floor":13.0,"key":"theDuelist:VoidBottle"},{"floor":16.0,"key":"theDuelist:LavaBottle"},{"floor":18.0,"key":"Block Potion"},{"floor":28.0,"key":"theDuelist:IcePotion"},{"floor":31.0,"key":"LiquidBronze"},{"floor":33.0,"key":"theDuelist:TributeBottle"},{"floor":36.0,"key":"Dexterity Potion"},{"floor":44.0,"key":"theDuelist:OrbBottle"}],"is_trial":false,"path_per_floor":["M","?","M","?","M","E","T","T","T","E","R","E","M","?","R","B",null,"M","M","$","M","?","R","M","E","T","R","?","T","E","M","R","B",null,"M","M","$","?","?","R","E","?","T","E","R","M","T","$","R","B",null,"R","$","E","B",null],"character_chosen":"THE_DUELIST","items_purchased":["theDuelist:NaturiaPumpkin","theDuelist:SolderToken","TheAbacus","Lantern","theDuelist:PotGenerosity","SmokeBomb"],"campfire_rested":0,"item_purchase_floors":[20,37,37,37,37,53],"current_hp_per_floor":[72,72,70,70,69,63,63,63,63,60,60,60,58,47,56,50,73,72,60,60,54,39,51,44,35,35,47,24,24,15,26,41,51,77,70,53,53,72,66,81,71,65,65,47,62,61,61,61,76,33,86,101,101,42,16],"gold":66,"neow_bonus":"RANDOM_COMMON_RELIC","is_daily":false,"chose_seed":false,"campfire_upgraded":8,"win_rate":0.0,"timestamp":1611752811,"path_taken":["M","?","M","?","M","E","?","?","T","E","R","E","M","?","R","BOSS","M","M","$","M","?","R","M","E","T","R","?","?","E","M","R","BOSS","M","M","$","?","?","R","E","?","T","E","R","M","?","$","R","BOSS","R","$","E","BOSS"],"items_purchased_type":["Card","Relic","Relic","Relic","Card","Potion"],"build_version":"2020-12-22","purchased_purges":3,"victory":true,"max_hp_per_floor":[80,80,80,80,80,80,80,80,80,80,80,80,80,80,80,80,80,80,80,80,80,85,85,85,85,85,85,85,85,85,85,85,85,85,85,85,85,104,104,104,104,104,104,104,104,104,104,104,104,104,104,104,104,104,104],"card_choices":[{"not_picked":["theDuelist:VenomShot","theDuelist:AfterGenocide","theDuelist:LeodrakeMane","theDuelist:FossilDig"],"picked":"theDuelist:NaturiaSacredTree","floor":1.0},{"not_picked":["theDuelist:NaturiaDragonfly","theDuelist:NaturiaMarron","theDuelist:SummoningSwarm","theDuelist:FossilExcavation"],"picked":"theDuelist:NaturiaEggplant","floor":3.0},{"not_picked":["theDuelist:NaturiaBeetle","theDuelist:SpacetimeTranscendence","theDuelist:NaturiaPineapple","theDuelist:VenomShot"],"picked":"theDuelist:NaturiaGaiastrio","floor":5.0},{"not_picked":["theDuelist:MudragonSwamp","theDuelist:ForbiddenChalice","theDuelist:DarkCreator","theDuelist:MillenniumGolem"],"picked":"theDuelist:AttackTheMoon","floor":6.0},{"not_picked":["theDuelist:Wildfire","theDuelist:ClosedForest","theDuelist:HuntingInstinct","theDuelist:SeismicShockwave"],"picked":"theDuelist:NaturiaForest","floor":10.0},{"not_picked":["theDuelist:NaturiaCliff","theDuelist:NaturiaEggplant","theDuelist:Alpacaribou","theDuelist:NaturiaGaiastrio"],"picked":"theDuelist:NaturiaParadizo","floor":12.0},{"not_picked":["theDuelist:FossilDig","theDuelist:NaturiaMantis","theDuelist:SummoningSwarm","theDuelist:NaturiaDragonfly"],"picked":"theDuelist:NaturiaHydrangea","floor":13.0},{"not_picked":["theDuelist:NaturiaHorneedle","theDuelist:Wildfire","theDuelist:MultiplicationOfAnts","theDuelist:SeismicShockwave"],"picked":"theDuelist:HeartUnderdog","floor":16.0},{"not_picked":["theDuelist:NaturiaDragonfly","theDuelist:NaturiaMantis+1","theDuelist:NaturiaRosewhip","theDuelist:FossilDig"],"picked":"theDuelist:SeedSacredTree","floor":18.0},{"not_picked":["theDuelist:GemArmadillo+1","theDuelist:GemElephant+1","theDuelist:NaturiaHydrangea","theDuelist:DestroyerGolem"],"picked":"theDuelist:NaturiaEggplant+1","floor":19.0},{"not_picked":["theDuelist:CastleWalls","theDuelist:CastleWalls","theDuelist:NaturiaForest","theDuelist:AttackTheMoon","theDuelist:HeartUnderdog"],"picked":"SKIP","floor":21.0},{"not_picked":["theDuelist:NaturiaCliff","theDuelist:Spore","theDuelist:NaturiaButterfly+1","theDuelist:NaturiaBeans"],"picked":"theDuelist:NaturiaBrambi","floor":24.0},{"not_picked":["theDuelist:FuryFire","theDuelist:SeedSacredTree","theDuelist:LeodrakeMane","theDuelist:PotDuality"],"picked":"theDuelist:ConvulsionNature+1","floor":25.0},{"not_picked":["theDuelist:DestroyerGolem","theDuelist:MillenniumGolem+1","theDuelist:MudGolem","theDuelist:MudragonSwamp","theDuelist:HammerShot"],"picked":"SKIP","floor":30.0},{"not_picked":["theDuelist:Wiretap","theDuelist:LairWire","theDuelist:NatureReflection","theDuelist:Pollinosis"],"picked":"theDuelist:BottomlessTrapHole+1","floor":31.0},{"not_picked":["theDuelist:MultiplicationOfAnts","theDuelist:Canyon","theDuelist:ClosedForest","theDuelist:NaturiaVein+1"],"picked":"theDuelist:NaturiaBarkion+1","floor":33.0},{"not_picked":["theDuelist:NaturiaDragonfly+1","theDuelist:NaturiaHydrangea","theDuelist:NaturiaRosewhip","theDuelist:SummoningSwarm+1","theDuelist:LuminousMoss"],"picked":"SKIP","floor":35.0},{"not_picked":["theDuelist:NaturiaEggplant","theDuelist:NaturiaMarron+1","theDuelist:NaturiaStinkbug","theDuelist:NaturiaHydrangea+1","theDuelist:LuminousMoss+1"],"picked":"SKIP","floor":36.0},{"not_picked":["theDuelist:Mudora+1","theDuelist:BlockGolem+1","theDuelist:MillenniumGolem","theDuelist:DarkHole"],"picked":"theDuelist:Terraforming+1","floor":41.0},{"not_picked":["theDuelist:HeartUnderdog+1","theDuelist:Canyon","theDuelist:NaturiaVein","theDuelist:SeismicShockwave+1","theDuelist:NaturiaForest+1"],"picked":"SKIP","floor":44.0},{"not_picked":["theDuelist:NaturiaCliff+1","theDuelist:NaturiaLandoise+1","theDuelist:NaturiaRock","theDuelist:PotForbidden+1"],"picked":"theDuelist:CrystalRose+1","floor":46.0},{"not_picked":["theDuelist:NaturiaHydrangea+1","theDuelist:NaturiaStinkbug+1","theDuelist:NaturiaCliff+1","theDuelist:NaturiaEggplant+1"],"picked":"theDuelist:NaturiaLandoise+1","floor":54}],"player_experience":145146,"relics_obtained":[{"floor":6.0,"key":"theDuelist:MillenniumRing"},{"floor":7.0,"key":"Snake Skull"},{"floor":8.0,"key":"Toy Ornithopter"},{"floor":9.0,"key":"CaptainsWheel"},{"floor":10.0,"key":"Bag of Marbles"},{"floor":12.0,"key":"Eternal Feather"},{"floor":25.0,"key":"Turnip"},{"floor":26.0,"key":"Vajra"},{"floor":28.0,"key":"Lizard Tail"},{"floor":28.0,"key":"Sundial"},{"floor":29.0,"key":"Meat on the Bone"},{"floor":30.0,"key":"Ginger"},{"floor":41.0,"key":"theDuelist:ZoneToken"},{"floor":42.0,"key":"Charon\u0027s Ashes"},{"floor":44.0,"key":"Red Skull"},{"floor":47.0,"key":"Incense Burner"},{"floor":54,"key":"Shuriken"}],"event_choices":[{"cards_removed":["theDuelist:CastleWalls"],"damage_healed":0.0,"max_hp_gain":0.0,"max_hp_loss":0.0,"gold_gain":0.0,"event_name":"The Cleric","player_choice":"Card Removal","floor":2.0,"gold_loss":50.0,"damage_taken":0.0},{"damage_healed":0.0,"max_hp_gain":0.0,"max_hp_loss":0.0,"gold_gain":175.0,"event_name":"Liars Game","player_choice":"AGREE","floor":4.0,"gold_loss":0.0,"damage_taken":0.0,"cards_obtained":["Doubt"]},{"damage_healed":0.0,"max_hp_gain":0.0,"max_hp_loss":0.0,"gold_gain":75.0,"event_name":"World of Goop","player_choice":"Gather Gold","floor":14.0,"gold_loss":0.0,"damage_taken":11.0},{"damage_healed":0.0,"max_hp_gain":5.0,"max_hp_loss":0.0,"gold_gain":0.0,"event_name":"Forgotten Altar","player_choice":"Shed Blood","floor":22.0,"gold_loss":0.0,"damage_taken":20.0},{"damage_healed":0.0,"max_hp_gain":0.0,"max_hp_loss":0.0,"gold_gain":0.0,"event_name":"Colosseum","player_choice":"Fight","floor":28.0,"gold_loss":0.0,"damage_taken":0.0},{"damage_healed":0.0,"max_hp_gain":0.0,"max_hp_loss":0.0,"gold_gain":0.0,"event_name":"Colosseum","player_choice":"Fought Nobs","floor":28.0,"gold_loss":0.0,"damage_taken":0.0},{"total_magic_score":79.0,"gold_gain":0.0,"duelist":true,"damage_taken":0.0,"relics_obtained":[],"points":9.0,"max_hp_gain":19.0,"max_hp_loss":0.0,"spent_points":{"magic":0.0,"greed":0.0,"war":4.0,"power":1.0,"hunger":4.0},"event_name":"Nameless Tomb","hunger_reward":4.0,"floor":38.0,"gold_loss":0.0,"cards_obtained":[]},{"damage_healed":0.0,"max_hp_gain":0.0,"max_hp_loss":0.0,"gold_gain":0.0,"event_name":"Aknamkanon\u0027s Tomb","player_choice":"Dig - random Duelist relic","duelist":true,"floor":39.0,"gold_loss":0.0,"damage_taken":0.0},{"damage_healed":0.0,"max_hp_gain":0.0,"max_hp_loss":0.0,"gold_gain":0.0,"event_name":"MindBloom","player_choice":"Fight","floor":42.0,"gold_loss":0.0,"damage_taken":0.0}],"is_beta":false,"boss_relics":[{"not_picked":["Empty Cage","Fusion Hammer"],"picked":"Cursed Key"},{"not_picked":["Inserter","Tiny House"],"picked":"Runic Cube"}],"items_purged_floors":[20,37,48],"is_endless":false,"potions_floor_spawned":[1,5,6,13,16,18,28,28,30,31,33,36,44],"ascension_level":8}}