{"host":"640uue19m79c7wbt","time":1611714431,"event":{"mods":["BaseMod","Colored Map","Googly Eyes","Highlight Path","Minty Spire (QoL Compilation)","Quick Restart","StSLib"],"gold_per_floor":[111,36,36,55,55,85,85,97,124,140,200,214,242,272,272,349,349,365,37,53,53,65,65,65,65,65],"floor_reached":25,"language":"ENG","playtime":823,"items_purged":[],"score":437,"play_id":"58f5ff54-ad53-4234-971f-d745d3180dc8","local_time":"20210126212711","is_ascension_mode":true,"campfire_choices":[{"data":"After Image","floor":7.0,"key":"SMITH"},{"floor":15.0,"key":"REST"},{"floor":23,"key":"REST"}],"circlet_count":0,"master_deck":["AscendersBane","Strike_G","Defend_G","Defend_G","Defend_G","Defend_G","Defend_G","Survivor","Neutralize","Eviscerate","Riddle With Holes","Caltrops","After Image+1","Blade Dance","Escape Plan","Dagger Spray","Noxious Fumes+1","Noxious Fumes+1","Blur","Envenom+1","Bane+1","Noxious Fumes+1","Prepared","Wraith Form v2+1","Infinite Blades+1"],"relics":["Ring of the Snake","NeowsBlessing","Boot","MealTicket","Frozen Egg 2","Paper Crane","Odd Mushroom","SacredBark","TwistedFunnel","Vajra"],"acts_visited":["Exordium","TheCity"],"potions_floor_usage":[16,18],"damage_taken":[{"damage":0.0,"enemies":"Small Slimes","floor":1.0,"turns":1.0},{"damage":0.0,"enemies":"Cultist","floor":4.0,"turns":1.0},{"damage":0.0,"enemies":"Lagavulin","floor":6.0,"turns":1.0},{"damage":0.0,"enemies":"2 Louse","floor":8.0,"turns":2.0},{"damage":1.0,"enemies":"2 Fungi Beasts","floor":10.0,"turns":4.0},{"damage":17.0,"enemies":"Lagavulin Event","floor":11.0,"turns":5.0},{"damage":10.0,"enemies":"Exordium Wildlife","floor":12.0,"turns":5.0},{"damage":4.0,"enemies":"3 Sentries","floor":13.0,"turns":4.0},{"damage":8.0,"enemies":"The Mushroom Lair","floor":14.0,"turns":4.0},{"damage":22,"enemies":"Slime Boss","floor":16,"turns":9},{"damage":29,"enemies":"Shell Parasite","floor":18,"turns":6},{"damage":16,"enemies":"Spheric Guardian","floor":20,"turns":5},{"damage":17,"enemies":"Chosen and Byrds","floor":22,"turns":5},{"damage":19,"enemies":"Sentry and Sphere","floor":25,"turns":4}],"seed_played":"3962904002590018434","potions_obtained":[{"floor":4.0,"key":"LiquidBronze"},{"floor":8.0,"key":"PowerPotion"},{"floor":11.0,"key":"Block Potion"},{"floor":12.0,"key":"AttackPotion"},{"floor":13.0,"key":"Block Potion"},{"floor":16,"key":"Energy Potion"},{"floor":20,"key":"SteroidPotion"}],"is_trial":false,"path_per_floor":["M","?","?","M","$","E","R","M","T","M","?","M","E","?","R","B",null,"M","$","M","?","M","R","?","M"],"character_chosen":"THE_SILENT","items_purchased":["TwistedFunnel","Vajra"],"campfire_rested":2,"item_purchase_floors":[19,19],"current_hp_per_floor":[59,59,59,59,59,59,59,59,59,58,41,31,27,19,38,16,54,25,40,24,24,7,26,20,1,1],"gold":65,"neow_bonus":"THREE_ENEMY_KILL","is_daily":false,"chose_seed":false,"campfire_upgraded":1,"win_rate":0.0,"timestamp":1611714431,"path_taken":["M","?","?","?","?","E","R","M","T","?","?","M","E","?","R","BOSS","M","$","M","?","M","R","?","M"],"items_purchased_type":["Relic","Relic"],"build_version":"2020-12-22","purchased_purges":0,"victory":false,"max_hp_per_floor":[66,66,66,66,66,66,66,66,66,66,66,66,66,66,66,66,66,66,66,66,66,66,66,66,66,66],"card_choices":[{"not_picked":["Outmaneuver","Prepared"],"picked":"Eviscerate","floor":1.0},{"not_picked":["Flying Knee","Dodge and Roll"],"picked":"Caltrops","floor":4.0},{"not_picked":["Blade Dance","Reflex"],"picked":"After Image","floor":6.0},{"not_picked":["Infinite Blades","PiercingWail"],"picked":"Blade Dance","floor":8.0},{"not_picked":["Prepared","Setup"],"picked":"Escape Plan","floor":10.0},{"not_picked":["Expertise","Acrobatics"],"picked":"Dagger Spray","floor":11.0},{"not_picked":["Outmaneuver","Acrobatics"],"picked":"Noxious Fumes+1","floor":12.0},{"not_picked":["Cloak And Dagger","Phantasmal Killer"],"picked":"Noxious Fumes+1","floor":13.0},{"not_picked":["Masterful Stab","Reflex"],"picked":"Blur","floor":14.0},{"not_picked":["A Thousand Cuts+1","Unload"],"picked":"Envenom+1","floor":16},{"not_picked":["Acrobatics","Finisher"],"picked":"Bane+1","floor":18},{"not_picked":["Poisoned Stab","PiercingWail"],"picked":"Noxious Fumes+1","floor":20},{"not_picked":["Deflect","Flying Knee"],"picked":"Infinite Blades+1","floor":22}],"player_experience":639198,"relics_obtained":[{"floor":6.0,"key":"Boot"},{"floor":9.0,"key":"MealTicket"},{"floor":13.0,"key":"Paper Crane"},{"floor":14.0,"key":"Odd Mushroom"}],"event_choices":[{"cards_removed":["Strike_G"],"damage_healed":0.0,"max_hp_gain":0.0,"max_hp_loss":0.0,"gold_gain":0.0,"event_name":"The Cleric","player_choice":"Card Removal","floor":2.0,"gold_loss":75.0,"damage_taken":0.0},{"damage_healed":0.0,"max_hp_gain":0.0,"max_hp_loss":0.0,"gold_gain":0.0,"cards_transformed":["Strike_G"],"event_name":"Transmorgrifier","player_choice":"Transformed","floor":3.0,"gold_loss":0.0,"damage_taken":0.0,"cards_obtained":["Riddle With Holes"]},{"damage_healed":0.0,"max_hp_gain":0.0,"max_hp_loss":0.0,"gold_gain":0.0,"event_name":"Dead Adventurer","player_choice":"Searched \u00273\u0027 times","floor":11.0,"gold_loss":0.0,"damage_taken":0.0,"relics_obtained":["Frozen Egg 2"]},{"damage_healed":0.0,"max_hp_gain":0.0,"max_hp_loss":0.0,"gold_gain":0.0,"event_name":"Mushrooms","player_choice":"Fought Mushrooms","floor":14.0,"gold_loss":0.0,"damage_taken":0.0},{"damage_healed":0,"gold_gain":0,"cards_transformed":["Strike_G","Strike_G"],"player_choice":"Became Test Subject","damage_taken":0,"max_hp_gain":0,"max_hp_loss":0,"event_name":"Drug Dealer","floor":21,"gold_loss":0,"cards_obtained":["Prepared","Wraith Form v2"]},{"damage_healed":0,"gold_gain":0,"player_choice":"","damage_taken":6,"max_hp_gain":0,"max_hp_loss":0,"event_name":"Knowing Skull","floor":24,"potions_obtained":[],"gold_loss":0,"cards_obtained":[]}],"is_beta":false,"boss_relics":[{"not_picked":["Black Star","HoveringKite"],"picked":"SacredBark"}],"items_purged_floors":[],"is_endless":false,"potions_floor_spawned":[4,8,11,12,13,16,20],"killed_by":"Sentry and Sphere","ascension_level":17}}