{"host":"2wp95sdfrgw3k439","time":1611780716,"event":{"mods":["BaseMod","Better Altar","Better Skull","Better Third Choice","Curses Come First","Minty Spire (QoL Compilation)","Permanent Neow","Reliquary","StSLib"],"gold_per_floor":[109,109,59,74,91,91,127,151,176,176,185,212,236,33,33,140,140,167,176,201,246,321,321,321],"floor_reached":23,"language":"ENG","playtime":970,"items_purged":["Regret"],"score":292,"play_id":"7f7b1e17-fae3-4822-8e82-5269fc2cd2ba","local_time":"20210127135156","is_ascension_mode":true,"campfire_choices":[{"data":"Berserk","floor":6,"key":"SMITH"},{"floor":10,"key":"REST"},{"floor":15,"key":"REST"}],"circlet_count":0,"master_deck":["Defend_R","Defend_R","Defend_R","Defend_R","Bash","Berserk+1","Rampage","Inflame","Iron Wave","Thunderclap","Iron Wave","Bloodletting","Offering","Double Tap","Clothesline+1","Necronomicurse","Iron Wave+1","Bite","Bite","Bite","Bite","Bite"],"relics":["Burning Blood","CeramicFish","reliquary:WeakTea","Smiling Mask","Happy Flower","Sozu","Necronomicon","reliquary:PurpleTingedLeaf"],"acts_visited":["Exordium","TheCity"],"potions_floor_usage":[4,12,16,16],"damage_taken":[{"damage":3,"enemies":"Jaw Worm","floor":1,"turns":4},{"damage":4,"enemies":"2 Louse","floor":4,"turns":2},{"damage":0,"enemies":"Small Slimes","floor":5,"turns":3},{"damage":33,"enemies":"Lagavulin","floor":7,"turns":8},{"damage":6,"enemies":"Exordium Thugs","floor":8,"turns":4},{"damage":25,"enemies":"Exordium Wildlife","floor":12,"turns":6},{"damage":21,"enemies":"Blue Slaver","floor":13,"turns":4},{"damage":40,"enemies":"The Guardian","floor":16,"turns":7},{"damage":24,"enemies":"Spheric Guardian","floor":18,"turns":5},{"damage":13,"enemies":"3 Byrds","floor":20,"turns":5},{"damage":58,"enemies":"Gremlin Leader","floor":23,"turns":5}],"seed_played":"-890863803700903310","potions_obtained":[{"floor":1,"key":"DistilledChaos"},{"floor":7,"key":"BlessingOfTheForge"},{"floor":8,"key":"ColorlessPotion"},{"floor":12,"key":"Strength Potion"}],"is_trial":false,"path_per_floor":["M","?","?","M","M","R","E","M","T","R","?","M","M","$","R","B",null,"M","?","M","?","T","E"],"character_chosen":"IRONCLAD","items_purchased":["Happy Flower"],"campfire_rested":2,"item_purchase_floors":[14],"current_hp_per_floor":[75,68,68,70,76,76,49,49,49,73,73,54,39,39,63,29,67,49,33,26,26,26,0,0],"gold":321,"neow_bonus":"ONE_RANDOM_RARE_CARD","is_daily":false,"chose_seed":false,"campfire_upgraded":1,"win_rate":0.0,"timestamp":1611780716,"path_taken":["M","?","?","M","M","R","E","?","T","R","?","M","M","?","R","BOSS","M","?","M","?","?","E"],"items_purchased_type":["Relic"],"build_version":"2020-12-22","purchased_purges":1,"victory":false,"max_hp_per_floor":[80,80,80,80,80,80,80,80,80,80,80,80,80,80,80,80,80,80,80,80,56,56,56,56],"card_choices":[{"not_picked":["Twin Strike","Iron Wave"],"picked":"Rampage","floor":1},{"not_picked":["Dual Wield","Blood for Blood"],"picked":"Inflame","floor":4},{"not_picked":["Warcry","Flex"],"picked":"Iron Wave","floor":5},{"not_picked":["True Grit","Warcry"],"picked":"Thunderclap","floor":7},{"not_picked":["Armaments","Clothesline"],"picked":"Iron Wave","floor":8},{"not_picked":["Seeing Red","Anger"],"picked":"Bloodletting","floor":12},{"not_picked":["Iron Wave","Disarm"],"picked":"Offering","floor":13},{"not_picked":["Impervious","Demon Form"],"picked":"Double Tap","floor":16},{"not_picked":["Sentinel+1","Twin Strike"],"picked":"Clothesline+1","floor":18},{"not_picked":["Sword Boomerang+1","Inflame"],"picked":"Iron Wave+1","floor":20}],"player_experience":481438,"relics_obtained":[{"floor":7,"key":"CeramicFish"},{"floor":9,"key":"reliquary:WeakTea"},{"floor":19,"key":"Necronomicon"},{"floor":22,"key":"reliquary:PurpleTingedLeaf"}],"event_choices":[{"cards_removed":["Strike_R"],"damage_healed":0,"gold_gain":0,"player_choice":"Card Removal","damage_taken":7,"max_hp_gain":0,"max_hp_loss":0,"event_name":"Golden Wing","floor":2,"gold_loss":0},{"cards_removed":["Strike_R"],"damage_healed":0,"gold_gain":0,"player_choice":"Card Removal","damage_taken":0,"max_hp_gain":0,"max_hp_loss":0,"event_name":"The Cleric","floor":3,"gold_loss":50},{"damage_healed":0,"gold_gain":0,"player_choice":"Box","damage_taken":0,"relics_obtained":["Smiling Mask"],"max_hp_gain":0,"max_hp_loss":0,"event_name":"Big Fish","floor":11,"gold_loss":0,"cards_obtained":["Regret"]},{"damage_healed":0,"gold_gain":0,"player_choice":"Obtained Book","damage_taken":16,"max_hp_gain":0,"max_hp_loss":0,"event_name":"Cursed Tome","floor":19,"gold_loss":0},{"damage_healed":0,"gold_gain":0,"player_choice":"Became a vampire","damage_taken":0,"max_hp_gain":0,"max_hp_loss":24,"event_name":"Vampires","floor":21,"gold_loss":0,"cards_obtained":["Bite","Bite","Bite","Bite","Bite"]}],"is_beta":false,"boss_relics":[{"not_picked":["Runic Cube","Cursed Key"],"picked":"Sozu"}],"items_purged_floors":[14],"is_endless":false,"potions_floor_spawned":[1,7,8,12,18],"killed_by":"Gremlin Leader","ascension_level":8}}