{"host":"3a1ypf1irl30q4k8","time":1611771333,"event":{"mods":["AchievementEnabler","BaseMod","Bestiary","Colored Map","Minty Spire (QoL Compilation)","Relic Stats"],"gold_per_floor":[116,133,408,424,440,440,470,71,71,83,83,102,28,39,39,140,140,151,161,180,255,32,32,57,57,57,57,23,23,48,62,62,62,62],"floor_reached":33,"language":"ENG","playtime":1706,"items_purged":["Strike_R"],"score":344,"play_id":"4990625c-80be-4202-8de0-2a3c1cd36735","local_time":"20210127181533","is_ascension_mode":true,"campfire_choices":[{"data":"Cleave","floor":6,"key":"SMITH"},{"floor":11,"key":"REST"},{"data":"Metallicize","floor":15,"key":"SMITH"},{"data":"Sever Soul","floor":23,"key":"SMITH"},{"data":"Juggernaut","floor":27,"key":"SMITH"},{"floor":32,"key":"REST"}],"circlet_count":0,"master_deck":["Strike_R","Strike_R","Strike_R","Strike_R","Defend_R","Defend_R","Defend_R","Defend_R","Bash","Reaper","Cleave+1","Wild Strike","Regret","Exhume","Metallicize+1","Corruption","Whirlwind","Flame Barrier","Spot Weakness","Shrug It Off","True Grit","Impervious","Juggernaut+1","Entrench+1","True Grit+1","Inflame","Sever Soul+1","Body Slam+1","Inflame","Writhe","Shockwave","Havoc+1"],"relics":["Burning Blood","Champion Belt","Toolbox","Paper Frog","SacredBark","Lee\u0027s Waffle","HornCleat","Enchiridion","Sundial","Bronze Scales"],"acts_visited":["Exordium","TheCity"],"potions_floor_usage":[5,7,14,18,19,20,33],"damage_taken":[{"damage":0,"enemies":"Small Slimes","floor":1,"turns":3},{"damage":6,"enemies":"Cultist","floor":2,"turns":4},{"damage":0,"enemies":"2 Louse","floor":4,"turns":2},{"damage":46,"enemies":"Exordium Thugs","floor":5,"turns":6},{"damage":65,"enemies":"3 Sentries","floor":7,"turns":9},{"damage":5,"enemies":"3 Louse","floor":10,"turns":2},{"damage":11,"enemies":"Looter","floor":12,"turns":3},{"damage":22,"enemies":"Exordium Wildlife","floor":14,"turns":7},{"damage":45,"enemies":"Hexaghost","floor":16,"turns":12},{"damage":34,"enemies":"Chosen","floor":18,"turns":7},{"damage":4,"enemies":"Shell Parasite","floor":19,"turns":6},{"damage":22,"enemies":"Centurion and Healer","floor":20,"turns":9},{"damage":25,"enemies":"Gremlin Leader","floor":24,"turns":7},{"damage":53,"enemies":"Book of Stabbing","floor":30,"turns":7},{"damage":3,"enemies":"Snake Plant","floor":31,"turns":4},{"damage":89,"enemies":"Automaton","floor":33,"turns":6}],"seed_played":"2218049002436828843","potions_obtained":[{"floor":4,"key":"EssenceOfSteel"},{"floor":5,"key":"Swift Potion"},{"floor":14,"key":"Block Potion"},{"floor":16,"key":"PowerPotion"},{"floor":18,"key":"ColorlessPotion"},{"floor":20,"key":"Ancient Potion"},{"floor":24,"key":"Ancient Potion"},{"floor":31,"key":"ColorlessPotion"}],"is_trial":false,"path_per_floor":["M","M","?","M","M","R","E","$","T","M","R","M","$","M","R","B",null,"M","M","M","?","$","R","E","?","T","R","$","?","E","M","R","B"],"character_chosen":"IRONCLAD","items_purchased":["Whirlwind","Flame Barrier","Spot Weakness","Toolbox","Regen Potion","Lee\u0027s Waffle","Sever Soul","Inflame"],"campfire_rested":2,"item_purchase_floors":[8,8,8,8,13,22,22,28],"current_hp_per_floor":[69,75,75,80,47,47,12,12,12,13,37,44,44,52,52,35,80,52,54,51,43,87,87,87,71,71,71,71,71,28,31,57,0,0],"gold":62,"neow_bonus":"THREE_RARE_CARDS","is_daily":false,"chose_seed":false,"campfire_upgraded":4,"win_rate":0.0,"timestamp":1611771333,"path_taken":["M","M","?","?","M","R","E","$","T","M","R","M","?","M","R","BOSS","M","M","M","?","?","R","E","?","T","R","$","?","E","M","R","BOSS"],"items_purchased_type":["Card","Card","Card","Relic","Potion","Relic","Card","Card"],"build_version":"2020-12-22","purchased_purges":1,"victory":false,"max_hp_per_floor":[80,80,80,80,80,80,80,80,80,80,80,80,80,80,80,80,80,80,80,80,80,87,87,87,87,87,87,87,87,87,87,87,87,87],"relic_stats":{"Lee\u0027s Waffle":44,"counters":[16,94],"Sundial":[0],"Bronze Scales":[30],"Champion Belt":[6],"obtain_stats":[{"Lee\u0027s Waffle":22,"HornCleat":24,"Sundial":29,"SacredBark":17,"Bronze Scales":30,"Toolbox":8,"Enchiridion":25,"Champion Belt":7,"Burning Blood":0,"Paper Frog":9},{"Lee\u0027s Waffle":12,"HornCleat":13,"Sundial":13,"SacredBark":9,"Bronze Scales":14,"Toolbox":5,"Enchiridion":13,"Champion Belt":5,"Burning Blood":0,"Paper Frog":5},{"Lee\u0027s Waffle":70,"HornCleat":77,"Sundial":77,"SacredBark":48,"Bronze Scales":84,"Toolbox":24,"Enchiridion":77,"Champion Belt":24,"Burning Blood":0,"Paper Frog":24}],"Burning Blood":85},"card_choices":[{"not_picked":["Impervious","Barricade"],"picked":"Reaper","floor":0},{"not_picked":["Sever Soul","Dark Embrace"],"picked":"Cleave","floor":1},{"not_picked":["Cleave","Heavy Blade"],"picked":"Wild Strike","floor":2},{"not_picked":["Armaments","Rage"],"picked":"Exhume","floor":4},{"not_picked":["Flame Barrier","True Grit"],"picked":"Metallicize","floor":5},{"not_picked":["Armaments","Bludgeon"],"picked":"Corruption","floor":7},{"not_picked":["Burning Pact","Armaments"],"picked":"Shrug It Off","floor":10},{"not_picked":["Sword Boomerang","Iron Wave"],"picked":"True Grit","floor":12},{"not_picked":["Cleave","Warcry"],"picked":"Impervious","floor":14},{"not_picked":["Limit Break","Brutality"],"picked":"Juggernaut","floor":16},{"not_picked":["Carnage+1","Clash"],"picked":"Entrench+1","floor":18},{"not_picked":["Sword Boomerang","Twin Strike"],"picked":"True Grit+1","floor":19},{"not_picked":["Sword Boomerang+1","Armaments"],"picked":"Inflame","floor":20},{"not_picked":["Anger","Perfected Strike"],"picked":"Body Slam+1","floor":24},{"not_picked":["Headbutt","Anger"],"picked":"Shockwave","floor":30},{"not_picked":["Reckless Charge","Dual Wield"],"picked":"Havoc+1","floor":31}],"player_experience":1231983,"relics_obtained":[{"floor":7,"key":"Champion Belt"},{"floor":9,"key":"Paper Frog"},{"floor":24,"key":"HornCleat"},{"floor":25,"key":"Enchiridion"},{"floor":30,"key":"Bronze Scales"}],"event_choices":[{"damage_healed":0,"gold_gain":275,"player_choice":"Desecrate","damage_taken":0,"max_hp_gain":0,"max_hp_loss":0,"event_name":"Golden Shrine","floor":3,"gold_loss":0,"cards_obtained":["Regret"]},{"damage_healed":0,"gold_gain":75,"player_choice":"Touch","damage_taken":8,"max_hp_gain":0,"max_hp_loss":0,"event_name":"FaceTrader","floor":21,"gold_loss":0},{"damage_healed":0,"gold_gain":0,"player_choice":"Obtained Book","damage_taken":16,"max_hp_gain":0,"max_hp_loss":0,"event_name":"Cursed Tome","floor":25,"gold_loss":0},{"damage_healed":0,"gold_gain":0,"player_choice":"Opened","damage_taken":0,"relics_obtained":["Sundial"],"max_hp_gain":0,"max_hp_loss":0,"event_name":"The Mausoleum","floor":29,"gold_loss":0,"cards_obtained":["Writhe"]}],"is_beta":false,"boss_relics":[{"not_picked":["SlaversCollar","Tiny House"],"picked":"SacredBark"}],"items_purged_floors":[8],"is_endless":false,"potions_floor_spawned":[4,5,14,16,18,20,24,31],"killed_by":"Automaton","ascension_level":4}}