{"host":"vyjryxuuuxkt43k4","time":1611737475,"event":{"mods":["AchievementEnabler","BaseMod","Colored Map","DeckTracker","Keyboard Shortcuts","Minty Spire (QoL Compilation)","Permanent Neow","Quick Restart","Rare Cards Sparkle","StSLib","SuperFastMode","everything is the same but u backflip on backflip"],"gold_per_floor":[109,109,129,143,164,197,197,51,51,67,67,101,101,101,101,199,199,229,40,58,85,115,115,158,158,185,208,208,11,63,77,77,182,182,206,230,230,80,95,128,141,141,189,0,32,53,53,92,92,92,92],"floor_reached":50,"language":"KOR","playtime":5381,"items_purged":["Strike_G","Strike_G","Strike_G","Defend_G"],"score":1045,"play_id":"7f4e9568-6129-4aaa-a5a5-332ab0dd32e0","local_time":"20210127175115","is_ascension_mode":true,"campfire_choices":[{"data":"Blade Dance","floor":7.0,"key":"SMITH"},{"floor":11.0,"key":"REST"},{"data":"Tactician","floor":15.0,"key":"SMITH"},{"data":"After Image","floor":23.0,"key":"SMITH"},{"floor":25.0,"key":"REST"},{"floor":28.0,"key":"REST"},{"data":"Neutralize","floor":32.0,"key":"SMITH"},{"floor":42.0,"key":"REST"},{"floor":49.0,"key":"RECALL"}],"circlet_count":0,"master_deck":["AscendersBane","Defend_G","Defend_G","Survivor","Neutralize+1","After Image+1","Blade Dance+1","Backflip","PiercingWail","Dagger Throw","Tactician+1","Noxious Fumes+1","PiercingWail+1","Prepared+1","Corpse Explosion+1","Catalyst+1","Panacea+1","Flying Knee","Eviscerate","Bullet Time+1","Terror+1","Accuracy+1","Calculated Gamble+1","Backflip+1","Burst+1","Flechettes+1"],"relics":["Ring of the Snake","Golden Idol","Frozen Egg 2","Toxic Egg 2","Pear","CeramicFish","WristBlade","Bag of Marbles","Akabeko","Pen Nib","Strawberry","Busted Crown","Anchor","Red Mask","Singing Bowl"],"acts_visited":["Exordium","TheCity","TheBeyond"],"potions_floor_usage":[],"damage_taken":[{"damage":0.0,"enemies":"Jaw Worm","floor":1.0,"turns":6.0},{"damage":0.0,"enemies":"Small Slimes","floor":3.0,"turns":3.0},{"damage":0.0,"enemies":"2 Louse","floor":4.0,"turns":4.0},{"damage":0.0,"enemies":"Lots of Slimes","floor":5.0,"turns":7.0},{"damage":20.0,"enemies":"Gremlin Nob","floor":6.0,"turns":5.0},{"damage":4.0,"enemies":"Looter","floor":10.0,"turns":4.0},{"damage":11.0,"enemies":"Lagavulin","floor":12.0,"turns":7.0},{"damage":32.0,"enemies":"Hexaghost","floor":16.0,"turns":13.0},{"damage":1.0,"enemies":"Chosen","floor":18.0,"turns":5.0},{"damage":13.0,"enemies":"3 Byrds","floor":22.0,"turns":3.0},{"damage":19.0,"enemies":"Book of Stabbing","floor":24.0,"turns":7.0},{"damage":1.0,"enemies":"Cultist and Chosen","floor":27.0,"turns":4.0},{"damage":0.0,"enemies":"Slavers","floor":30.0,"turns":2.0},{"damage":2.0,"enemies":"Sentry and Sphere","floor":31.0,"turns":4.0},{"damage":68.0,"enemies":"Champ","floor":33.0,"turns":9.0},{"damage":0.0,"enemies":"Orb Walker","floor":35.0,"turns":2.0},{"damage":0.0,"enemies":"3 Shapes","floor":36.0,"turns":5.0},{"damage":1.0,"enemies":"Spire Growth","floor":39.0,"turns":4.0},{"damage":35.0,"enemies":"Reptomancer","floor":40.0,"turns":5.0},{"damage":7.0,"enemies":"3 Darklings","floor":41.0,"turns":6.0},{"damage":0.0,"enemies":"Sphere and 2 Shapes","floor":45.0,"turns":5.0},{"damage":0.0,"enemies":"Jaw Worm Horde","floor":46.0,"turns":1.0},{"damage":22.0,"enemies":"Nemesis","floor":48.0,"turns":5.0},{"damage":32,"enemies":"Awakened One","floor":50,"turns":8}],"seed_played":"8096572482801400587","potions_obtained":[{"floor":1.0,"key":"SneckoOil"},{"floor":6.0,"key":"BlessingOfTheForge"},{"floor":16.0,"key":"Weak Potion"},{"floor":24.0,"key":"SkillPotion"},{"floor":27.0,"key":"AttackPotion"},{"floor":30.0,"key":"FearPotion"},{"floor":33.0,"key":"Fire Potion"},{"floor":35.0,"key":"Fire Potion"},{"floor":41.0,"key":"DistilledChaos"},{"floor":48.0,"key":"SteroidPotion"}],"is_trial":false,"path_per_floor":["M","?","M","M","M","E","R","$","T","M","R","E","?","T","R","B",null,"M","$","?","T","M","R","E","R","T","M","R","$","E","M","R","B",null,"M","M","?","$","M","E","M","R","T","?","M","M","?","E","R","B"],"character_chosen":"THE_SILENT","items_purchased":["Noxious Fumes+1","Panacea+1","Calculated Gamble+1"],"campfire_rested":4,"item_purchase_floors":[8,19,29],"current_hp_per_floor":[59,43,43,43,43,23,23,23,23,19,38,37,37,37,37,5,58,57,57,57,57,44,44,25,47,47,46,68,68,75,73,73,5,64,64,64,64,64,63,28,21,45,45,45,45,45,45,25,25,0,0],"gold":92,"neow_bonus":"ONE_RANDOM_RARE_CARD","is_daily":false,"chose_seed":false,"campfire_upgraded":4,"win_rate":0.0,"timestamp":1611737475,"path_taken":["M","?","M","M","M","E","R","$","T","M","R","E","?","?","R","BOSS","M","$","?","?","M","R","E","R","T","M","R","$","E","M","R","BOSS","M","M","?","$","M","E","?","R","T","?","M","M","?","E","R","BOSS"],"items_purchased_type":["Card","Card","Card"],"build_version":"2020-12-22","purchased_purges":4,"victory":false,"max_hp_per_floor":[66,66,66,66,66,66,66,66,66,66,66,76,76,76,76,76,76,76,76,76,76,76,76,76,76,76,76,76,76,83,83,83,83,83,83,83,83,83,83,83,83,83,83,83,83,83,83,85,85,85,85],"card_choices":[{"not_picked":["Heel Hook","Footwork"],"picked":"Blade Dance","floor":1.0},{"not_picked":["Blur","Caltrops"],"picked":"Backflip","floor":3.0},{"not_picked":["Underhanded Strike","Prepared"],"picked":"PiercingWail","floor":4.0},{"not_picked":["Riddle With Holes","Flying Knee"],"picked":"Dagger Throw","floor":5.0},{"not_picked":["Dodge and Roll","Quick Slash"],"picked":"Tactician","floor":6.0},{"not_picked":["Expertise+1","Bane"],"picked":"PiercingWail+1","floor":10.0},{"not_picked":["Deflect+1","PiercingWail+1"],"picked":"Prepared+1","floor":12.0},{"not_picked":["Unload","Tools of the Trade+1"],"picked":"Corpse Explosion+1","floor":16.0},{"not_picked":["Poisoned Stab","Dagger Throw"],"picked":"Catalyst+1","floor":18.0},{"not_picked":["Endless Agony","Outmaneuver+1"],"picked":"Bullet Time+1","floor":22.0},{"not_picked":["Tactician+1","All Out Attack"],"picked":"Terror+1","floor":24.0},{"not_picked":["Prepared+1","Backstab+1"],"picked":"Accuracy+1","floor":27.0},{"not_picked":["Cloak And Dagger+1","Deflect+1"],"picked":"Backflip+1","floor":30.0},{"not_picked":["Flying Knee+1","Dagger Spray","Quick Slash+1"],"picked":"SKIP","floor":31.0},{"not_picked":["Corpse Explosion+1","Tools of the Trade+1"],"picked":"Burst+1","floor":33.0},{"not_picked":["Riddle With Holes"],"picked":"SKIP","floor":35.0},{"not_picked":["Calculated Gamble+1"],"picked":"SKIP","floor":36.0},{"not_picked":["Sucker Punch"],"picked":"SKIP","floor":39.0},{"not_picked":["All Out Attack+1"],"picked":"SKIP","floor":40.0},{"not_picked":["Deadly Poison+1"],"picked":"SKIP","floor":41.0},{"not_picked":[],"picked":"Flechettes+1","floor":45.0},{"not_picked":["Underhanded Strike"],"picked":"SKIP","floor":46.0},{"not_picked":["PiercingWail+1"],"picked":"Singing Bowl","floor":48.0}],"player_experience":403471,"relics_obtained":[{"floor":6.0,"key":"Frozen Egg 2"},{"floor":9.0,"key":"Toxic Egg 2"},{"floor":12.0,"key":"Pear"},{"floor":14.0,"key":"CeramicFish"},{"floor":21.0,"key":"Bag of Marbles"},{"floor":24.0,"key":"Akabeko"},{"floor":26.0,"key":"Pen Nib"},{"floor":30.0,"key":"Strawberry"},{"floor":40.0,"key":"Anchor"},{"floor":48.0,"key":"Singing Bowl"}],"event_choices":[{"damage_healed":0.0,"max_hp_gain":0.0,"max_hp_loss":0.0,"gold_gain":0.0,"event_name":"Golden Idol","player_choice":"Take Damage","floor":2.0,"gold_loss":0.0,"damage_taken":16.0,"relics_obtained":["Golden Idol"]},{"damage_healed":0.0,"max_hp_gain":0.0,"max_hp_loss":0.0,"gold_gain":0.0,"event_name":"Shining Light","player_choice":"Ignored","floor":13.0,"gold_loss":0.0,"damage_taken":0.0},{"damage_healed":0.0,"max_hp_gain":0.0,"max_hp_loss":0.0,"gold_gain":0.0,"cards_transformed":["Strike_G","Strike_G"],"event_name":"Drug Dealer","player_choice":"Became Test Subject","floor":20.0,"gold_loss":0.0,"damage_taken":0.0,"cards_obtained":["Flying Knee","Eviscerate"]},{"cards_removed":["Defend_G"],"damage_healed":0.0,"max_hp_gain":0.0,"max_hp_loss":0.0,"gold_gain":0.0,"event_name":"Purifier","player_choice":"Purged","floor":37.0,"gold_loss":0.0,"damage_taken":0.0},{"damage_healed":0.0,"max_hp_gain":0.0,"max_hp_loss":0.0,"gold_gain":0.0,"event_name":"Tomb of Lord Red Mask","player_choice":"Paid","floor":44.0,"gold_loss":189.0,"damage_taken":0.0,"relics_obtained":["Red Mask"]},{"cards_removed":["Defend_G"],"damage_healed":0.0,"max_hp_gain":0.0,"max_hp_loss":0.0,"gold_gain":0.0,"event_name":"Falling","player_choice":"Removed Skill","floor":47.0,"gold_loss":0.0,"damage_taken":0.0}],"is_beta":false,"boss_relics":[{"not_picked":["Tiny House","SacredBark"],"picked":"WristBlade"},{"not_picked":["Runic Pyramid","Calling Bell"],"picked":"Busted Crown"}],"items_purged_floors":[8,19,29,38],"is_endless":false,"potions_floor_spawned":[1,6,16,24,27,30,33,35,41,48],"killed_by":"Awakened One","ascension_level":14}}