{"host":"h18ghvg9w8zr1me3","time":1611764536,"event":{"mods":["Act Like it!","BaseMod","Hallownest","Minty Spire (QoL Compilation)","StSLib"],"gold_per_floor":[119,119,119,135,100,100,0,0,0,33,33,59,78,92,92,189,189,208,208,662,674,674,474,474,507,507,567,598,553,553,569,569,569,569],"floor_reached":33,"language":"ZHS","playtime":1212,"items_purged":["Regret"],"score":379,"play_id":"57e245a7-0cfe-4896-aad4-28e0433877a2","local_time":"20210128002216","is_ascension_mode":true,"campfire_choices":[{"data":"Loop","floor":6,"key":"SMITH"},{"data":"Dualcast","floor":8,"key":"SMITH"},{"data":"Zap","floor":11,"key":"SMITH"},{"data":"Rainbow","floor":15,"key":"SMITH"},{"data":"Blizzard","floor":30,"key":"SMITH"},{"data":"Electrodynamics","floor":32,"key":"SMITH"}],"circlet_count":0,"master_deck":["Strike_B","Strike_B","Defend_B","Defend_B","Defend_B","Zap+1","Dualcast+1","Chill","Loop+1","FTL","Rainbow+1","Electrodynamics+1","Redo+1","Capacitor","Capacitor","Blizzard+1","Coolheaded","Consume+1","Cold Snap","Double Energy","Barrage+1"],"relics":["Cracked Core","Hallownest:DreamNailRelic","Hallownest:BankAccountRelic","Mango","Shovel","Sozu","Bottled Tornado","Hallownest:WatcherSealRelic","Mercury Hourglass","Smiling Mask","Bronze Scales"],"acts_visited":["Hallownest:Greenpath","Hallownest:CityofTears"],"potions_floor_usage":[12,18,25],"damage_taken":[{"damage":0,"enemies":"Hallownest:2_Baldur","floor":1,"turns":1},{"damage":0,"enemies":"Hallownest:2_MossCreeps","floor":4,"turns":1},{"damage":0,"enemies":"Hallownest:eliteMossKnight","floor":10,"turns":1},{"damage":2,"enemies":"Hallownest:eliteVengeflyKing","floor":12,"turns":6},{"damage":6,"enemies":"2_ Uuma","floor":13,"turns":4},{"damage":0,"enemies":"Hallownest:monsterMossCharger","floor":14,"turns":3},{"damage":28,"enemies":"Hallownest:BossBrokenVessel","floor":16,"turns":9},{"damage":8,"enemies":"Hallownest:Guard_and_Sentry","floor":18,"turns":3},{"damage":0,"enemies":"Hallownest:Flukemon_and_Top","floor":21,"turns":4},{"damage":19,"enemies":"Hallownest:Nosk","floor":25,"turns":6},{"damage":10,"enemies":"Hallownest:Glutton_and_Coward","floor":27,"turns":2},{"damage":9,"enemies":"Hallownest:eliteSoulWarrior","floor":28,"turns":6},{"damage":17,"enemies":"Hallownest:monsterShrumalOgre","floor":31,"turns":5},{"damage":51,"enemies":"Hallownest:BossGrimm","floor":33,"turns":6}],"seed_played":"-8772492859207067726","potions_obtained":[{"floor":1,"key":"EssenceOfSteel"},{"floor":12,"key":"Regen Potion"},{"floor":13,"key":"Weak Potion"}],"is_trial":false,"path_per_floor":["M","?","?","M","?","R","?","R","T","E","R","E","M","M","R","B",null,"M","?","?","M","?","$","?","E","T","M","E","?","R","M","R","B"],"character_chosen":"DEFECT","items_purchased":["Capacitor","Blizzard","Coolheaded"],"campfire_rested":0,"item_purchase_floors":[23,23,23],"current_hp_per_floor":[75,75,75,75,80,80,80,80,80,94,94,92,86,86,86,58,94,86,86,86,86,86,86,86,79,79,69,60,66,66,49,49,0,0],"gold":569,"neow_bonus":"THREE_ENEMY_KILL","is_daily":false,"chose_seed":false,"campfire_upgraded":6,"win_rate":0.0,"timestamp":1611764536,"path_taken":["M","?","?","?","?","R","?","R","T","E","R","E","M","M","R","BOSS","M","?","?","?","?","$","?","E","T","M","E","?","R","M","R","BOSS"],"items_purchased_type":["Card","Card","Card"],"build_version":"2020-12-22","purchased_purges":1,"victory":false,"max_hp_per_floor":[75,75,75,75,80,80,80,80,80,94,94,94,94,94,94,94,94,94,94,94,94,94,94,94,94,94,94,94,100,100,100,100,100,100],"card_choices":[{"not_picked":["Rip and Tear","Compile Driver"],"picked":"Chill","floor":1},{"not_picked":["Redo","Conserve Battery"],"picked":"Loop","floor":4},{"not_picked":["Barrage","Sweeping Beam"],"picked":"FTL","floor":10},{"not_picked":["Ball Lightning","Leap"],"picked":"Rainbow","floor":12},{"not_picked":["Ball Lightning","Compile Driver","Beam Cell"],"picked":"SKIP","floor":13},{"not_picked":["Ball Lightning","Beam Cell","Tempest"],"picked":"SKIP","floor":14},{"not_picked":["Meteor Strike","Rainbow"],"picked":"Electrodynamics","floor":16},{"not_picked":["Streamline+1","Undo"],"picked":"Redo+1","floor":18},{"not_picked":["Scrape+1","Compile Driver"],"picked":"Capacitor","floor":21},{"not_picked":["Beam Cell+1","Undo"],"picked":"Consume+1","floor":25},{"not_picked":["Redo","BootSequence+1"],"picked":"Cold Snap","floor":27},{"not_picked":["Melter+1","Streamline"],"picked":"Double Energy","floor":28},{"not_picked":["Redo","Steam"],"picked":"Barrage+1","floor":31}],"player_experience":81980,"relics_obtained":[{"floor":10,"key":"Mango"},{"floor":12,"key":"Shovel"},{"floor":25,"key":"Mercury Hourglass"},{"floor":26,"key":"Smiling Mask"},{"floor":28,"key":"Bronze Scales"}],"event_choices":[],"is_beta":false,"boss_relics":[{"not_picked":["Velvet Choker","Runic Dome"],"picked":"Sozu"}],"items_purged_floors":[23],"is_endless":false,"potions_floor_spawned":[1,12,13,18,28],"killed_by":"Hallownest:BossGrimm","ascension_level":3}}