{"host":"rz01j32460kf2mtw","time":1611759183,"event":{"mods":["BaseMod","Downfall","Minty Spire (QoL Compilation)","Quick Restart","StSLib"],"gold_per_floor":[99,99,99,99,24,44,44,58,92,24,85,85,35,35,49,49,49,49],"floor_reached":16,"language":"ENG","playtime":843,"items_purged":[],"score":96,"play_id":"d83b09e4-bbbe-421a-bd52-2dd692e7ac3f","local_time":"20210127075303","is_ascension_mode":false,"campfire_choices":[{"data":"Slimebound:Split","floor":1,"key":"SMITH"},{"data":"Slimebound:LeechEnergy","floor":13,"key":"SMITH"}],"circlet_count":0,"master_deck":["Slimebound:Strike_Slimebound","Slimebound:Strike_Slimebound","Slimebound:Strike_Slimebound","Slimebound:Tackle","Slimebound:Defend_Slimebound","Slimebound:Defend_Slimebound","Slimebound:Defend_Slimebound","Slimebound:Defend_Slimebound","Slimebound:Split+1","Slimebound:CorrosiveSpit","Slimebound:SplitBruiser","Slimebound:DisruptingSlam","Slimebound:FirmFortitude","Slimebound:FormOfPuddle+1","Slimebound:ServeAndProtect+1","Slimebound:LeechEnergy+1","Slimebound:SplitAcid+1","Slimebound:LivingWall+1","Slimebound:SlimeBarrage"],"relics":["Slimebound:AbsorbEndCombat","downfall:HeartsMalice","Slimebound:GreedOozeRelic","Toxic Egg 2","Pantograph","White Beast Statue"],"acts_visited":["Exordium"],"potions_floor_usage":[11,11,16],"damage_taken":[{"damage":0,"enemies":"Cultist","floor":2,"turns":1},{"damage":0,"enemies":"Jaw Worm","floor":3,"turns":1},{"damage":0,"enemies":"Small Slimes","floor":4,"turns":1},{"damage":6,"enemies":"3 Louse","floor":6,"turns":3},{"damage":9,"enemies":"Exordium Thugs","floor":8,"turns":5},{"damage":9,"enemies":"Lagavulin","floor":9,"turns":6},{"damage":5,"enemies":"downfall:FleeingMerchant","floor":10,"turns":4},{"damage":9,"enemies":"3 Sentries","floor":11,"turns":4},{"damage":8,"enemies":"Lots of Slimes","floor":15,"turns":4},{"damage":74,"enemies":"WA_ARCHETYPE_RETAIN","floor":16,"turns":8}],"seed_played":"1525963140610174922","potions_obtained":[{"floor":6,"key":"Slimebound:ThreeZeroPotion"},{"floor":9,"key":"Explosive Potion"},{"floor":15,"key":"Fire Potion"}],"is_trial":false,"path_per_floor":["R","M","M","M","?","M","T","M","E","$","?","?","R","?","M","B"],"character_chosen":"SLIMEBOUND","items_purchased":["Slimebound:SplitAcid+1"],"campfire_rested":0,"item_purchase_floors":[10],"current_hp_per_floor":[65,65,65,65,65,59,59,54,49,48,39,39,39,39,35,0,0,0],"gold":49,"neow_bonus":"THREE_ENEMY_KILL","is_daily":false,"chose_seed":false,"campfire_upgraded":2,"win_rate":0.0,"timestamp":1611759183,"path_taken":["R","M","M","?","?","M","T","M","E","$","?","?","R","?","M","BOSS"],"items_purchased_type":["Card"],"build_version":"2020-12-22","purchased_purges":0,"victory":false,"max_hp_per_floor":[65,65,65,65,65,65,65,65,65,65,65,65,65,65,65,65,65,65],"card_choices":[{"not_picked":["Slimebound:LeechingTouch","Slimebound:ComboTackle"],"picked":"Slimebound:SplitBruiser","floor":2},{"not_picked":["Slimebound:BestDefense","Slimebound:HauntingLick"],"picked":"Slimebound:DisruptingSlam","floor":3},{"not_picked":["Slimebound:SplitMire","Slimebound:MegaLick"],"picked":"Slimebound:FirmFortitude","floor":4},{"not_picked":["Slimebound:FinishingTackle","Slimebound:TongueLash","Slimebound:ItLooksTasty"],"picked":"SKIP","floor":6},{"not_picked":["Slimebound:ComboTackle","Slimebound:FinishingTackle"],"picked":"Slimebound:FormOfPuddle+1","floor":8},{"not_picked":["Slimebound:RollThrough","Slimebound:HauntingLick+1"],"picked":"Slimebound:ServeAndProtect+1","floor":9},{"not_picked":["Slimebound:Grow","Slimebound:HauntingLick+1"],"picked":"Slimebound:LeechEnergy","floor":10},{"not_picked":["Slimebound:GoopTackle","Slimebound:SlimeSpikes+1"],"picked":"Slimebound:LivingWall+1","floor":11},{"not_picked":["Slimebound:ProtectTheBoss","Slimebound:GoopSpray+1"],"picked":"Slimebound:SlimeBarrage","floor":15}],"player_experience":890788,"relics_obtained":[{"floor":7,"key":"Toxic Egg 2"},{"floor":9,"key":"Pantograph"},{"floor":11,"key":"White Beast Statue"}],"event_choices":[{"damage_healed":0,"gold_gain":0,"player_choice":"Ignored","damage_taken":0,"max_hp_gain":0,"max_hp_loss":0,"event_name":"NoteForYourself","floor":14,"gold_loss":0}],"is_beta":false,"boss_relics":[],"items_purged_floors":[],"is_endless":false,"potions_floor_spawned":[6,9,15],"killed_by":"WA_ARCHETYPE_RETAIN","ascension_level":0}}