{"host":"lcnwkjlokfwcnxxu","time":1611739421,"event":{"mods":["BaseMod","Colored Map","Downfall","GifTheSpireLib","Infinite Spire","Koishi","Marisa（霧雨　魔理沙）","Minty Spire (QoL Compilation)","Quick Restart","Replay The Spire","StSLib","The Disciple","The Hierophant","The Servant 0.9.4"],"gold_per_floor":[117,128,142,15,33,33,67,78,78,3,3,3,3,17,17,118,118,105,25,25,42,58,58,78,78,78],"floor_reached":25,"language":"ENG","playtime":1095,"items_purged":["Strike_R","Amnesia"],"score":205,"play_id":"a3244b52-206a-4d62-9035-08c501a9eac5","local_time":"20210127012341","is_ascension_mode":false,"campfire_choices":[{"data":"Rampage","floor":6,"key":"SMITH"},{"data":"Armaments","floor":13,"key":"SMITH"},{"data":"Bash","floor":15,"key":"SMITH"},{"floor":23,"key":"REST"}],"circlet_count":0,"master_deck":["Strike_R","Strike_R","Defend_R","Bash+1","Run Through","Rampage+1","Armaments+1","ReplayTheSpireMod:Muscle Training+1","True Grit+1","ReplayTheSpireMod:Strike From Hell","Replay:Hysterical Blindness","Defy Death+1"],"relics":["Burning Blood","Incense Burner","WingedGreaves","The Courier","Kintsugi"],"acts_visited":["Exordium","TheCity"],"potions_floor_usage":[7,7,16,16,16],"damage_taken":[{"damage":6,"enemies":"2 Louse","floor":1,"turns":3},{"damage":8,"enemies":"Jaw Worm","floor":2,"turns":4},{"damage":5,"enemies":"Small Slimes","floor":3,"turns":3},{"damage":8,"enemies":"Red Slaver","floor":5,"turns":4},{"damage":21,"enemies":"Lagavulin","floor":7,"turns":6},{"damage":14,"enemies":"Blue Slaver","floor":8,"turns":5},{"damage":5,"enemies":"Looter","floor":14,"turns":3},{"damage":28,"enemies":"Hexaghost","floor":16,"turns":9},{"damage":16,"enemies":"2 Thieves","floor":18,"turns":4},{"damage":18,"enemies":"Shell Parasite","floor":21,"turns":4},{"damage":35,"enemies":"Snake Plant","floor":22,"turns":4},{"damage":37,"enemies":"Cultist and Chosen","floor":24,"turns":10},{"damage":17,"enemies":"Centurion and Healer","floor":25,"turns":7}],"seed_played":"1411122399453327833","potions_obtained":[{"floor":1,"key":"EntropicBrew"},{"floor":21,"key":"bronze:BurnAndBuffPotion"},{"floor":22,"key":"AttackPotion"}],"is_trial":false,"path_per_floor":["M","M","M","$","M","R","E","M","T","$","?","?","R","M","R","B",null,"M","$","?","M","M","R","M","M"],"character_chosen":"IRONCLAD","items_purchased":["Armaments","DuplicationPotion"],"campfire_rested":1,"item_purchase_floors":[4,10],"current_hp_per_floor":[88,86,87,87,85,85,70,62,62,62,62,62,62,63,63,41,88,78,78,78,66,37,63,32,15,15],"gold":78,"neow_bonus":"TEN_PERCENT_HP_BONUS","is_daily":false,"chose_seed":false,"campfire_upgraded":3,"win_rate":0.0,"timestamp":1611739421,"path_taken":["M","M","M","$","M","R","E","M","T","$","?","?","R","M","R","BOSS","M","$","?","M","M","R","M","M"],"items_purchased_type":["Card","Potion"],"build_version":"2020-12-22","purchased_purges":2,"victory":false,"max_hp_per_floor":[88,88,88,88,88,88,88,88,88,88,88,88,88,88,88,88,88,88,88,88,88,88,88,88,88,88],"card_choices":[{"not_picked":["Clash","Anger","Combust"],"picked":"SKIP","floor":1},{"not_picked":["Cleave","Flex"],"picked":"Run Through","floor":2},{"not_picked":["Pummel","Burning Pact"],"picked":"Rampage","floor":3},{"not_picked":["Iron Wave","Infernal Blade"],"picked":"ReplayTheSpireMod:Muscle Training","floor":5},{"not_picked":["Corruption","Reaper"],"picked":"True Grit","floor":7},{"not_picked":["Body Slam","Wild Strike"],"picked":"ReplayTheSpireMod:Strike From Hell","floor":8},{"not_picked":["Headbutt","Power Through","Dual Wield"],"picked":"SKIP","floor":14},{"not_picked":["Headbutt","Clothesline","Iron Wave"],"picked":"SKIP","floor":18},{"not_picked":["Wild Strike","Replay:Undeath\u0027s Touch"],"picked":"Defy Death+1","floor":21},{"not_picked":["Hemokinesis","Entrench","Abandon+1"],"picked":"SKIP","floor":22},{"not_picked":["Anger+1","Searing Blow","Armaments"],"picked":"SKIP","floor":24}],"player_experience":103330,"relics_obtained":[{"floor":7,"key":"Incense Burner"},{"floor":9,"key":"WingedGreaves"}],"event_choices":[{"damage_healed":0,"gold_gain":0,"player_choice":"Searched \u00271\u0027 times","damage_taken":0,"relics_obtained":["The Courier"],"max_hp_gain":0,"max_hp_loss":0,"event_name":"Dead Adventurer","floor":11,"gold_loss":0},{"damage_healed":0,"gold_gain":0,"player_choice":"Forge","damage_taken":0,"max_hp_gain":0,"max_hp_loss":0,"event_name":"Accursed Blacksmith","floor":20,"gold_loss":0,"cards_upgraded":["ReplayTheSpireMod:Muscle Training"]}],"is_beta":false,"boss_relics":[{"not_picked":["Busted Crown","Runic Cube"],"picked":"Kintsugi"}],"items_purged_floors":[4,19],"is_endless":false,"potions_floor_spawned":[1,21,22],"killed_by":"Centurion and Healer","ascension_level":0}}