{"host":"amvb77pwe2wp6zyc","time":1611781984,"event":{"mods":["2.2 Compatiblity","AchievementEnabler","AlwaysNeverKeys","BaseMod","BetterRewards","Downfall","GifTheSpireLib","Minty Spire (QoL Compilation)","Permanent Neow","Quick Restart","Relic Filter","Shop Mod","StSLib","SuperFastMode","Trackpad"],"gold_per_floor":[99,109,109,19,38,55,82,67,67,52,69,79,79,64,82,82,82,82],"floor_reached":16,"language":"DEU","playtime":1369,"items_purged":["hexamod:Strike"],"score":92,"play_id":"e4d8f128-a72d-48c3-be21-b309906ea241","local_time":"20210127221304","is_ascension_mode":false,"campfire_choices":[{"data":"hexamod:Strike","floor":1.0,"key":"SMITH"},{"data":"hexamod:CatchUp","floor":9,"key":"SMITH"},{"floor":13,"key":"REST"}],"circlet_count":0,"master_deck":["hexamod:Strike","hexamod:Strike","hexamod:Strike+1","hexamod:Defend","hexamod:Defend","hexamod:Defend","hexamod:Defend","hexamod:Sear","hexamod:Float","hexamod:CatchUp+1"],"relics":["hexamod:IceCube","Nunchaku"],"acts_visited":["Exordium"],"potions_floor_usage":[],"damage_taken":[{"damage":2.0,"enemies":"Small Slimes","floor":2.0,"turns":4.0},{"damage":5.0,"enemies":"downfall:FleeingMerchant","floor":4.0,"turns":4.0},{"damage":4,"enemies":"Cultist","floor":5,"turns":4},{"damage":7,"enemies":"2 Louse","floor":6,"turns":3},{"damage":5,"enemies":"downfall:FleeingMerchant","floor":8,"turns":4},{"damage":5,"enemies":"downfall:FleeingMerchant","floor":10,"turns":4},{"damage":5,"enemies":"3 Louse","floor":11,"turns":3},{"damage":0,"enemies":"2 Fungi Beasts","floor":12,"turns":4},{"damage":10,"enemies":"downfall:FleeingMerchant","floor":14,"turns":4},{"damage":2,"enemies":"Blue Slaver","floor":15,"turns":3},{"damage":23,"enemies":"IC_STATUS_ARCHETYPE","floor":16,"turns":8}],"seed_played":"8470846911350513864","potions_obtained":[{"floor":5,"key":"Energy Potion"},{"floor":6,"key":"DistilledChaos"},{"floor":11,"key":"BlessingOfTheForge"}],"is_trial":false,"path_per_floor":["R","M","?","$","M","M","T","$","R","$","M","M","R","$","M","B"],"character_chosen":"THE_SPIRIT","items_purchased":[],"campfire_rested":1,"item_purchase_floors":[],"current_hp_per_floor":[70,68,68,63,59,52,52,47,47,42,37,37,58,48,46,23,23,23],"gold":82,"neow_bonus":"BOSS_RELIC","is_daily":false,"chose_seed":false,"campfire_upgraded":2,"win_rate":0.0,"timestamp":1611781984,"path_taken":["R","M","?","$","?","M","T","?","R","?","?","M","R","$","M","BOSS"],"items_purchased_type":[],"build_version":"2020-12-22","purchased_purges":1,"victory":false,"max_hp_per_floor":[70,70,70,70,70,70,70,70,70,70,70,70,70,70,70,70,70,70],"card_choices":[{"not_picked":["hexamod:BurningTouch","hexamod:RainOfEmbers","hexamod:NightmareStrike"],"picked":"SKIP","floor":2.0},{"not_picked":["hexamod:HeatMetal","hexamod:GhostShield"],"picked":"hexamod:CatchUp","floor":4.0},{"not_picked":["hexamod:GhostLash","hexamod:HauntingEcho","hexamod:GhostOfSpirePast"],"picked":"SKIP","floor":5},{"not_picked":["hexamod:GhostOfSpirePast","hexamod:InspiringFlames","hexamod:AdvancingGuard"],"picked":"SKIP","floor":6},{"not_picked":["hexamod:GhostflameBarrier","hexamod:AdvancingGuard","hexamod:UnlimitedPower"],"picked":"SKIP","floor":8},{"not_picked":["hexamod:Firestarter","hexamod:GhostLash","hexamod:HauntingEcho"],"picked":"SKIP","floor":10},{"not_picked":["hexamod:FourthSeal","hexamod:ThermalTransfer","hexamod:GhostLash"],"picked":"SKIP","floor":11},{"not_picked":["hexamod:NightmareGuise","hexamod:GiftsFromTheDead","hexamod:HeatCrush"],"picked":"SKIP","floor":12},{"not_picked":["hexamod:Rewind","hexamod:SwordOfDarkness","hexamod:FlamesFromBeyond"],"picked":"SKIP","floor":14},{"not_picked":["hexamod:SpectersWail","hexamod:Incineration","hexamod:Again"],"picked":"SKIP","floor":15}],"player_experience":238831,"relics_obtained":[{"floor":7,"key":"Nunchaku"}],"event_choices":[{"damage_healed":0.0,"max_hp_gain":0.0,"max_hp_loss":0.0,"gold_gain":0.0,"event_name":"NoteForYourself","player_choice":"Ignored","floor":3.0,"gold_loss":0.0,"damage_taken":0.0}],"is_beta":false,"boss_relics":[],"items_purged_floors":[4],"is_endless":false,"potions_floor_spawned":[5,6,11,12],"killed_by":"IC_STATUS_ARCHETYPE","ascension_level":0}}