{"host":"jrmqsbok61y7b34d","time":1611773745,"event":{"mods":["BaseMod","Better Skull","Colored Map","Colored Powertips","Downfall","Emptier Cage","Minty Spire (QoL Compilation)","Permanent Neow","Quick Restart","Relic Stats","StSLib","Unceasing Turn Reminder"],"gold_per_floor":[99,127,24,52,52,52,52,72,87,116,131,147,164,180,190,294,294,294,309,234,268,280,280,280,280],"floor_reached":23,"language":"ENG","playtime":3637,"items_purged":[],"score":258,"play_id":"f42c4c54-360c-45a7-ad3e-e245368b568f","local_time":"20210127185545","is_ascension_mode":false,"campfire_choices":[{"floor":1.0,"key":"REST"},{"floor":6.0,"key":"REST"},{"data":"sneckomod:UnlimitedRolls","floor":18.0,"key":"SMITH"},{"floor":20.0,"key":"DIG"}],"circlet_count":0,"master_deck":["sneckomod:Strike","sneckomod:Strike","sneckomod:Defend","sneckomod:Defend","sneckomod:Defend","sneckomod:TailWhip","sneckomod:SnekBite","sneckomod:Unknown","sneckomod:Unknown","sneckomod:UnlimitedRolls+1","sneckomod:Mudshield","sneckomod:CheapStock","sneckomod:QuickBite","sneckomod:UnknownVulnerable+1","Iron Wave","sneckomod:QuickMove+1","Madness+1","sneckomod:TrashToTreasure+1","sneckomod:UnknownRareSkill+1","sneckomod:SerpentIdol+1","sneckomod:UnknownBlock+1","sneckomod:Restock+1","sneckomod:MorePower","sneckomod:UnknownUncommonAttack+1","sneckomod:UnknownRareAttack"],"relics":["sneckomod:SneckoSoul","Pear","Toxic Egg 2","Shovel","The Courier","SacredBark","downfall:HeartBlessingGreen","Omamori","Ancient Tea Set"],"acts_visited":[],"potions_floor_usage":[],"damage_taken":[{"damage":36.0,"enemies":"3 Sentries","floor":2.0,"turns":8.0},{"damage":5.0,"enemies":"downfall:FleeingMerchant","floor":3.0,"turns":4.0},{"damage":5.0,"enemies":"Lagavulin","floor":4.0,"turns":6.0},{"damage":4.0,"enemies":"Small Slimes","floor":8.0,"turns":3.0},{"damage":1.0,"enemies":"Cultist","floor":9.0,"turns":3.0},{"damage":4.0,"enemies":"3 Sentries","floor":10.0,"turns":15.0},{"damage":1.0,"enemies":"Jaw Worm","floor":11.0,"turns":2.0},{"damage":12.0,"enemies":"Blue Slaver","floor":12.0,"turns":2.0},{"damage":0.0,"enemies":"2 Fungi Beasts","floor":13.0,"turns":2.0},{"damage":0.0,"enemies":"Red Slaver","floor":14.0,"turns":1.0},{"damage":4.0,"enemies":"Large Slime","floor":15.0,"turns":3.0},{"damage":6.0,"enemies":"downfall:CharBossIronclad","floor":16.0,"turns":7.0},{"damage":8.0,"enemies":"3 Byrds","floor":19.0,"turns":5.0},{"damage":64.0,"enemies":"Book of Stabbing","floor":21.0,"turns":7.0},{"damage":23,"enemies":"Chosen","floor":22,"turns":9},{"damage":10,"enemies":"downfall:FleeingMerchant","floor":23,"turns":3}],"seed_played":"-574572971806051695","potions_obtained":[{"floor":2.0,"key":"DistilledChaos"},{"floor":11.0,"key":"sneckomod:MuddlingPotion"},{"floor":13.0,"key":"Fire Potion"},{"floor":15.0,"key":"Energy Potion"},{"floor":19.0,"key":"FairyPotion"},{"floor":22,"key":"sneckomod:DiceRollPotion"}],"is_trial":false,"path_per_floor":["R","E","$","E","?","R","T","M","M","E","M","M","M","M","M","B",null,"R","M","R","E","M","$"],"character_chosen":"THE_SNECKO","items_purchased":["sneckomod:CheapStock","sneckomod:QuickBite"],"campfire_rested":2,"item_purchase_floors":[3,3],"current_hp_per_floor":[90,64,59,55,55,85,85,81,80,77,76,64,71,71,72,66,110,110,102,102,38,15,5,5,5],"gold":280,"neow_bonus":"THREE_RARE_CARDS","is_daily":false,"chose_seed":false,"campfire_upgraded":1,"win_rate":0.0,"timestamp":1611773745,"path_taken":["R","E","$","E","?","R","T","M","M","E","?","M","M","M","M","BOSS","R","M","R","E","M","$"],"items_purchased_type":["Card","Card"],"build_version":"2020-12-22","purchased_purges":0,"victory":false,"max_hp_per_floor":[90,100,100,101,101,101,101,101,101,102,102,102,109,109,110,110,110,110,110,110,110,110,110,110,110],"relic_stats":{"Shovel":1,"counters":[16,80],"obtain_stats":[{"Pear":2,"Shovel":7,"SacredBark":17,"downfall:HeartBlessingGreen":20,"The Courier":10,"Omamori":20,"Toxic Egg 2":4,"sneckomod:SneckoSoul":0,"Ancient Tea Set":21},{"Pear":1,"Shovel":3,"SacredBark":12,"downfall:HeartBlessingGreen":13,"The Courier":6,"Omamori":13,"Toxic Egg 2":3,"sneckomod:SneckoSoul":0,"Ancient Tea Set":14},{"Pear":8,"Shovel":18,"SacredBark":56,"downfall:HeartBlessingGreen":61,"The Courier":39,"Omamori":61,"Toxic Egg 2":18,"sneckomod:SneckoSoul":0,"Ancient Tea Set":68}]},"card_choices":[{"not_picked":["sneckomod:UnknownRareAttack","sneckomod:DangerNoodle"],"picked":"sneckomod:UnlimitedRolls","floor":0.0},{"not_picked":["sneckomod:QuickMove","sneckomod:UnknownWeak"],"picked":"sneckomod:Mudshield","floor":2.0},{"not_picked":["sneckomod:CheapStock","sneckomod:UnknownClassSLIMEBOUND+1"],"picked":"sneckomod:UnknownVulnerable+1","floor":4.0},{"not_picked":["sneckomod:UnknownClassGUARDIAN+1","sneckomod:UnknownVulnerable+1"],"picked":"sneckomod:QuickMove+1","floor":8.0},{"not_picked":["sneckomod:Nope+1","sneckomod:DiceCrush","sneckomod:RainOfDice"],"picked":"SKIP","floor":9.0},{"not_picked":["sneckomod:UnknownUncommonSkill+1","sneckomod:IronFang"],"picked":"sneckomod:UnknownEthereal+1","floor":10.0},{"not_picked":["sneckomod:DiceBlock+1","sneckomod:UnknownUncommonPower"],"picked":"sneckomod:TrashToTreasure+1","floor":11.0},{"not_picked":["sneckomod:UnknownClassGREEN+1","sneckomod:WideSting","sneckomod:UnknownCommonSkill+1"],"picked":"SKIP","floor":12.0},{"not_picked":["sneckomod:UnknownClassRED+1","sneckomod:UnknownCommonAttack"],"picked":"sneckomod:UnknownRareSkill+1","floor":13.0},{"not_picked":["sneckomod:Unknown0Cost+1","sneckomod:SoulRoll+1"],"picked":"sneckomod:SerpentIdol+1","floor":14.0},{"not_picked":["sneckomod:UnknownCommonSkill+1","sneckomod:DiceBlock+1"],"picked":"sneckomod:UnknownBlock+1","floor":15.0},{"not_picked":["sneckomod:UnknownRareSkill+1","sneckomod:DangerNoodle"],"picked":"sneckomod:Restock+1","floor":16.0},{"not_picked":["sneckomod:UnknownClassRED+1","sneckomod:UnknownUncommonPower","sneckomod:Unknown1Cost+1"],"picked":"SKIP","floor":19.0},{"not_picked":["sneckomod:Unknown3Cost+1","sneckomod:SnekBeam"],"picked":"sneckomod:MorePower","floor":21.0},{"not_picked":["sneckomod:IronFang","sneckomod:DiceBlock+1"],"picked":"sneckomod:UnknownUncommonAttack+1","floor":22},{"not_picked":["sneckomod:Unknown3Cost","sneckomod:IronFang"],"picked":"sneckomod:UnknownRareAttack","floor":22}],"player_experience":1142097,"relics_obtained":[{"floor":2.0,"key":"Pear"},{"floor":4.0,"key":"Toxic Egg 2"},{"floor":7.0,"key":"Shovel"},{"floor":10.0,"key":"The Courier"},{"floor":20.0,"key":"Omamori"},{"floor":21.0,"key":"Ancient Tea Set"}],"event_choices":[{"cards_removed":["sneckomod:Strike"],"damage_healed":0.0,"max_hp_gain":0.0,"max_hp_loss":0.0,"gold_gain":0.0,"event_name":"NoteForYourself","player_choice":"Took Card","floor":5.0,"gold_loss":0.0,"damage_taken":0.0,"cards_obtained":["Iron Wave"]}],"is_beta":false,"boss_relics":[{"not_picked":["Velvet Choker","Snecko Eye"],"picked":"SacredBark"}],"items_purged_floors":[],"is_endless":false,"potions_floor_spawned":[2,11,13,15,19,22],"killed_by":"downfall:FleeingMerchant","ascension_level":0}}