{"host":"6jrd8fn9k88n08be","time":1611711422,"event":{"mods":["BaseMod","Minty Spire (QoL Compilation)","StSLib"],"gold_per_floor":[119,39,39,114,131,131,156,156,156,186,186,186],"floor_reached":11,"language":"ENG","playtime":163,"items_purged":[],"score":108,"play_id":"7d51f72a-e818-486d-b3ce-83d2241499cc","local_time":"20210126203702","is_ascension_mode":true,"campfire_choices":[{"data":"Eruption","floor":6,"key":"SMITH"}],"circlet_count":0,"master_deck":["Strike_P","Strike_P","Strike_P","Defend_P","Defend_P","Defend_P","Defend_P","Eruption+1","Vigilance","Crescendo","Adaptation","Tantrum","ClearTheMind","Scrawl"],"relics":["PureWater","NeowsBlessing","White Beast Statue","StoneCalendar","Art of War"],"acts_visited":["Exordium"],"potions_floor_usage":[],"damage_taken":[{"damage":0,"enemies":"2 Louse","floor":1,"turns":1},{"damage":0,"enemies":"Jaw Worm","floor":5,"turns":2},{"damage":0,"enemies":"Lagavulin","floor":7,"turns":1},{"damage":80,"enemies":"Gremlin Nob","floor":11,"turns":3}],"seed_played":"947035045455142031","potions_obtained":[],"is_trial":false,"path_per_floor":["M","$","?","?","M","R","E","?","T","?","E"],"character_chosen":"WATCHER","items_purchased":["Adaptation"],"campfire_rested":0,"item_purchase_floors":[2],"current_hp_per_floor":[72,72,77,66,66,66,66,66,66,66,0,0],"gold":186,"neow_bonus":"THREE_ENEMY_KILL","is_daily":false,"chose_seed":false,"campfire_upgraded":1,"win_rate":0.0,"timestamp":1611711422,"path_taken":["M","$","?","?","M","R","E","?","T","?","E"],"items_purchased_type":["Card"],"build_version":"2020-12-22","purchased_purges":0,"victory":false,"max_hp_per_floor":[72,72,77,77,77,77,77,77,77,77,77,77],"card_choices":[{"not_picked":["CutThroughFate","Protect"],"picked":"Crescendo","floor":1},{"not_picked":["FollowUp","Study"],"picked":"Tantrum","floor":5},{"not_picked":["EmptyBody","CarveReality"],"picked":"ClearTheMind","floor":7}],"player_experience":127310,"relics_obtained":[{"floor":7,"key":"White Beast Statue"},{"floor":9,"key":"StoneCalendar"}],"event_choices":[{"damage_healed":0,"gold_gain":0,"player_choice":"Donut","damage_taken":0,"max_hp_gain":5,"max_hp_loss":0,"event_name":"Big Fish","floor":3,"gold_loss":0},{"damage_healed":0,"gold_gain":75,"player_choice":"Gather Gold","damage_taken":11,"max_hp_gain":0,"max_hp_loss":0,"event_name":"World of Goop","floor":4,"gold_loss":0},{"damage_healed":0,"gold_gain":0,"cards_transformed":["Strike_P"],"player_choice":"Change","damage_taken":0,"max_hp_gain":0,"max_hp_loss":0,"event_name":"Living Wall","floor":8,"gold_loss":0,"cards_obtained":["Scrawl"]},{"damage_healed":0,"gold_gain":30,"player_choice":"Searched \u00272\u0027 times","damage_taken":0,"relics_obtained":["Art of War"],"max_hp_gain":0,"max_hp_loss":0,"event_name":"Dead Adventurer","floor":10,"gold_loss":0}],"is_beta":false,"boss_relics":[],"items_purged_floors":[],"is_endless":false,"potions_floor_spawned":[],"killed_by":"Gremlin Nob","ascension_level":3}}