{"host":"pcbz64t4k17ey4z1","time":1611774972,"event":{"mods":["2.2 Compatiblity","AchievementEnabler","Act Like it!","Aspiration","BaseMod","Beaked The Cultist","Better Match","Better Third Choice","BetterRewards","Card Forge","Colored Map","Colored Powertips","Conspire","Disable Question Mark Monsters","Fireblade Mod","Friendly Minions","Gensokyo","GifTheSpireLib","Glutton Mod","Googly Eyes","Gremlin Mod","Hermit","Hubris","Infinite Spire","Koishi","Marisa????????","Minty Spire (QoL Compilation)","Permanent Neow","Potionbrewer","Quick Restart","Random Character Button","Rare Cards Sparkle","Relic Filter","Replay The Spire","Robot Space Explorer","Shade Mod","Shop Mod","Spicy Shops","StSLib","Stuff the Spire","SuperFastMode","The Cursed","The Druid","The Gatherer","The Hierophant","The IronCluck","The Jungle","The Marked","The Runesmith","Virulent Crown","Waifu the Spire","Wandering Minibosses"],"gold_per_floor":[116,133,152,167,442,477,477,506,506,533,543,543,573,553,553,654,654,667,717,253,290,330,405,405,501,501,560,618,666,714,779,779,1112,1112,1157,1210,1270,1315,1377,1446,1446,1446,1446,1506,1544,1746,1781,1781,1781,1811,1811,1811,1333,1418,1524,1524],"floor_reached":55,"language":"ENG","playtime":3357,"items_purged":[],"score":1873,"play_id":"6625f2e3-4f4c-4733-a005-1f370b6426d0","local_time":"20210127191612","is_ascension_mode":true,"campfire_choices":[{"data":"Koishi:GeneticsOfTheUnconscious","floor":7.0,"key":"SMITH"},{"data":"Koishi:TraumaticStroke","floor":12.0,"key":"SMITH"},{"data":"Koishi:UnseenTerror","floor":15.0,"key":"SMITH"},{"data":"Koishi:BloodcurdlingScream","floor":24,"key":"SMITH"},{"data":"Koishi:HeartStoppingHorror","floor":32,"key":"SMITH"},{"data":"Koishi:TerrifyingSpectre","floor":41,"key":"SMITH"},{"floor":49,"key":"RECALL"},{"data":"Sadistic Nature","floor":52,"key":"SMITH"}],"circlet_count":0,"master_deck":["Koishi:BasicDefend","Koishi:BasicDefend","Koishi:BasicDefend","Koishi:BasicDefend","Koishi:Provoke+1","Koishi:HauntingSlash+1","Koishi:RuptureMind+1","Koishi:FidgetySnatcher+1","Koishi:YoukaiPolygraph+1","Koishi:StingingMind+1","Koishi:TraumaticStroke+1","Koishi:DreadfulBlow","Koishi:BloodcurdlingScream+1","Koishi:UnseenTerror+1","Koishi:HeartStoppingHorror","Koishi:ParalyzingFear+1","Sadistic Nature+1","Koishi:HeartStoppingHorror+1","Koishi:BloodcurdlingScream+1","hubris:DuctTapeCard","Koishi:ImGoingToCallYouNow","CurseOfTheBell","Koishi:JumpScare","Koishi:JumpScare+1","Koishi:JumpScare+1","Koishi:TerrifyingSpectre+1","Parasite","Koishi:JumpScare","Koishi:TerrifyingSpectre+1","hubris:EnhanceAbility"],"relics":["Hammer of Thor","Seething Fire","Anvil of the Gods","potionbrewer:AlchemistFlask","Strange Spoon","Gremlin Horn","StuffTheSpire:ForceGauntlet","Happy Flower","StuffTheSpire:Expresso","Lantern","infinitespire:Satchel","infinitespire:CheckeredPen","Letter Opener","Runesmith:Nanobots","potionbrewer:BottledElixir","Ring of Chaos","wanderingMiniBosses:ThiefScarf","Koishi:ImaginaryFriend","Koishi:BloodstainedWhiteRose","Replay:Bandana","Simple Rune","War Paint","hubris:SphereOfDissonance","Ornamental Fan","aspiration:Stabinomicon","hubris:DuctTape","Calling Bell","aspiration:Nostalgia","infinitespire:DarkRift","Toy Ornithopter","Whetstone","BranchBurnRelic","infinitespire:Joker Card","Regal Pillow","hubris:Towel","Strawberry","DollysMirror","potionbrewer:MortarAndPestle","infinitespire:Midas Blood","potionbrewer:DrinkingBird"],"acts_visited":["Exordium","TheCity","TheBeyond","TheEnding"],"potions_floor_usage":[18,23,25,31,33,35,35,37,44,47,50,55],"damage_taken":[{"damage":0.0,"enemies":"conspire:RoseBush","floor":1.0,"turns":3.0},{"damage":0.0,"enemies":"infinitespire:Voidling","floor":2.0,"turns":2.0},{"damage":0.0,"enemies":"2 Louse","floor":3.0,"turns":1.0},{"damage":0.0,"enemies":"conspire:2 RoseBushes","floor":4.0,"turns":2.0},{"damage":0.0,"enemies":"Replay:BlueRogue","floor":6.0,"turns":3.0},{"damage":0.0,"enemies":"Gremlin Nob","floor":8.0,"turns":2.0},{"damage":0.0,"enemies":"Replay:BlueRogue","floor":10.0,"turns":4.0},{"damage":0.0,"enemies":"Blue Slaver","floor":11.0,"turns":1.0},{"damage":0.0,"enemies":"3 Sentries","floor":13.0,"turns":3.0},{"damage":4.0,"enemies":"Looter","floor":14.0,"turns":5.0},{"damage":0.0,"enemies":"Slime Boss","floor":16.0,"turns":2.0},{"damage":0,"enemies":"Shell Parasite","floor":18,"turns":2},{"damage":0,"enemies":"2 Thieves","floor":19,"turns":5},{"damage":0,"enemies":"Snake Plant","floor":21,"turns":2},{"damage":0,"enemies":"Shelled Parasite and Fungi","floor":22,"turns":2},{"damage":13,"enemies":"conspire:Head Lice","floor":23,"turns":3},{"damage":13,"enemies":"Nightmare","floor":25,"turns":5},{"damage":0,"enemies":"Replay:Snechameleon","floor":27,"turns":2},{"damage":0,"enemies":"3 Cultists","floor":28,"turns":2},{"damage":0,"enemies":"Chosen and Byrds","floor":29,"turns":3},{"damage":1,"enemies":"Centurion and Healer","floor":30,"turns":4},{"damage":0,"enemies":"Book of Stabbing","floor":31,"turns":3},{"damage":0,"enemies":"Automaton","floor":33,"turns":5},{"damage":1,"enemies":"3 Shapes","floor":35,"turns":2},{"damage":9,"enemies":"3 Darklings","floor":36,"turns":3},{"damage":11,"enemies":"4 Shapes","floor":37,"turns":2},{"damage":24,"enemies":"Spire Growth","floor":38,"turns":3},{"damage":17,"enemies":"Sphere and 2 Shapes","floor":39,"turns":3},{"damage":2,"enemies":"Reptomancer","floor":40,"turns":2},{"damage":0,"enemies":"Nightmare","floor":44,"turns":4},{"damage":10,"enemies":"Jaw Worm Horde","floor":45,"turns":4},{"damage":25,"enemies":"Writhing Mass","floor":47,"turns":4},{"damage":1,"enemies":"hubris:GrandSnecko","floor":50,"turns":5},{"damage":1,"enemies":"Shield and Spear","floor":54,"turns":4},{"damage":94,"enemies":"The Heart","floor":55,"turns":8}],"seed_played":"2820186750021833690","potions_obtained":[{"floor":6.0,"key":"potionbrewer:DiscountPotion"},{"floor":8.0,"key":"BlessingOfTheForge"},{"floor":10.0,"key":"Weak Potion"},{"floor":11.0,"key":"Block Potion"},{"floor":16.0,"key":"AttackPotion"},{"floor":19,"key":"Dexterity Potion"},{"floor":21,"key":"Explosive Potion"},{"floor":23,"key":"BlessingOfTheForge"},{"floor":27,"key":"Block Potion"},{"floor":28,"key":"AttackPotion"},{"floor":33,"key":"EntropicBrew"},{"floor":40,"key":"potionbrewer:StunPotion"},{"floor":45,"key":"Fire Potion"},{"floor":47,"key":"Toxic Potion"}],"is_trial":false,"path_per_floor":["M","M","M","M","?","E","R","E","T","E","M","R","E","M","R","B",null,"M","M","$","M","M","E","R","NM","T","E","M","M","M","E","R","B",null,"M","M","M","M","M","E","R","AVR","T","NM","M","?","M","?","R","B",null,"R","$","E","B"],"character_chosen":"KOISHI","items_purchased":["potionbrewer:AlchemistFlask","Strange Spoon","Koishi:RuptureMind+1","Koishi:FidgetySnatcher","Finesse","Gremlin Horn","StuffTheSpire:ForceGauntlet","Happy Flower","Lantern","Koishi:YoukaiPolygraph","Koishi:BloodstainedWhiteRose","Replay:Bandana","Sadistic Nature","Strawberry","DollysMirror","hubris:EnhanceAbility"],"campfire_rested":0,"item_purchase_floors":[0,0,0,0,0,0,0,0,0,0,20,20,20,53,53,53],"current_hp_per_floor":[56,60,60,60,60,60,60,60,60,60,60,60,60,58,58,60,60,60,60,60,60,60,58,58,60,60,60,60,60,60,60,60,60,60,60,58,60,36,36,57,57,57,57,60,60,60,60,60,60,60,60,60,67,67,0,0],"gold":1524,"neow_bonus":"","is_daily":false,"chose_seed":false,"campfire_upgraded":7,"win_rate":0.0,"timestamp":1611774972,"path_taken":["M","M","M","M","?","E","R","E","T","E","M","R","E","M","R","BOSS","M","M","$","?","M","E","R","NM","T","E","M","?","M","E","R","BOSS","M","?","M","M","M","E","R","AVR","T","NM","M","?","M","?","R","BOSS","R","$","E","BOSS"],"items_purchased_type":["Relic","Relic","Card","Card","Card","Relic","Relic","Relic","Relic","Card","Relic","Relic","Card","Relic","Relic","Card"],"build_version":"2020-12-22","purchased_purges":0,"victory":false,"max_hp_per_floor":[60,60,60,60,60,60,60,60,60,60,60,60,60,60,60,60,60,60,60,60,60,60,60,60,60,60,60,60,60,60,60,60,60,60,60,60,60,60,60,60,60,60,60,60,60,60,60,60,60,60,60,60,67,67,67,67],"card_choices":[{"not_picked":["Koishi:EmbersOfLove","Koishi:FleetingPhantom","Koishi:Prune"],"picked":"SKIP","floor":1.0},{"not_picked":["Koishi:BramblyRoseGarden","Koishi:ParalyzingFear"],"picked":"Koishi:StingingMind","floor":2.0},{"not_picked":["Koishi:RorschachInDanmaku","Koishi:SubconsciousSweep"],"picked":"Koishi:GeneticsOfTheUnconscious","floor":3.0},{"not_picked":["Koishi:SprinkleStarAndHeart","Koishi:RorschachInDanmaku"],"picked":"Koishi:TraumaticStroke","floor":4.0},{"not_picked":["Koishi:UnansweredLove","Koishi:RacingHeart"],"picked":"Koishi:DreadfulBlow","floor":6.0},{"not_picked":["Koishi:Jaunt","Koishi:UnansweredLove"],"picked":"Koishi:BloodcurdlingScream","floor":8.0},{"not_picked":["Koishi:FadingMemory","Koishi:RorschachInDanmaku","Koishi:Possession"],"picked":"SKIP","floor":10.0},{"not_picked":["Koishi:ReflexRadar","Koishi:UnansweredLove"],"picked":"Koishi:UnseenTerror","floor":11.0},{"not_picked":["Koishi:StingingMind","Koishi:MassHysteria","Koishi:Possession"],"picked":"SKIP","floor":13.0},{"not_picked":["Koishi:BloodcurdlingScream","Koishi:UnconsciousUprising","Koishi:StingingMind"],"picked":"SKIP","floor":14.0},{"not_picked":["Koishi:FormlessExistence","Koishi:MindStellarRelief"],"picked":"Koishi:HeartStoppingHorror","floor":16.0},{"not_picked":["Koishi:MassHysteria","Koishi:StingingMind"],"picked":"Koishi:ParalyzingFear","floor":18},{"not_picked":["Koishi:DreadfulBlow","Koishi:UnconsciousUprising","Koishi:RorschachInDanmaku+1"],"picked":"SKIP","floor":19},{"not_picked":["Koishi:FidgetySnatcher","Koishi:Whimsy","Koishi:EmbryosDream"],"picked":"SKIP","floor":21},{"not_picked":["Koishi:PhilosophyOfTheDespised+1","Koishi:SubterraneanRose+1","Koishi:VengefulSpirit"],"picked":"SKIP","floor":22},{"not_picked":["Koishi:StingingMind","Koishi:UnconsciousUrges","Koishi:RacingHeart"],"picked":"SKIP","floor":23},{"not_picked":["Koishi:PredatoryInstincts","Koishi:BramblyRoseGarden+1","Koishi:MassHysteria+1"],"picked":"SKIP","floor":25},{"not_picked":["Koishi:RorschachInDanmaku+1","Koishi:SprinkleStarAndHeart+1","Koishi:UnseenTerror"],"picked":"SKIP","floor":27},{"not_picked":["Koishi:Jaunt","Koishi:ReflexRadar"],"picked":"Koishi:HeartStoppingHorror","floor":28},{"not_picked":["Koishi:SubconsciousSweep+1","Koishi:EmbryosDream","Koishi:PhantomBarrier"],"picked":"SKIP","floor":29},{"not_picked":["Koishi:PhantomStrike+1","Koishi:ApparitionsStalkTheNight","Koishi:HeartfeltFancy+1"],"picked":"SKIP","floor":30},{"not_picked":["Koishi:Possession","Koishi:SprinkleStarAndHeart"],"picked":"Koishi:BloodcurdlingScream+1","floor":31},{"not_picked":["Koishi:MentalBreakdown","Koishi:FormlessExistence"],"picked":"Koishi:ImGoingToCallYouNow","floor":33},{"not_picked":["Koishi:ReflexRadar+1","Koishi:SpiritedAway+1"],"picked":"Koishi:JumpScare","floor":35},{"not_picked":["Koishi:ReleaseOfTheId+1","Koishi:YoukaiPolygraph+1","Koishi:ReflexRadar"],"picked":"SKIP","floor":36},{"not_picked":["Koishi:UnconsciousUrges+1","Koishi:FourthEye+1","Koishi:FleetingPhantom+1"],"picked":"SKIP","floor":37},{"not_picked":["Koishi:HeartfeltFancy+1","Koishi:TraumaticStroke+1"],"picked":"Koishi:JumpScare+1","floor":38},{"not_picked":["Koishi:StrangeCloudFist+1","Koishi:SubconsciousSweep+1"],"picked":"Koishi:JumpScare+1","floor":39},{"not_picked":["Koishi:SilentAndRestless","Koishi:IdleWhim"],"picked":"Koishi:TerrifyingSpectre","floor":40},{"not_picked":["Koishi:StingingMind","Koishi:IdleWhim","Koishi:SubconsciousSweep"],"picked":"SKIP","floor":44},{"not_picked":["Koishi:Whimsy","Koishi:PhilosophyOfTheDespised","Koishi:PhantomBarrier+1"],"picked":"SKIP","floor":45},{"not_picked":["Koishi:Catatonia","Koishi:SubconsciousSweep"],"picked":"Koishi:JumpScare","floor":47},{"not_picked":["Koishi:Possession","Koishi:JumpScare+1","Koishi:MassHysteria"],"picked":"SKIP","floor":54}],"player_experience":3371503,"relics_obtained":[{"floor":6.0,"key":"infinitespire:Satchel"},{"floor":8.0,"key":"infinitespire:CheckeredPen"},{"floor":9.0,"key":"Letter Opener"},{"floor":10.0,"key":"Runesmith:Nanobots"},{"floor":13.0,"key":"potionbrewer:BottledElixir"},{"floor":19,"key":"wanderingMiniBosses:ThiefScarf"},{"floor":19,"key":"Koishi:ImaginaryFriend"},{"floor":23,"key":"Simple Rune"},{"floor":25,"key":"War Paint"},{"floor":26,"key":"hubris:SphereOfDissonance"},{"floor":27,"key":"Ornamental Fan"},{"floor":31,"key":"aspiration:Stabinomicon"},{"floor":33,"key":"hubris:DuctTape"},{"floor":34,"key":"Dead Branch"},{"floor":34,"key":"aspiration:Nostalgia"},{"floor":34,"key":"Toy Ornithopter"},{"floor":40,"key":"Whetstone"},{"floor":44,"key":"Regal Pillow"},{"floor":54,"key":"potionbrewer:MortarAndPestle"}],"event_choices":[{"damage_healed":0.0,"max_hp_gain":0.0,"max_hp_loss":0.0,"gold_gain":275.0,"event_name":"Golden Shrine","player_choice":"Desecrate","floor":5.0,"gold_loss":0.0,"damage_taken":0.0,"cards_obtained":["Regret"]}],"is_beta":false,"boss_relics":[{"not_picked":["conspire:RunicOctahedron","StuffTheSpire:RunicConfusion"],"picked":"Ring of Chaos"},{"not_picked":["aspiration:FutureDiary","hubris:Backtick"],"picked":"Calling Bell"}],"items_purged_floors":[],"is_endless":false,"potions_floor_spawned":[6,8,10,11,16,19,21,23,27,28,30,36,40,45,47],"killed_by":"The Heart","ascension_level":7}}