{"host":"spdqkj9ykratwava","time":1611726004,"event":{"mods":["BaseMod","Block Reminder","Minty Spire (QoL Compilation)","Slay the Relics Exporter","StSLib"],"gold_per_floor":[113,131,147,167,183,183,210,222,222,240,240,240,252,252,252,353,353,369,369,379,396,415,415,415],"floor_reached":23,"language":"ENG","playtime":1182,"items_purged":[],"score":199,"play_id":"dddedcd1-9cec-4c0f-b62b-66e782e546ec","local_time":"20210126214004","is_ascension_mode":false,"campfire_choices":[{"data":"Coolheaded","floor":6.0,"key":"SMITH"},{"data":"Go for the Eyes","floor":11,"key":"SMITH"},{"data":"Beam Cell","floor":15,"key":"SMITH"}],"circlet_count":0,"master_deck":["Strike_B","Strike_B","Strike_B","Strike_B+1","Defend_B","Defend_B","Defend_B","Defend_B","Zap","Dualcast","Coolheaded+1","Steam","Glacier","Gash+1","Beam Cell+1","Go for the Eyes+1","Loop","Core Surge","Steam","Parasite","Hologram+1","Defragment+1","Hologram"],"relics":["Cracked Core","Happy Flower","Black Star"],"acts_visited":["Exordium","TheCity"],"potions_floor_usage":[16,22],"damage_taken":[{"damage":1.0,"enemies":"Cultist","floor":1.0,"turns":3.0},{"damage":1.0,"enemies":"Jaw Worm","floor":2.0,"turns":4.0},{"damage":1.0,"enemies":"2 Louse","floor":3.0,"turns":3.0},{"damage":18.0,"enemies":"Gremlin Gang","floor":4.0,"turns":5.0},{"damage":7.0,"enemies":"3 Louse","floor":5.0,"turns":5.0},{"damage":1.0,"enemies":"Lagavulin","floor":7.0,"turns":6.0},{"damage":0,"enemies":"Looter","floor":8,"turns":3},{"damage":1,"enemies":"Large Slime","floor":10,"turns":7},{"damage":17,"enemies":"Exordium Thugs","floor":13,"turns":5},{"damage":21,"enemies":"Slime Boss","floor":16,"turns":13},{"damage":6,"enemies":"Chosen","floor":18,"turns":4},{"damage":6,"enemies":"Spheric Guardian","floor":20,"turns":6},{"damage":5,"enemies":"Shelled Parasite and Fungi","floor":21,"turns":10},{"damage":20,"enemies":"3 Cultists","floor":22,"turns":8},{"damage":38,"enemies":"Slavers","floor":23,"turns":2}],"seed_played":"-6839484628618487293","potions_obtained":[{"floor":2.0,"key":"Explosive Potion"},{"floor":3.0,"key":"Strength Potion"},{"floor":5.0,"key":"FearPotion"},{"floor":10,"key":"Regen Potion"},{"floor":16,"key":"Block Potion"},{"floor":21,"key":"Fire Potion"},{"floor":22,"key":"Weak Potion"}],"is_trial":false,"path_per_floor":["M","M","M","M","M","R","E","M","T","M","R","?","M","?","R","B",null,"M","?","M","M","M","E"],"character_chosen":"DEFECT","items_purchased":[],"campfire_rested":0,"item_purchase_floors":[],"current_hp_per_floor":[74,73,72,54,47,47,46,46,46,45,45,30,13,31,31,10,75,69,69,63,58,38,0,0],"gold":415,"neow_bonus":"THREE_CARDS","is_daily":false,"chose_seed":false,"campfire_upgraded":3,"win_rate":0.0,"timestamp":1611726004,"path_taken":["M","M","M","M","M","R","E","M","T","?","R","?","M","?","R","BOSS","M","?","M","M","M","E"],"items_purchased_type":[],"build_version":"2020-12-22","purchased_purges":0,"victory":false,"max_hp_per_floor":[75,75,75,75,75,75,75,75,75,75,75,75,75,75,75,75,75,75,75,75,75,75,75,75],"card_choices":[{"not_picked":["Barrage","Auto Shields"],"picked":"Coolheaded","floor":0.0},{"not_picked":["Force Field","Hello World"],"picked":"Steam","floor":1.0},{"not_picked":["Auto Shields","Go for the Eyes"],"picked":"Glacier","floor":2.0},{"not_picked":["Leap","Rebound"],"picked":"Gash","floor":3.0},{"not_picked":["Redo","Ball Lightning","Compile Driver"],"picked":"SKIP","floor":4.0},{"not_picked":["Leap","Skim"],"picked":"Beam Cell","floor":5.0},{"not_picked":["Hello World","Gash"],"picked":"Go for the Eyes","floor":7.0},{"not_picked":["Conserve Battery","Fusion"],"picked":"Loop","floor":8},{"not_picked":["Go for the Eyes","BootSequence"],"picked":"Core Surge","floor":10},{"not_picked":["Glacier","Barrage"],"picked":"Steam","floor":13},{"not_picked":["Leap","Rebound"],"picked":"Hologram","floor":18},{"not_picked":["Streamline","Cold Snap+1","Redo"],"picked":"SKIP","floor":20},{"not_picked":["Leap+1","BootSequence+1"],"picked":"Defragment+1","floor":21},{"not_picked":["Static Discharge","Beam Cell+1"],"picked":"Hologram","floor":22}],"player_experience":417520,"relics_obtained":[{"floor":7.0,"key":"Happy Flower"}],"event_choices":[{"damage_healed":0,"gold_gain":0,"player_choice":"Entered Light","damage_taken":15,"max_hp_gain":0,"max_hp_loss":0,"event_name":"Shining Light","floor":12,"gold_loss":0,"cards_upgraded":["Gash","Strike_B"]},{"damage_healed":18,"gold_gain":0,"player_choice":"Healed and dodged fight","damage_taken":0,"max_hp_gain":0,"max_hp_loss":0,"event_name":"Mushrooms","floor":14,"gold_loss":0,"cards_obtained":["Parasite"]},{"damage_healed":0,"gold_gain":0,"player_choice":"Upgraded","damage_taken":0,"max_hp_gain":0,"max_hp_loss":0,"event_name":"Upgrade Shrine","floor":19,"gold_loss":0,"cards_upgraded":["Hologram"]}],"is_beta":false,"boss_relics":[{"not_picked":["SlaversCollar","Snecko Eye"],"picked":"Black Star"}],"items_purged_floors":[],"is_endless":false,"potions_floor_spawned":[2,3,5,10,16,21,22],"killed_by":"Slavers","ascension_level":0}}