{"host":"7l3oksimcdddoiz3","time":1611727573,"event":{"mods":["100% Spire Juice","BaseMod","Gremlin Mod","Hermit","Lobotomy","Minty Spire (QoL Compilation)","StSLib","The Cursed","The Servant 0.9.4"],"gold_per_floor":[114,124,136,36,50,50,66,125,149,169,198,198,198,198,198,298,298,313,313,71,36,50,84,99,99,99,99,116,116,196,11,11,11,11],"floor_reached":33,"language":"ENG","playtime":1747,"items_purged":[],"score":365,"play_id":"446a3f44-8a9a-4a34-a5e7-1bded6c0ea6c","local_time":"20210126220613","is_ascension_mode":false,"campfire_choices":[{"floor":6,"key":"REST"},{"floor":13,"key":"REST"},{"data":"Infinite Blades","floor":15,"key":"SMITH"},{"floor":25,"key":"REST"},{"floor":27,"key":"REST"},{"floor":32,"key":"REST"}],"circlet_count":0,"master_deck":["Strike_G","Strike_G","Strike_G","Strike_G","Strike_G","Defend_G","Defend_G","Defend_G","Defend_G","Defend_G","Survivor","Neutralize","Slice","Poisoned Stab","Infinite Blades+1","Backstab","Slice","Flying Knee","Accuracy","Poisoned Stab","Dagger Spray","Choke","Adrenaline","Good Instincts","Storm of Steel","Outmaneuver","Noxious Fumes","Dramatic Entrance+1","Dash+1","Backstab+1","Masterful Stab+1","Deflect+1","Finisher+1","Finisher+1","Ghostly","Ghostly","Ghostly","Ghostly","Ghostly","Violence"],"relics":["Runic Pyramid","Pen Nib","Strawberry","Nunchaku","Sozu","Molten Egg 2","Snake Skull","HornCleat","Kunai"],"acts_visited":["Exordium","TheCity"],"potions_floor_usage":[11,16],"damage_taken":[{"damage":1,"enemies":"2 Louse","floor":1,"turns":3},{"damage":0,"enemies":"Small Slimes","floor":2,"turns":3},{"damage":0,"enemies":"Cultist","floor":3,"turns":3},{"damage":10,"enemies":"Exordium Thugs","floor":5,"turns":6},{"damage":0,"enemies":"Large Slime","floor":7,"turns":5},{"damage":9,"enemies":"3 Sentries","floor":8,"turns":7},{"damage":6,"enemies":"Blue Slaver","floor":10,"turns":3},{"damage":12,"enemies":"3 Sentries","floor":11,"turns":6},{"damage":0,"enemies":"Slime Boss","floor":16,"turns":7},{"damage":10,"enemies":"Chosen","floor":18,"turns":3},{"damage":12,"enemies":"Shell Parasite","floor":22,"turns":3},{"damage":35,"enemies":"Book of Stabbing","floor":23,"turns":5},{"damage":0,"enemies":"3 Cultists","floor":24,"turns":2},{"damage":4,"enemies":"Snecko","floor":28,"turns":5},{"damage":10,"enemies":"Champ","floor":33,"turns":8}],"seed_played":"6477354140672972970","potions_obtained":[{"floor":5,"key":"Regen Potion"},{"floor":11,"key":"Block Potion"},{"floor":16,"key":"AttackPotion"}],"is_trial":false,"path_per_floor":["M","M","M","$","M","R","M","?","T","M","E","?","R","?","R","B",null,"M","?","$","$","M","E","M","R","T","R","M","?","T","$","R","B"],"character_chosen":"THE_SILENT","items_purchased":["Backstab","Slice","Noxious Fumes","Dramatic Entrance+1","Dash+1","Backstab+1","Violence"],"campfire_rested":5,"item_purchase_floors":[4,4,20,20,20,21,31],"current_hp_per_floor":[69,69,69,69,59,70,70,61,68,62,65,65,77,77,77,77,77,67,67,67,67,55,20,20,43,43,66,62,38,38,38,38,28,28],"gold":11,"neow_bonus":"BOSS_RELIC","is_daily":false,"chose_seed":false,"campfire_upgraded":1,"win_rate":0.0,"timestamp":1611727573,"path_taken":["M","M","M","$","M","R","M","?","T","M","E","?","R","?","R","BOSS","M","?","?","$","M","E","M","R","T","R","M","?","?","$","R","BOSS"],"items_purchased_type":["Card","Card","Card","Card","Card","Card","Card"],"build_version":"2020-12-22","purchased_purges":0,"victory":false,"max_hp_per_floor":[70,70,70,70,70,70,70,70,77,77,77,77,77,77,77,77,77,77,77,77,77,77,77,77,77,77,77,77,38,38,38,38,38,38],"card_choices":[{"not_picked":["Backflip","Dagger Throw"],"picked":"Slice","floor":1},{"not_picked":["PiercingWail","Accuracy"],"picked":"Poisoned Stab","floor":2},{"not_picked":["Deflect","Sucker Punch"],"picked":"Infinite Blades","floor":3},{"not_picked":["Underhanded Strike","Quick Slash"],"picked":"Flying Knee","floor":5},{"not_picked":["Prepared","All Out Attack"],"picked":"Accuracy","floor":7},{"not_picked":["Sucker Punch","Skewer"],"picked":"Poisoned Stab","floor":8},{"not_picked":["Poisoned Stab","Tactician"],"picked":"Dagger Spray","floor":10},{"not_picked":["Flying Knee","Calculated Gamble"],"picked":"Choke","floor":11},{"not_picked":["Doppelganger","Unload"],"picked":"Storm of Steel","floor":16},{"not_picked":["All Out Attack","Underhanded Strike"],"picked":"Outmaneuver","floor":18},{"not_picked":["Riddle With Holes+1","Eviscerate+1"],"picked":"Masterful Stab+1","floor":22},{"not_picked":["Blade Dance","Tools of the Trade"],"picked":"Deflect+1","floor":23},{"not_picked":["Leg Sweep","Dagger Throw+1"],"picked":"Finisher+1","floor":24},{"not_picked":["Prepared","Deadly Poison+1"],"picked":"Finisher+1","floor":28}],"player_experience":102454,"relics_obtained":[{"floor":8,"key":"Pen Nib"},{"floor":9,"key":"Strawberry"},{"floor":11,"key":"Nunchaku"},{"floor":23,"key":"Snake Skull"},{"floor":26,"key":"HornCleat"},{"floor":30,"key":"Kunai"}],"event_choices":[{"damage_healed":0,"gold_gain":0,"player_choice":"Searched \u00271\u0027 times","damage_taken":0,"max_hp_gain":0,"max_hp_loss":0,"event_name":"Dead Adventurer","floor":8,"gold_loss":0},{"damage_healed":0,"gold_gain":0,"player_choice":"Ignored","damage_taken":0,"max_hp_gain":0,"max_hp_loss":0,"event_name":"Golden Idol","floor":12,"gold_loss":0},{"damage_healed":0,"gold_gain":0,"player_choice":"2 cards matched","damage_taken":0,"max_hp_gain":0,"max_hp_loss":0,"event_name":"Match and Keep!","floor":14,"gold_loss":0,"cards_obtained":["Adrenaline","Good Instincts"]},{"damage_healed":0,"gold_gain":0,"player_choice":"Gave Potion","damage_taken":0,"relics_obtained":["Molten Egg 2"],"max_hp_gain":0,"max_hp_loss":0,"event_name":"WeMeetAgain","floor":19,"gold_loss":0},{"damage_healed":0,"gold_gain":0,"player_choice":"Became a Ghost","damage_taken":0,"max_hp_gain":0,"max_hp_loss":39,"event_name":"Ghosts","floor":29,"gold_loss":0,"cards_obtained":["Ghostly","Ghostly","Ghostly","Ghostly","Ghostly"]}],"is_beta":false,"boss_relics":[{"not_picked":["Tiny House","Velvet Choker"],"picked":"Sozu"}],"items_purged_floors":[],"is_endless":false,"potions_floor_spawned":[5,11,16,23],"killed_by":"Champ","ascension_level":0}}