{"host":"q0qnzbgdx8oqogg9","time":1611730426,"event":{"mods":["BaseMod","Minty Spire (QoL Compilation)","StSLib"],"gold_per_floor":[115,115,128,145,145,145,162,182,208,233,243,273,273,244,244,342,342,332,332,115,128,148,148,148],"floor_reached":23,"language":"ENG","playtime":879,"items_purged":[],"score":325,"play_id":"01a0abc4-e7dd-4fa0-a3d1-25376b5b7a51","local_time":"20210127015346","is_ascension_mode":true,"campfire_choices":[{"data":"Noxious Fumes","floor":6.0,"key":"SMITH"},{"floor":15.0,"key":"REST"}],"circlet_count":0,"master_deck":["AscendersBane","Strike_G","Strike_G","Strike_G","Strike_G","Defend_G","Defend_G+1","Defend_G","Defend_G","Defend_G","Survivor+1","Neutralize+1","Adrenaline","Noxious Fumes+1","Cloak And Dagger","Deadly Poison","Malaise","Dagger Spray","Dash","Wraith Form v2","Well Laid Plans","Unload","PiercingWail+1","Catalyst","Dagger Spray+1","Skewer"],"relics":["Ring of the Snake","Vajra","War Paint","Oddly Smooth Stone","Sozu","MutagenicStrength","Orrery"],"acts_visited":["Exordium","TheCity"],"potions_floor_usage":[23],"damage_taken":[{"damage":0.0,"enemies":"Small Slimes","floor":1.0,"turns":4.0},{"damage":0.0,"enemies":"Cultist","floor":3.0,"turns":4.0},{"damage":3.0,"enemies":"2 Louse","floor":4.0,"turns":3.0},{"damage":0.0,"enemies":"Large Slime","floor":7.0,"turns":5.0},{"damage":4.0,"enemies":"Looter","floor":8.0,"turns":4.0},{"damage":35.0,"enemies":"Gremlin Nob","floor":10.0,"turns":6.0},{"damage":8.0,"enemies":"Exordium Thugs","floor":11.0,"turns":5.0},{"damage":9.0,"enemies":"3 Sentries","floor":12.0,"turns":6.0},{"damage":13.0,"enemies":"Slime Boss","floor":16.0,"turns":10.0},{"damage":4.0,"enemies":"2 Thieves","floor":18.0,"turns":4.0},{"damage":0.0,"enemies":"Spheric Guardian","floor":21.0,"turns":4.0},{"damage":4.0,"enemies":"Snecko","floor":22.0,"turns":5.0},{"damage":60,"enemies":"Gremlin Leader","floor":23,"turns":6}],"seed_played":"1359499114896977050","potions_obtained":[{"floor":4.0,"key":"Weak Potion"},{"floor":7.0,"key":"FearPotion"}],"is_trial":false,"path_per_floor":["M","?","M","M","?","R","M","M","T","E","M","E","?","?","R","B",null,"M","?","$","M","M","E"],"character_chosen":"THE_SILENT","items_purchased":["Catalyst","Orrery"],"campfire_rested":1,"item_purchase_floors":[20,20],"current_hp_per_floor":[63,63,63,60,60,60,60,56,56,21,13,4,4,4,25,12,56,52,52,52,52,48,0,0],"gold":148,"neow_bonus":"ONE_RANDOM_RARE_CARD","is_daily":false,"chose_seed":false,"campfire_upgraded":1,"win_rate":0.0,"timestamp":1611730426,"path_taken":["M","?","M","M","?","R","?","?","T","E","M","E","?","?","R","BOSS","M","?","$","M","M","E"],"items_purchased_type":["Card","Relic"],"build_version":"2020-12-22","purchased_purges":0,"victory":false,"max_hp_per_floor":[70,70,70,70,70,70,70,70,70,70,70,70,70,70,70,70,70,70,70,70,70,70,70,70],"card_choices":[{"not_picked":["Sucker Punch","Outmaneuver"],"picked":"Noxious Fumes","floor":1.0},{"not_picked":["Sucker Punch","Quick Slash"],"picked":"Cloak And Dagger","floor":3.0},{"not_picked":["Accuracy","Deflect"],"picked":"Deadly Poison","floor":4.0},{"not_picked":["PiercingWail","Deadly Poison"],"picked":"Malaise","floor":7.0},{"not_picked":["Backflip","Dagger Throw"],"picked":"Dagger Spray","floor":8.0},{"not_picked":["PiercingWail","Underhanded Strike"],"picked":"Dash","floor":10.0},{"not_picked":["Choke","Tactician"],"picked":"Wraith Form v2","floor":11.0},{"not_picked":["Deadly Poison","Calculated Gamble"],"picked":"Well Laid Plans","floor":12.0},{"not_picked":["A Thousand Cuts","Tools of the Trade"],"picked":"Unload","floor":16.0},{"not_picked":["Slice","Infinite Blades+1"],"picked":"PiercingWail+1","floor":18.0},{"not_picked":["Accuracy","Dagger Throw"],"picked":"Dagger Spray+1","floor":20.0},{"not_picked":["Acrobatics","Blade Dance"],"picked":"Skewer","floor":20.0},{"not_picked":["Terror","Blur+1","Outmaneuver"],"picked":"SKIP","floor":21.0},{"not_picked":["Slice","Setup","Caltrops"],"picked":"SKIP","floor":22.0}],"player_experience":306021,"relics_obtained":[{"floor":9.0,"key":"Vajra"},{"floor":10.0,"key":"War Paint"},{"floor":12.0,"key":"Oddly Smooth Stone"}],"event_choices":[{"damage_healed":0.0,"max_hp_gain":0.0,"max_hp_loss":0.0,"gold_gain":0.0,"event_name":"Living Wall","player_choice":"Grow","floor":2.0,"gold_loss":0.0,"damage_taken":0.0,"cards_upgraded":["Neutralize"]},{"cards_removed":["Strike_G"],"damage_healed":0.0,"max_hp_gain":0.0,"max_hp_loss":0.0,"gold_gain":0.0,"event_name":"Purifier","player_choice":"Purged","floor":5.0,"gold_loss":0.0,"damage_taken":0.0},{"damage_healed":0.0,"max_hp_gain":0.0,"max_hp_loss":0.0,"gold_gain":0.0,"event_name":"Dead Adventurer","player_choice":"Searched \u00270\u0027 times","floor":13.0,"gold_loss":0.0,"damage_taken":0.0},{"damage_healed":0.0,"max_hp_gain":0.0,"max_hp_loss":0.0,"gold_gain":0.0,"event_name":"World of Goop","player_choice":"Left Gold","floor":14.0,"gold_loss":29.0,"damage_taken":0.0},{"damage_healed":0.0,"max_hp_gain":0.0,"max_hp_loss":0.0,"gold_gain":0.0,"event_name":"Drug Dealer","player_choice":"Inject Mutagens","floor":19.0,"gold_loss":0.0,"damage_taken":0.0,"relics_obtained":["MutagenicStrength"]}],"is_beta":false,"boss_relics":[{"not_picked":["SacredBark","Calling Bell"],"picked":"Sozu"}],"items_purged_floors":[],"is_endless":false,"potions_floor_spawned":[4,7,16,18,22],"killed_by":"Gremlin Leader","ascension_level":12}}