{"host":"farxtl2u8hmkbdo2","time":1611785470,"event":{"mods":["A Magickal Journey","BaseMod","Better Altar","Better Note","Better Sensory Stone","Better Skull","Better Third Choice","Challenge The Spire","Colored Map","Colored Powertips","Current Relic Mod","Energized Spire","Fox Events","Gremlin Mod","Hermit","Hubris","Mimic Mod","Minty Spire (QoL Compilation)","Quick Restart","READ ME - Guardian Mod","READ ME - Snecko Mod","Rare Cards Sparkle","StSLib","The Bladedancer","The Bug Knight","The Cursed","The Disciple","The Elementalist","The Hierophant","The Marked","The Necromancer","The Runesmith","Transform Curses"],"gold_per_floor":[115,135,152,171,155,155,218,218,218,242,222,222],"floor_reached":11,"language":"SPA","playtime":828,"items_purged":[],"score":102,"play_id":"81e17f0f-04e3-48c8-9ea8-3ee8f214ce1f","local_time":"20210127191110","is_ascension_mode":false,"campfire_choices":[{"data":"hierophant:ChurchCoffers","floor":6,"key":"SMITH"},{"data":"hierophant:EyeForCoin","floor":8,"key":"SMITH"}],"circlet_count":0,"master_deck":["hierophant:Strike_Hierophant","hierophant:Strike_Hierophant","hierophant:Strike_Hierophant","hierophant:Strike_Hierophant","hierophant:Punish","hierophant:Defend_Hierophant","hierophant:Defend_Hierophant","hierophant:Defend_Hierophant","hierophant:Defend_Hierophant","hierophant:ChurchCoffers+1","Panache","hierophant:FlamingChariot","hierophant:EyeForCoin+1","hierophant:Doubloon","hierophant:Exaltation","hierophant:Doubloon","hierophant:Patience","hierophant:Doubloon","hierophant:Doubloon","hierophant:Dazzle","hierophant:Doubloon","hierophant:Doubloon","hierophant:Dazzle","hierophant:Doubloon+1","hierophant:Doubloon","hierophant:ConvertCurrency","hierophant:Doubloon+1"],"relics":["hierophant:PropheticMaskRelic","hubris:MysteriousPyramids","Strawberry"],"acts_visited":["Exordium"],"potions_floor_usage":[5,7,11,11],"damage_taken":[{"damage":1,"enemies":"Cultist","floor":1,"turns":3},{"damage":3,"enemies":"Small Slimes","floor":2,"turns":3},{"damage":0,"enemies":"2 Louse","floor":3,"turns":3},{"damage":4,"enemies":"Exordium Wildlife","floor":4,"turns":4},{"damage":7,"enemies":"Looter","floor":5,"turns":4},{"damage":22,"enemies":"3 Sentries","floor":7,"turns":6},{"damage":7,"enemies":"Blue Slaver","floor":10,"turns":4},{"damage":40,"enemies":"Gremlin Nob","floor":11,"turns":5}],"seed_played":"-1672371674840603028","potions_obtained":[{"floor":2,"key":"Block Potion"},{"floor":4,"key":"Weak Potion"},{"floor":5,"key":"Fire Potion"},{"floor":7,"key":"EssenceOfSteel"}],"is_trial":false,"path_per_floor":["M","M","M","M","M","R","E","R","T","M","E"],"character_chosen":"HIEROPHANT","items_purchased":[],"campfire_rested":0,"item_purchase_floors":[],"current_hp_per_floor":[53,50,50,46,39,39,17,17,24,17,0,0],"gold":222,"neow_bonus":"RANDOM_COLORLESS_2","is_daily":false,"chose_seed":false,"campfire_upgraded":2,"win_rate":0.0,"timestamp":1611785470,"path_taken":["M","M","M","M","?","R","E","R","T","M","E"],"items_purchased_type":[],"build_version":"2020-12-22","purchased_purges":0,"victory":false,"max_hp_per_floor":[75,75,75,75,75,75,75,75,82,82,82,82],"card_choices":[{"not_picked":["Magnetism","Apotheosis"],"picked":"Panache","floor":0},{"not_picked":["hierophant:SolarFlare","hierophant:Doubloon"],"picked":"hierophant:FlamingChariot","floor":1},{"not_picked":["hierophant:Racketeering","hierophant:MirrorShield"],"picked":"hierophant:EyeForCoin","floor":2},{"not_picked":["hierophant:Rebuild","hierophant:HammerAndAnvil"],"picked":"hierophant:Exaltation","floor":3},{"not_picked":["hierophant:HolyVerse","hierophant:Alms"],"picked":"hierophant:Patience","floor":4},{"not_picked":["hierophant:Repentance","hierophant:FieryStrike"],"picked":"hierophant:Dazzle","floor":5},{"not_picked":["hierophant:Shelter","hierophant:OrnateBuckler"],"picked":"hierophant:Dazzle","floor":7},{"not_picked":["hierophant:DisplayOfPower","hierophant:Remorse"],"picked":"hierophant:ConvertCurrency","floor":10}],"player_experience":1907641,"relics_obtained":[{"floor":7,"key":"hubris:MysteriousPyramids"},{"floor":9,"key":"Strawberry"}],"event_choices":[],"is_beta":false,"boss_relics":[],"items_purged_floors":[],"is_endless":false,"potions_floor_spawned":[2,4,5,7],"killed_by":"Gremlin Nob","ascension_level":0}}