{"host":"1omuyl0df1yi03p2","time":1611780205,"event":{"mods":["BaseMod","Colored Map","Colored Powertips","Downfall","Hubris","Infinite Spire","Minty Spire (QoL Compilation)","Replay The Spire","StSLib","The Bug Knight","The Necromancer","The Wild Card"],"gold_per_floor":[99,113,125,138,2,59,59,94,94,94,129,129,129,139,150,255,255,255,265,284,304,320,60,60,78,92,92,102,102,114,126,140,140,140,140],"floor_reached":33,"language":"ENG","playtime":7538,"items_purged":[],"score":255,"play_id":"a6875690-5326-4c1d-972f-2a6d8581f669","local_time":"20210127144325","is_ascension_mode":false,"campfire_choices":[{"data":"Guardian:TwinSlam","floor":1,"key":"SMITH"},{"data":"Guardian:FloatingOrbs","floor":10,"key":"SMITH"},{"floor":12,"key":"REST"},{"floor":18,"key":"RECALL"},{"floor":27,"key":"REST"}],"circlet_count":0,"master_deck":["Guardian:CurlUp","Guardian:TwinSlam+1","Guardian:Harden","Guardian:ShieldSpikes","Guardian:RollAttack","Guardian:FloatingOrbs+1","Guardian:TemporalShield","Guardian:ArmoredProtocol","theWildCard:Michael","ReplayTheSpireMod:Splinters","Regret","Guardian:WalkerClaw","Guardian:SpikerProtocol","Guardian:Repulse","Guardian:Repulse","Guardian:BodySlam","Guardian:Reroute","Guardian:Gem_Yellow","Guardian:MultiBeam","Guardian:Emergency","Guardian:DecasProtection","Guardian:PrimingBeam+1","Guardian:VentSteam+1","Guardian:PrimingBeam","Guardian:EvasiveProtocol","Guardian:PiercingHide","Replay:SS_hec_1","Guardian:ShieldCharger+1","Guardian:Recover","Guardian:SpikerProtocol","Guardian:CrystalBeam","Guardian:ChargeCore","Guardian:SpikerProtocol","Guardian:Suspension"],"relics":["Guardian:ModeShifter","Iron Hammer","ReplayTheSpireMod:Shallot","HollowMod:LifeEnderRelic","Art of War","Pandora\u0027s Box"],"acts_visited":["Exordium","TheCity"],"potions_floor_usage":[16,23,26],"damage_taken":[{"damage":1,"enemies":"Jaw Worm","floor":2,"turns":5},{"damage":0,"enemies":"Small Slimes","floor":3,"turns":3},{"damage":0,"enemies":"2 Louse","floor":4,"turns":3},{"damage":0,"enemies":"downfall:FleeingMerchant","floor":5,"turns":4},{"damage":40,"enemies":"Lagavulin Event","floor":6,"turns":11},{"damage":10,"enemies":"3 Sentries","floor":8,"turns":8},{"damage":7,"enemies":"Exordium Thugs","floor":14,"turns":4},{"damage":4,"enemies":"Large Slime","floor":15,"turns":4},{"damage":38,"enemies":"IC_STATUS_ARCHETYPE","floor":16,"turns":10},{"damage":0,"enemies":"Shell Parasite","floor":19,"turns":4},{"damage":23,"enemies":"Centurion and Healer","floor":20,"turns":7},{"damage":17,"enemies":"Sentry and Sphere","floor":21,"turns":6},{"damage":12,"enemies":"Shelled Parasite and Fungi","floor":22,"turns":5},{"damage":5,"enemies":"downfall:FleeingMerchant","floor":23,"turns":4},{"damage":9,"enemies":"Snake Plant","floor":25,"turns":6},{"damage":3,"enemies":"Centurion and Healer","floor":26,"turns":7},{"damage":16,"enemies":"Shelled Parasite and Fungi","floor":28,"turns":5},{"damage":17,"enemies":"3 Cultists","floor":30,"turns":5},{"damage":3,"enemies":"Chosen and Byrds","floor":31,"turns":6},{"damage":13,"enemies":"Cultist and Chosen","floor":32,"turns":7},{"damage":13,"enemies":"DF_ARCHETYPE_CLAW","floor":33,"turns":3}],"seed_played":"-3188136770411418142","potions_obtained":[{"floor":2,"key":"SteroidPotion"},{"floor":3,"key":"sneckomod:MuddlingPotion"},{"floor":11,"key":"FearPotion"},{"floor":14,"key":"Energy Potion"},{"floor":16,"key":"Energy Potion"},{"floor":19,"key":"Explosive Potion"},{"floor":20,"key":"Regen Potion"},{"floor":30,"key":"Reflective Coating"},{"floor":31,"key":"Adrenaline Potion"}],"is_trial":false,"path_per_floor":["R","M","M","M","$","?","T","E","?","R","?","R","?","M","M","B",null,"R","M","M","M","M","$","T","M","M","R","M","AVR","M","M","M","B"],"character_chosen":"GUARDIAN","items_purchased":["Guardian:FloatingOrbs","Guardian:TemporalShield","Guardian:EvasiveProtocol","Guardian:PiercingHide","Replay:SS_hec_1","Guardian:ShieldCharger+1"],"campfire_rested":2,"item_purchase_floors":[5,5,23,23,23,23],"current_hp_per_floor":[88,87,87,87,87,47,47,37,37,37,37,63,63,56,52,14,88,88,88,65,48,36,45,45,36,33,59,43,43,26,23,10,0,0,0],"gold":140,"neow_bonus":"TEN_PERCENT_HP_BONUS","is_daily":false,"chose_seed":false,"campfire_upgraded":2,"win_rate":0.0,"timestamp":1611780205,"path_taken":["R","M","M","M","$","?","T","E","?","R","?","R","?","M","M","BOSS","R","M","M","M","M","$","T","M","M","R","M","AVR","M","M","M","BOSS"],"items_purchased_type":["Card","Card","Card","Card","Card","Card"],"build_version":"2020-12-22","purchased_purges":0,"victory":false,"max_hp_per_floor":[88,88,88,88,88,88,88,88,88,88,88,88,88,88,88,88,88,88,88,88,88,88,88,88,88,88,88,88,88,88,88,88,88,88,88],"card_choices":[{"not_picked":["Guardian:WalkerClaw","Guardian:PrismaticBeam"],"picked":"Guardian:Harden","floor":2},{"not_picked":["Guardian:RollAttack","Guardian:Incinerate"],"picked":"Guardian:ShieldSpikes","floor":3},{"not_picked":["Guardian:ArmoredProtocol","Guardian:SentryBeam"],"picked":"Guardian:Gem_Cyan","floor":4},{"not_picked":["Guardian:Gem_Red","Guardian:Suspension"],"picked":"Guardian:RollAttack","floor":5},{"not_picked":["Guardian:Gem_White","Guardian:ShieldCharger"],"picked":"Guardian:Gem_Lightblue","floor":6},{"not_picked":["Guardian:Clone","Guardian:StasisStrike"],"picked":"Guardian:ArmoredProtocol","floor":8},{"not_picked":["Guardian:RefractedBeam","Guardian:Suspension"],"picked":"Guardian:WalkerClaw","floor":14},{"not_picked":["Guardian:FloatingOrbs","Guardian:CrystalBeam"],"picked":"Guardian:SpikerProtocol","floor":15},{"not_picked":["Guardian:Gem_Synthetic","Guardian:StasisStrike"],"picked":"Guardian:Gem_Orange","floor":16},{"not_picked":["Guardian:Clone","Guardian:Gem_Cyan"],"picked":"Guardian:DecasProtection","floor":19},{"not_picked":["Guardian:Gem_Cyan","Guardian:Incinerate+1"],"picked":"Guardian:Gem_Red","floor":20},{"not_picked":["Guardian:TemporalStrike+1","Guardian:Reroute+1"],"picked":"Guardian:PrimingBeam+1","floor":21},{"not_picked":["Guardian:Suspension","Guardian:RollAttack"],"picked":"Guardian:VentSteam+1","floor":22},{"not_picked":["Guardian:WalkerClaw","Guardian:VentSteam"],"picked":"Guardian:PrimingBeam","floor":23},{"not_picked":["Guardian:PiercingHide+1","Guardian:MultiBeam"],"picked":"Guardian:Recover","floor":25},{"not_picked":["Guardian:Recover","Guardian:Gem_Cyan"],"picked":"Guardian:SpikerProtocol","floor":26},{"not_picked":["Guardian:RollAttack","Guardian:Gem_Green"],"picked":"Guardian:CrystalBeam","floor":28},{"not_picked":["Guardian:BodySlam","Guardian:VentSteam"],"picked":"Guardian:ChargeCore","floor":30},{"not_picked":["Guardian:Gem_Green","Guardian:Gem_Red"],"picked":"Guardian:SpikerProtocol","floor":31},{"not_picked":["Guardian:Gem_Cyan","Guardian:TemporalShield"],"picked":"Guardian:Suspension","floor":32}],"player_experience":171092,"relics_obtained":[{"floor":6,"key":"Iron Hammer"},{"floor":7,"key":"ReplayTheSpireMod:Shallot"},{"floor":8,"key":"HollowMod:LifeEnderRelic"}],"event_choices":[{"damage_healed":0,"gold_gain":0,"player_choice":"Box","damage_taken":0,"relics_obtained":["Art of War"],"max_hp_gain":0,"max_hp_loss":0,"event_name":"Big Fish","floor":13,"gold_loss":0,"cards_obtained":["Regret"]}],"is_beta":false,"boss_relics":[{"not_picked":["hubris:TerracottaHorce","SacredBark"],"picked":"Pandora\u0027s Box"}],"items_purged_floors":[],"is_endless":false,"potions_floor_spawned":[2,3,14,16,19,20,30,31],"killed_by":"DF_ARCHETYPE_CLAW","ascension_level":0}}