{"host":"lte3xujvwediduij","time":1611759422,"event":{"mods":["Aspiration","BaseMod","Better-Laid Plans","BetterRewards","Colored Map","Colored Powertips","Downfall","Energized Spire","GifTheSpireLib","Minty Spire (QoL Compilation)","Permanent Neow","Replay The Spire","Spicy Shops","StSLib","The Gatherer","The Hayseed","The Runesmith","The Servant 0.9.4","¡¾ÒÅÎï¿¨ÅÆ¡¿REMEMod","óô»ðÖ¸ÄÏ"],"gold_per_floor":[99,26,40,105,124,157,157,8,8,29,53,53,53,77,98,98,98,98],"floor_reached":16,"language":"ZHS","playtime":7695,"items_purged":[],"score":102,"play_id":"b67b9eea-4447-45a3-82ca-756d73743b24","local_time":"20210127225702","is_ascension_mode":false,"campfire_choices":[{"floor":1.0,"key":"RECALL"},{"data":"hexamod:FastForward","floor":9.0,"key":"SMITH"},{"data":"hexamod:FastForward","floor":13,"key":"SMITH"}],"circlet_count":0,"master_deck":["hexamod:Strike","hexamod:Strike","hexamod:Strike","hexamod:Defend","hexamod:Defend","hexamod:Defend","hexamod:Defend","hexamod:Sear","hexamod:Float","hexamod:EmpoweredFlame","hexamod:EmpoweredFlame+1","Luminosity","hexamod:SecondSeal","hexamod:FastForward+1","hexamod:AdvancingGuard","hexamod:FirstSeal","hexamod:FastForward+1","hexamod:AdvancingGuard","hexamod:SixthSeal","hexamod:SoulSteal"],"relics":["REME_ComplimentaryCards","Orichalcum","Strawberry","Replay:Wax Seal","Medical Kit","m_DevilBlood"],"acts_visited":["Exordium"],"potions_floor_usage":[16,16],"damage_taken":[{"damage":5.0,"enemies":"downfall:FleeingMerchant","floor":2.0,"turns":4.0},{"damage":1.0,"enemies":"2 Louse","floor":3.0,"turns":2.0},{"damage":1.0,"enemies":"Gremlin Nob","floor":4.0,"turns":4.0},{"damage":4.0,"enemies":"Jaw Worm","floor":5.0,"turns":4.0},{"damage":55.0,"enemies":"Gremlin Nob","floor":6.0,"turns":6.0},{"damage":0.0,"enemies":"downfall:FleeingMerchant","floor":8.0,"turns":4.0},{"damage":1.0,"enemies":"Cultist","floor":10.0,"turns":6.0},{"damage":1.0,"enemies":"3 Louse","floor":11.0,"turns":4.0},{"damage":9,"enemies":"Blue Slaver","floor":14,"turns":5},{"damage":22,"enemies":"2 Fungi Beasts","floor":15,"turns":6},{"damage":20,"enemies":"DF_ARCHETYPE_STREAMLINE","floor":16,"turns":4}],"seed_played":"-5123562342077480405","potions_obtained":[{"floor":5.0,"key":"hexamod:EctoCoolerPotion"},{"floor":10.0,"key":"Fire Potion"},{"floor":11.0,"key":"Weak Potion"}],"is_trial":false,"path_per_floor":["R_BF","$","M","?","M","E","T","$","R","M","M","?","R","M","M","B"],"character_chosen":"THE_SPIRIT","items_purchased":["hexamod:EmpoweredFlame","Replay:Wax Seal","Medical Kit"],"campfire_rested":0,"item_purchase_floors":[2,8,8],"current_hp_per_floor":[70,65,64,63,59,11,11,11,11,17,23,23,23,29,20,0,0,0],"gold":98,"neow_bonus":"REMOVE_CARD","is_daily":false,"chose_seed":false,"campfire_upgraded":2,"win_rate":0.0,"timestamp":1611759422,"path_taken":["R_BF","$","M","?","M","E","T","$","R","M","M","?","R","M","M","BOSS"],"items_purchased_type":["Card","Relic","Relic"],"build_version":"2020-12-22","purchased_purges":0,"victory":false,"max_hp_per_floor":[70,70,70,70,70,77,77,77,77,77,77,77,77,77,77,77,77,77],"card_choices":[{"not_picked":["hexamod:BurningTouch","hexamod:BacktrackSmack"],"picked":"hexamod:EmpoweredFlame","floor":2.0},{"not_picked":["hexamod:InspiringFlames","hexamod:HeatMetal"],"picked":"hexamod:SecondSeal","floor":3.0},{"not_picked":["hexamod:Haunt","hexamod:GhostLash"],"picked":"hexamod:FastForward","floor":5.0},{"not_picked":["hexamod:UnleashSpirits","hexamod:ShieldOfDarkness"],"picked":"hexamod:AdvancingGuard","floor":6.0},{"not_picked":["hexamod:NightmareStrike","hexamod:GhostShield"],"picked":"hexamod:FirstSeal","floor":8.0},{"not_picked":["hexamod:ShieldOfDarkness","hexamod:ThermalTransfer"],"picked":"hexamod:FastForward","floor":10.0},{"not_picked":["hexamod:EtherealExpedition","hexamod:InspiringFlames"],"picked":"hexamod:AdvancingGuard","floor":11.0},{"not_picked":["hexamod:HeatMetal","Warcry"],"picked":"hexamod:SixthSeal","floor":14},{"not_picked":["hexamod:SpectralAdrenaline","hexamod:GhostLash"],"picked":"hexamod:SoulSteal","floor":15}],"player_experience":106905,"relics_obtained":[{"floor":4.0,"key":"Orichalcum"},{"floor":6.0,"key":"Strawberry"}],"event_choices":[],"is_beta":false,"boss_relics":[],"items_purged_floors":[],"is_endless":false,"potions_floor_spawned":[5,10,11],"killed_by":"DF_ARCHETYPE_STREAMLINE","ascension_level":0}}