{"host":"agela5aetnmltfvm","time":1611757711,"event":{"mods":["BaseMod","Colored Powertips","Hermit","Minty Spire (QoL Compilation)","Rare Cards Sparkle","Replay The Spire","StSLib"],"gold_per_floor":[119,69,18,37,83,83,113,113,113,139,158,168,187,187,187],"floor_reached":14,"language":"ZHS","playtime":425,"items_purged":[],"score":125,"play_id":"67b9aa01-d8e8-4e8e-ae27-c8bb056ca29e","local_time":"20210127222831","is_ascension_mode":false,"campfire_choices":[{"data":"hermit:Snipe","floor":6,"key":"SMITH"},{"data":"hermit:Snapshot","floor":8,"key":"SMITH"}],"circlet_count":0,"master_deck":["hermit:Strike_Hermit","hermit:Strike_Hermit","hermit:Strike_Hermit","hermit:Defend_Hermit","hermit:Defend_Hermit","hermit:Defend_Hermit","hermit:Defend_Hermit","hermit:Snapshot+1","hermit:Covet","hermit:Snipe+1","hermit:LowProfile","hermit:BigShot","hermit:HighNoon","hermit:TrackingShot","hermit:Dive"],"relics":["hermit:Momento","NeowsBlessing","Letter Opener","Replay:Accelerometer","Tiny Chest"],"acts_visited":["Exordium"],"potions_floor_usage":[10,13,14,14],"damage_taken":[{"damage":0,"enemies":"Jaw Worm","floor":1,"turns":1},{"damage":0,"enemies":"2 Louse","floor":4,"turns":2},{"damage":0,"enemies":"Gremlin Nob","floor":7,"turns":1},{"damage":23,"enemies":"3 Sentries","floor":10,"turns":10},{"damage":1,"enemies":"Cultist","floor":11,"turns":3},{"damage":26,"enemies":"Large Slime","floor":12,"turns":8},{"damage":8,"enemies":"Lots of Slimes","floor":13,"turns":4},{"damage":27,"enemies":"Lagavulin","floor":14,"turns":5}],"seed_played":"2683009685898413398","potions_obtained":[{"floor":1,"key":"Adrenaline Potion"},{"floor":4,"key":"Adrenaline Potion"},{"floor":13,"key":"Death Potion"}],"is_trial":false,"path_per_floor":["M","?","$","M","T","R","E","R","T","E","M","M","M","E"],"character_chosen":"HERMIT","items_purchased":["ColorlessPotion"],"campfire_rested":0,"item_purchase_floors":[3],"current_hp_per_floor":[75,75,75,75,75,75,75,75,75,52,51,25,17,0,0],"gold":187,"neow_bonus":"THREE_ENEMY_KILL","is_daily":false,"chose_seed":false,"campfire_upgraded":2,"win_rate":0.0,"timestamp":1611757711,"path_taken":["M","?","$","M","?","R","E","R","T","E","M","M","M","E"],"items_purchased_type":["Potion"],"build_version":"2020-12-22","purchased_purges":0,"victory":false,"max_hp_per_floor":[75,75,75,75,75,75,75,75,75,75,75,75,75,75,75],"card_choices":[{"not_picked":["hermit:Roulette","hermit:BodyArmor"],"picked":"hermit:Snipe","floor":1},{"not_picked":["hermit:Cheat","hermit:Feint"],"picked":"hermit:LowProfile","floor":4},{"not_picked":["hermit:ItchyTrigger","hermit:Brawl"],"picked":"hermit:BigShot","floor":7},{"not_picked":["hermit:CursedWeapon","hermit:ItchyTrigger"],"picked":"hermit:HighNoon","floor":10},{"not_picked":["hermit:Snipe","hermit:Virtue"],"picked":"hermit:TrackingShot","floor":11},{"not_picked":["hermit:Manifest","hermit:PistolWhip"],"picked":"hermit:Dive","floor":12},{"not_picked":["hermit:Vantage","hermit:Manifest","hermit:Dive"],"picked":"SKIP","floor":13}],"player_experience":533503,"relics_obtained":[{"floor":7,"key":"Letter Opener"},{"floor":9,"key":"Replay:Accelerometer"},{"floor":10,"key":"Tiny Chest"}],"event_choices":[{"cards_removed":["hermit:Strike_Hermit"],"damage_healed":0,"gold_gain":0,"player_choice":"Card Removal","damage_taken":0,"max_hp_gain":0,"max_hp_loss":0,"event_name":"The Cleric","floor":2,"gold_loss":50}],"is_beta":false,"boss_relics":[],"items_purged_floors":[],"is_endless":false,"potions_floor_spawned":[1,4,13],"killed_by":"Lagavulin","ascension_level":0}}