{"host":"rm0ctv8qd8mnbkg1","time":1611750618,"event":{"mods":["Arknights The Spire","BaseMod","BetterRewards","Colored Map","DNKmod","Dark Map","Defuse TimeMaze Blight","Friendly Minions","HololiveMod","Infinite Spire","Minty Spire (QoL Compilation)","Permanent Neow","Rare Cards Sparkle","Reliquary","Replay The Spire","Shop Mod","Spicy Shops","Spire Arcade","StS++","StSLib","The Dragon Tamer","The Servant 0.9.4","Wandering Minibosses","[IsaacMod]????","??????REMEMod"],"gold_per_floor":[10020,10033,10047,10047,10047,10058,9994,10019,10019,9282,9353,8958,8968,8991,8480,8500,8500,8635,8635,8670,8707,8724,8495,8410,8410,8423,8440,8491,8491,8491,8491,7948,7981,7981,8131,8131,8157,8232,8232,7868,7930,7930,7930,8052,8052,8070,8070,8150,8172,8177,8177,8177],"floor_reached":50,"language":"ENG","playtime":2386,"items_purged":["Normality","Writhe"],"score":778,"play_id":"7a4b3222-83b8-4add-9677-e5be15fbb78e","local_time":"20210127123018","is_ascension_mode":false,"metric_token":1619,"campfire_choices":[{"data":"DTMod:Training","floor":9,"key":"SMITH"},{"data":"DTMod:Training","floor":17,"key":"SMITH"},{"data":"DTMod:FlameSlash","floor":25,"key":"SMITH"},{"floor":30,"key":"REST"},{"data":"DTMod:MagiciansMark","floor":34,"key":"SMITH"},{"data":"DTMod:Safeguard","floor":42,"key":"SMITH"},{"data":"DTMod:DragonDance","floor":47,"key":"SMITH"}],"dtmod_dragon_data":[50,50,3,-1,14,0],"circlet_count":0,"master_deck":["DTMod:Strike","DTMod:Strike","DTMod:Strike","DTMod:Strike","DTMod:DoubleHit","DTMod:TargetDefense","DTMod:TargetDefense","DTMod:TargetDefense","DTMod:TargetDefense","DTMod:SwitchingTactic","REME_CRH","DTMod:Dissolve","DTMod:BlazingStrike","DTMod:DarkBreath","DTMod:Training+1","DTMod:ShadowImage","DTMod:BizarreTactic","DTMod:Training+1","DTMod:FlameSlash+1","DTMod:Weaken","DTMod:DragonDance+1","DTMod:HeatWave","DTMod:Safeguard+1","DTMod:MagiciansMark+1","DTMod:ForkedFire+1","DTMod:InvisibleFlame+1","DTMod:SneakAttack","DTMod:Training","DTMod:StarRain+1","DTMod:Training"],"relics":["DTMod:PactStone","REME_ComplimentaryCards","HushsDoor","TuHaoJin","wanderingMiniBosses:Blackblade","infinitespire:Beetle Shell","BlankCard","Replay:Bandana","reliquary:BrokenClock","REME_HandOfSuture","infinitespire:WardingShard","Oddly Smooth Stone","BookOfRevelations","Regal Pillow","DTMod:DragonFood","Membership Card","reliquary:Knoch","REME_ChargedStone","Vajra","Sling","Boot","Toy Ornithopter","Nilry\u0027s Codex","StSpp:WoodenStick","Leech","infinitespire:Golems Mask","BFFS","PreservedInsect","Chaos","StSpp:SailingBoat","Sundial","reliquary:WritOfMandamus","DeathBook"],"acts_visited":["Exordium","TheCity","TheBeyond"],"potions_floor_usage":[7,35,35,46,46,46,46,48],"damage_taken":[{"damage":0,"enemies":"Cultist","floor":1,"turns":2},{"damage":1,"enemies":"2 Louse","floor":2,"turns":2},{"damage":0,"enemies":"Small Slimes","floor":3,"turns":1},{"damage":0,"enemies":"2 Fungi Beasts","floor":6,"turns":1},{"damage":9,"enemies":"Large Slime","floor":7,"turns":9},{"damage":0,"enemies":"Lagavulin","floor":8,"turns":3},{"damage":0,"enemies":"Exordium Thugs","floor":13,"turns":2},{"damage":0,"enemies":"Lots of Slimes","floor":16,"turns":1},{"damage":0,"enemies":"Hexaghost","floor":18,"turns":4},{"damage":0,"enemies":"2 Thieves","floor":20,"turns":3},{"damage":0,"enemies":"3 Byrds","floor":21,"turns":3},{"damage":0,"enemies":"Shelled Parasite and Fungi","floor":22,"turns":2},{"damage":0,"enemies":"Centurion and Healer","floor":26,"turns":1},{"damage":0,"enemies":"Cultist and Chosen","floor":27,"turns":5},{"damage":0,"enemies":"Chosen and Byrds","floor":33,"turns":2},{"damage":0,"enemies":"Champ","floor":35,"turns":5},{"damage":0,"enemies":"Orb Walker","floor":37,"turns":1},{"damage":0,"enemies":"3 Darklings","floor":38,"turns":3},{"damage":0,"enemies":"Maw","floor":41,"turns":5},{"damage":0,"enemies":"Transient","floor":44,"turns":5},{"damage":0,"enemies":"3 Darklings","floor":46,"turns":1},{"damage":0,"enemies":"Nightmare","floor":48,"turns":3},{"damage":0,"enemies":"Jaw Worm Horde","floor":49,"turns":1},{"damage":0,"enemies":"Sphere and 2 Shapes","floor":50,"turns":1}],"seed_played":"-4874515388363806716","potions_obtained":[{"floor":0,"key":"Swift Potion"},{"floor":2,"key":"Dexterity Potion"},{"floor":7,"key":"ColorlessPotion"},{"floor":18,"key":"SteroidPotion"},{"floor":37,"key":"EntropicBrew"},{"floor":46,"key":"SkillPotion"},{"floor":48,"key":"REME_GoldPotion"}],"is_trial":false,"path_per_floor":["M","M","M","PTL","PTL","M","M","E","R","$","T","$","M","T","$","M","R","B",null,"M","M","M","$","?","R","M","M","T","?","R","?","$","M","R","B",null,"M","M","?","$","M","R","?","M","T","M","R","NM","M","M"],"character_chosen":"THE_DT","items_purchased":["BlankCard","Replay:Bandana","reliquary:BrokenClock","REME_HandOfSuture","Oddly Smooth Stone","BookOfRevelations","DTMod:FlameSlash","DTMod:DragonFood","Membership Card","reliquary:Knoch","DTMod:DragonDance","Vajra","Sling","DTMod:SneakAttack","StSpp:WoodenStick","Leech","infinitespire:Golems Mask","BFFS","PreservedInsect","Chaos","StSpp:SailingBoat","Sundial","DTMod:Training"],"campfire_rested":1,"item_purchase_floors":[10,10,10,10,12,12,12,15,15,15,15,23,23,23,32,32,32,32,32,40,40,40,40],"current_hp_per_floor":[1000,999,999,999,999,999,990,990,990,990,990,990,990,990,990,990,990,990,1000,1000,1000,1000,1000,1000,1000,1000,1000,1000,984,1000,1000,1000,1000,1000,1000,1000,1000,1000,1000,1000,1000,1000,1000,1000,1000,1000,1000,1000,1000,1000,1000,1000],"gold":8177,"neow_bonus":"THREE_SMALL_POTIONS","is_daily":false,"chose_seed":false,"campfire_upgraded":6,"win_rate":0.0,"timestamp":1611750618,"path_taken":["M","M","M","PTL","PTL","M","M","E","R","$","T","$","M","?","$","M","R","BOSS","M","M","M","$","?","R","M","M","T","?","R","?","$","M","R","BOSS","M","?","?","$","M","R","?","M","T","?","R","NM","M","M"],"items_purchased_type":["Relic","Relic","Relic","Relic","Relic","Relic","Card","Relic","Relic","Relic","Card","Relic","Relic","Card","Relic","Relic","Relic","Relic","Relic","Card","Relic","Relic","Card"],"build_version":"2020-12-22","purchased_purges":2,"victory":false,"max_hp_per_floor":[1000,1000,1000,1000,1000,1000,1000,1000,1000,1000,1000,1000,1000,1000,1000,1000,1000,1000,1000,1000,1000,1000,1000,1000,1000,1000,1000,1000,1000,1000,1000,1000,1000,1000,1000,1000,1000,1000,1000,1000,1000,1000,1000,1000,1000,1000,1000,1000,1000,1000,1000,1000],"card_choices":[{"not_picked":[],"picked":"ChaosCard","floor":0},{"not_picked":["DTMod:BurningForce","DTMod:LowKick"],"picked":"DTMod:Dissolve","floor":0},{"not_picked":["DTMod:Punisher","Bomb"],"picked":"DTMod:BlazingStrike","floor":1},{"not_picked":["DTMod:BizarreTactic","DTMod:ShieldDrain"],"picked":"DTMod:DarkBreath","floor":2},{"not_picked":["DTMod:BurningEnergy","Bomb"],"picked":"DTMod:Training","floor":3},{"not_picked":["DTMod:GhostSkin","DTMod:Conduct"],"picked":"DTMod:ShadowImage","floor":6},{"not_picked":["DTMod:Punisher","DTMod:Dissolve"],"picked":"DTMod:BizarreTactic","floor":7},{"not_picked":["wanderingMiniBosses:FinaleOfPromise"],"picked":"SKIP","floor":7},{"not_picked":["DTMod:BalancedStrike","DTMod:Cover"],"picked":"DTMod:Training","floor":8},{"not_picked":["DTMod:BizarreTactic","DTMod:Conduct"],"picked":"DTMod:Weaken","floor":13},{"not_picked":["DTMod:BurningEnergy","DTMod:Hide"],"picked":"DTMod:HeatWave","floor":16},{"not_picked":["DTMod:ShadowImage","DTMod:HeadStart"],"picked":"DTMod:Safeguard","floor":18},{"not_picked":["DTMod:QuickFly","DTMod:Coolant"],"picked":"DTMod:MagiciansMark","floor":20},{"not_picked":["DTMod:MagicField","DTMod:ShieldDrain"],"picked":"DTMod:ForkedFire+1","floor":21},{"not_picked":["DTMod:Punisher","DTMod:Feint"],"picked":"DTMod:InvisibleFlame+1","floor":22},{"not_picked":["DTMod:FlameSlash","DTMod:Haste+1"],"picked":"DTMod:Training","floor":26},{"not_picked":["DTMod:BreakAttack","DTMod:Punisher","DTMod:Shift"],"picked":"SKIP","floor":27},{"not_picked":["DTMod:BizarreTactic","DTMod:Cover","DTMod:GhostSkin"],"picked":"SKIP","floor":33},{"not_picked":["DTMod:Feint","DTMod:ComboAttack+1"],"picked":"DTMod:StarRain+1","floor":37},{"not_picked":["DTMod:BuildUp+1","DTMod:DarkBreath","DTMod:MasterPlan"],"picked":"SKIP","floor":38},{"not_picked":["DTMod:CrossStep+1","DTMod:HeatWave","DTMod:Feint"],"picked":"SKIP","floor":41},{"not_picked":["DTMod:BurningEnergy+1","DTMod:BlueScale+1","DTMod:PurifyingFlame"],"picked":"SKIP","floor":44},{"not_picked":["DTMod:Adaptation+1","DTMod:Overwhelm","DTMod:BizarreTactic"],"picked":"SKIP","floor":46},{"not_picked":["DTMod:Weaken","DTMod:FlameSlash+1","DTMod:CrossStep+1"],"picked":"SKIP","floor":48},{"not_picked":["DTMod:FlameSlash","DTMod:MasterPlan+1","DTMod:Cover+1"],"picked":"SKIP","floor":49}],"player_experience":181291,"relics_obtained":[{"floor":7,"key":"wanderingMiniBosses:Blackblade"},{"floor":8,"key":"infinitespire:Beetle Shell"},{"floor":11,"key":"infinitespire:WardingShard"},{"floor":14,"key":"Regal Pillow"},{"floor":28,"key":"Toy Ornithopter"},{"floor":29,"key":"Nilry\u0027s Codex"},{"floor":45,"key":"reliquary:WritOfMandamus"},{"floor":48,"key":"DeathBook"}],"event_choices":[{"damage_healed":0,"gold_gain":0,"player_choice":"Obtained Relic","damage_taken":0,"relics_obtained":["Boot"],"max_hp_gain":0,"max_hp_loss":0,"event_name":"Addict","floor":24,"gold_loss":85},{"damage_healed":0,"gold_gain":0,"player_choice":"Obtained Book","damage_taken":16,"max_hp_gain":0,"max_hp_loss":0,"event_name":"Cursed Tome","floor":29,"gold_loss":0}],"is_beta":false,"boss_relics":[{"not_picked":["Snecko Eye","Kintsugi"],"picked":"REME_ChargedStone"},{"not_picked":[]},{"not_picked":["Philosopher\u0027s Stone","reliquary:Ember","Replay:Drink Me"]}],"items_purged_floors":[32,40],"is_endless":true,"potions_floor_spawned":[2,7,13,18,20,22,33,37,41,46,48],"killed_by":"Sphere and 2 Shapes","ascension_level":0}}