{"host":"eswokialmqjd9jwx","time":1611756605,"event":{"mods":["AchievementEnabler","BaseMod","Colored Map","DeckTracker","KOR Keyword Fix","Minty Spire (QoL Compilation)","StSLib","SuperFastMode"],"gold_per_floor":[111,126,145,160,179,179,254,254,254,284,284,296,319,334,334,411,411,428,343,28,39,64,64,74,92,92,92,107,141,161,187,187,264,264,275,293,308,333,68,99,99,111,111,111,145,159,170,45,45,45,45,45,45,45,70,70],"floor_reached":57,"language":"KOR","playtime":2112,"items_purged":["Strike_B","Strike_B","Strike_B"],"score":2646,"play_id":"2c66121b-f75d-405b-b511-6f98a93b878d","local_time":"20210127231005","is_ascension_mode":true,"campfire_choices":[{"floor":6.0,"key":"REST"},{"data":"Coolheaded","floor":8.0,"key":"SMITH"},{"floor":15.0,"key":"REST"},{"data":"Consume","floor":23.0,"key":"SMITH"},{"data":"Self Repair","floor":27.0,"key":"SMITH"},{"data":"Undo","floor":32,"key":"SMITH"},{"floor":41,"key":"RECALL"},{"floor":49,"key":"REST"},{"floor":53,"key":"REST"}],"circlet_count":0,"master_deck":["AscendersBane","Defend_B","Defend_B","Defend_B","Zap","Dualcast","Rip and Tear","Core Surge","Beam Cell","White Noise","Sweeping Beam","Coolheaded+1","Compile Driver","Creative AI","Electrodynamics","Consume+1","Self Repair+1","Undo+1","Undo+1","Creative AI","Undo","Creative AI"],"relics":["Cracked Core","Ginger","Mummified Hand","MealTicket","Snecko Eye","Bird Faced Urn","Runic Capacitor","Red Mask","Mango","PreservedInsect","Fusion Hammer","Ice Cream","DollysMirror","Potion Belt","Ornamental Fan","Oddly Smooth Stone","HornCleat","Vajra"],"acts_visited":["Exordium","TheCity","TheBeyond","TheEnding"],"potions_floor_usage":[29,31,33,35,50,50,56,56,56],"damage_taken":[{"damage":1.0,"enemies":"Cultist","floor":1.0,"turns":3.0},{"damage":1.0,"enemies":"2 Louse","floor":2.0,"turns":2.0},{"damage":0.0,"enemies":"Small Slimes","floor":3.0,"turns":2.0},{"damage":11.0,"enemies":"Looter","floor":4.0,"turns":2.0},{"damage":19.0,"enemies":"Large Slime","floor":5.0,"turns":4.0},{"damage":4.0,"enemies":"Blue Slaver","floor":12.0,"turns":3.0},{"damage":5.0,"enemies":"Exordium Wildlife","floor":14.0,"turns":2.0},{"damage":19.0,"enemies":"Hexaghost","floor":16.0,"turns":9.0},{"damage":11.0,"enemies":"Spheric Guardian","floor":18.0,"turns":3.0},{"damage":27.0,"enemies":"Shell Parasite","floor":21.0,"turns":4.0},{"damage":2.0,"enemies":"Masked Bandits","floor":22.0,"turns":2.0},{"damage":8.0,"enemies":"3 Cultists","floor":24.0,"turns":3.0},{"damage":22.0,"enemies":"Shelled Parasite and Fungi","floor":25.0,"turns":4.0},{"damage":13.0,"enemies":"Centurion and Healer","floor":28.0,"turns":6.0},{"damage":47,"enemies":"Book of Stabbing","floor":29,"turns":5},{"damage":19,"enemies":"Snake Plant","floor":30,"turns":5},{"damage":10,"enemies":"Gremlin Leader","floor":31,"turns":5},{"damage":39,"enemies":"Collector","floor":33,"turns":8},{"damage":77,"enemies":"3 Darklings","floor":35,"turns":4},{"damage":26,"enemies":"Orb Walker","floor":36,"turns":4},{"damage":28,"enemies":"Jaw Worm Horde","floor":37,"turns":4},{"damage":0,"enemies":"Mind Bloom Boss Battle","floor":38,"turns":3},{"damage":44,"enemies":"Giant Head","floor":40,"turns":7},{"damage":0,"enemies":"Maw","floor":42,"turns":4},{"damage":33,"enemies":"Nemesis","floor":45,"turns":5},{"damage":4,"enemies":"4 Shapes","floor":46,"turns":3},{"damage":4,"enemies":"Jaw Worm Horde","floor":47,"turns":3},{"damage":93,"enemies":"Awakened One","floor":50,"turns":8},{"damage":15,"enemies":"Donu and Deca","floor":51,"turns":7},{"damage":52,"enemies":"Shield and Spear","floor":55,"turns":5},{"damage":89,"enemies":"The Heart","floor":56,"turns":8}],"seed_played":"4618251043826726174","potions_obtained":[{"floor":2.0,"key":"EssenceOfDarkness"},{"floor":4.0,"key":"PowerPotion"},{"floor":12.0,"key":"GamblersBrew"},{"floor":16.0,"key":"EssenceOfSteel"},{"floor":18.0,"key":"SteroidPotion"},{"floor":24.0,"key":"LiquidBronze"},{"floor":28.0,"key":"Explosive Potion"},{"floor":31,"key":"DuplicationPotion"},{"floor":33,"key":"Swift Potion"},{"floor":36,"key":"AttackPotion"},{"floor":42,"key":"LiquidBronze"},{"floor":45,"key":"GamblersBrew"},{"floor":47,"key":"Energy Potion"},{"floor":55,"key":"Swift Potion"}],"is_trial":false,"path_per_floor":["M","M","M","M","M","R","?","R","T","?","?","M","T","M","R","B",null,"M","?","$","M","?","R","M","M","T","R","M","E","M","E","R","B",null,"M","M","M","?","$","E","R","M","T","?","E","M","M","$","R","B","B",null,"R","$","E","B",null],"character_chosen":"DEFECT","items_purchased":["Runic Capacitor","Self Repair","DollysMirror"],"campfire_rested":4,"item_purchase_floors":[20,20,39],"current_hp_per_floor":[45,44,44,33,14,35,24,24,24,24,13,9,9,4,25,6,55,44,44,59,53,55,55,64,59,59,59,71,54,59,73,73,78,83,28,28,22,44,59,53,53,85,85,85,78,85,85,85,85,46,85,85,85,85,65,46],"gold":70,"neow_bonus":"TRANSFORM_TWO_CARDS","is_daily":false,"chose_seed":false,"campfire_upgraded":4,"win_rate":0.0,"timestamp":1611756605,"path_taken":["M","?","M","M","M","R","?","R","T","?","?","M","?","M","R","BOSS","M","?","$","M","?","R","M","M","T","R","M","E","M","E","R","BOSS","M","M","M","?","$","E","R","M","T","?","E","?","M","?","R","BOSS","BOSS","R","$","E","BOSS"],"items_purchased_type":["Relic","Card","Relic"],"build_version":"2020-12-22","purchased_purges":3,"victory":true,"max_hp_per_floor":[71,71,71,71,71,71,71,71,71,71,71,71,71,71,71,71,71,71,71,71,71,71,71,71,71,71,71,71,85,85,85,85,85,85,85,85,85,85,85,85,85,85,85,85,85,85,85,85,85,85,85,85,85,85,85,85],"card_choices":[{"not_picked":["Hologram","Fusion"],"picked":"Beam Cell","floor":1.0},{"not_picked":["Go for the Eyes","Hologram"],"picked":"White Noise","floor":2.0},{"not_picked":["Skim","Meteor Strike"],"picked":"Sweeping Beam","floor":3.0},{"not_picked":["Go for the Eyes","Turbo"],"picked":"Coolheaded","floor":4.0},{"not_picked":["Glacier","Hello World"],"picked":"Compile Driver","floor":5.0},{"not_picked":["Sweeping Beam","Barrage","Redo"],"picked":"SKIP","floor":12.0},{"not_picked":["Stack","Steam Power"],"picked":"Creative AI","floor":14.0},{"not_picked":["Buffer","Rainbow"],"picked":"Electrodynamics","floor":16.0},{"not_picked":["Double Energy","Chill"],"picked":"Consume","floor":18.0},{"not_picked":["Chaos","Turbo","Stack"],"picked":"SKIP","floor":21.0},{"not_picked":["Barrage","Stack"],"picked":"Undo+1","floor":22.0},{"not_picked":["FTL","Beam Cell","Conserve Battery"],"picked":"SKIP","floor":24.0},{"not_picked":["Cold Snap","Aggregate"],"picked":"Undo","floor":25.0},{"not_picked":["Cold Snap+1","Sweeping Beam","Rebound"],"picked":"SKIP","floor":28.0},{"not_picked":["Chaos","Doom and Gloom","Redo"],"picked":"SKIP","floor":29},{"not_picked":["Leap","Fusion","Steam"],"picked":"SKIP","floor":30},{"not_picked":["Auto Shields","Tempest","Hyperbeam"],"picked":"SKIP","floor":31},{"not_picked":["Sweeping Beam+1","Sunder","Reprogram"],"picked":"SKIP","floor":35},{"not_picked":["Chill","Go for the Eyes","Undo"],"picked":"SKIP","floor":36},{"not_picked":["Steam","Barrage+1","Conserve Battery"],"picked":"SKIP","floor":37},{"not_picked":["Gash","Recycle"],"picked":"Undo","floor":40},{"not_picked":["Beam Cell","Barrage+1"],"picked":"Defragment","floor":42},{"not_picked":["Consume","Reinforced Body","Reprogram+1"],"picked":"SKIP","floor":45},{"not_picked":["Genetic Algorithm+1","Chill+1"],"picked":"Creative AI","floor":46},{"not_picked":["Sunder","Leap","Compile Driver"],"picked":"SKIP","floor":47},{"not_picked":["Seek","Reboot","FTL"],"picked":"SKIP","floor":55}],"player_experience":1169777,"relics_obtained":[{"floor":9.0,"key":"Ginger"},{"floor":13.0,"key":"MealTicket"},{"floor":22.0,"key":"Red Mask"},{"floor":29,"key":"Mango"},{"floor":31,"key":"PreservedInsect"},{"floor":38,"key":"Ice Cream"},{"floor":40,"key":"Potion Belt"},{"floor":43,"key":"Ornamental Fan"},{"floor":45,"key":"HornCleat"},{"floor":55,"key":"Vajra"}],"event_choices":[{"damage_healed":0.0,"max_hp_gain":0.0,"max_hp_loss":0.0,"gold_gain":75.0,"event_name":"World of Goop","player_choice":"Gather Gold","floor":7.0,"gold_loss":0.0,"damage_taken":11.0},{"damage_healed":0.0,"max_hp_gain":0.0,"max_hp_loss":0.0,"gold_gain":30.0,"event_name":"Dead Adventurer","player_choice":"Searched \u00272\u0027 times","floor":10.0,"gold_loss":0.0,"damage_taken":0.0},{"damage_healed":0.0,"max_hp_gain":0.0,"max_hp_loss":0.0,"gold_gain":0.0,"event_name":"Scrap Ooze","player_choice":"Success","floor":11.0,"gold_loss":0.0,"damage_taken":11.0,"relics_obtained":["Mummified Hand"]},{"damage_healed":0.0,"max_hp_gain":0.0,"max_hp_loss":0.0,"gold_gain":0.0,"event_name":"Addict","player_choice":"Obtained Relic","floor":19.0,"gold_loss":85.0,"damage_taken":0.0,"relics_obtained":["Bird Faced Urn"]},{"damage_healed":0.0,"max_hp_gain":0.0,"max_hp_loss":0.0,"gold_gain":0.0,"event_name":"Masked Bandits","player_choice":"Fought Bandits","floor":22.0,"gold_loss":0.0,"damage_taken":0.0},{"damage_healed":0,"gold_gain":0,"player_choice":"Fight","damage_taken":0,"max_hp_gain":0,"max_hp_loss":0,"event_name":"MindBloom","floor":38,"gold_loss":0},{"cards_removed":["Defragment"],"damage_healed":0,"gold_gain":0,"player_choice":"Gave Card","damage_taken":0,"relics_obtained":["Oddly Smooth Stone"],"max_hp_gain":0,"max_hp_loss":0,"event_name":"WeMeetAgain","floor":44,"gold_loss":0}],"is_beta":false,"boss_relics":[{"not_picked":["Sozu","Black Star"],"picked":"Snecko Eye"},{"not_picked":["Astrolabe","FrozenCore"],"picked":"Fusion Hammer"}],"items_purged_floors":[20,39,48],"is_endless":false,"potions_floor_spawned":[2,4,12,16,18,24,28,31,33,36,42,45,47,55],"ascension_level":20}}