{"host":"a49aoqbkajnlmy9c","time":1611726145,"event":{"mods":["100% Spire Juice","2.2 Compatiblity","AchievementEnabler","Act Like it!","AlwaysNeverKeys","Arknights The Spire","BaseMod","Better Match","BetterRewards","Block Reminder","Colored Map","Colored Powertips","Downfall","Emptier Cage","Friendly Minions","Gensokyo","GifTheSpireLib","Gremlin Skip","Halation","HololiveMod","Hubris","Hyrulean Relics","Infinite Spire","Ironclad Rager","Marisa????????","Minty Spire (QoL Compilation)","Prisma Mod","Quarter Circle Forward PUNCH!","Quick Restart","Random Character Button","Reimu??????","Relic Filter","Reorder Act Four","StSLib","The Alterego","The Animator","Transform Curses","Treasure Hunter","Unceasing Turn Reminder","Useless Jewels Mod","Virulent Crown","Waifu the Spire","WarShipGirlsR/????R mod","Yakumo Yukari mod","Yuyuko"],"gold_per_floor":[28,46,46,46,46,71,71,171,196,213,213,213,213,105,105,106,106],"floor_reached":16,"language":"ENG","playtime":681,"items_purged":[],"score":98,"play_id":"581c5e32-4219-4926-88ce-44b51f5b5201","local_time":"20210127004225","is_ascension_mode":false,"campfire_choices":[{"data":"Moonworks:ReproductionOfRecords","floor":7,"key":"SMITH"},{"data":"Moonworks:CloudOfSeagulls","floor":11,"key":"SMITH"},{"floor":13,"key":"REST"},{"data":"Moonworks:EvilSpyWorkPreparation","floor":15,"key":"SMITH"}],"circlet_count":0,"master_deck":["Moonworks:Strike+1","Moonworks:Strike","Moonworks:Strike","Moonworks:Strike+1","Moonworks:Defend","Moonworks:Defend","Moonworks:Defend","Moonworks:Defend","Moonworks:Ambush","Moonworks:LongDistanceShot","Moonworks:CloudOfSeagulls+1","Moonworks:x16BigRocket","TH:DeckOfManyThings","Moonworks:ReproductionOfRecords+1","TH:EnergyPotion","Moonworks:CloudOfSeagulls+1","Moonworks:EvilSpyWorkPreparation+1"],"relics":["Moonworks:BrokenBomb","Moonworks:Homemark","hubris:Icosahedron","halation:EternalFortune","Matryoshka","halation:KoshaPiece","Whetstone"],"acts_visited":["Gensokyo:Gensokyo"],"potions_floor_usage":[16],"damage_taken":[{"damage":0,"enemies":"Gensokyo:3_Fairies","floor":1,"turns":4},{"damage":2,"enemies":"Gensokyo:Gryphon","floor":2,"turns":4},{"damage":36,"enemies":"Gensokyo:Cirno","floor":6,"turns":7},{"damage":5,"enemies":"Gensokyo:2_Kodama","floor":10,"turns":4},{"damage":0,"enemies":"Gensokyo:LivingMonolith","floor":14,"turns":3},{"damage":42,"enemies":"Gensokyo:Reimu","floor":16,"turns":11}],"seed_played":"6663059130898447787","potions_obtained":[{"floor":1,"key":"GamblersBrew"},{"floor":10,"key":"PanachePotion"}],"is_trial":false,"path_per_floor":["M","M","?","?","?","E","R","?","T","M","R","?","R","M","R","B"],"character_chosen":"THE_STARBREAKER","items_purchased":[],"campfire_rested":1,"item_purchase_floors":[],"current_hp_per_floor":[54,52,52,55,60,24,24,24,24,19,19,19,37,37,37,0,0],"gold":106,"neow_bonus":"TWO_FIFTY_GOLD","is_daily":false,"chose_seed":false,"campfire_upgraded":3,"win_rate":0.0,"timestamp":1611726145,"path_taken":["M","M","?","?","?","E","R","?","T","?","R","?","R","M","R","BOSS"],"items_purchased_type":[],"build_version":"2020-12-22","purchased_purges":0,"victory":false,"max_hp_per_floor":[54,54,54,57,62,62,62,62,62,62,62,62,62,62,62,62,62],"card_choices":[{"not_picked":["Moonworks:IndiscriminateFireSupport","Moonworks:LuckyCharm"],"picked":"Moonworks:CloudOfSeagulls","floor":1},{"not_picked":["Moonworks:BindingChains","Moonworks:Assault"],"picked":"Moonworks:x16BigRocket","floor":2},{"not_picked":["TH:BikiniMail"],"picked":"TH:DeckOfManyThings","floor":6},{"not_picked":["Moonworks:EvilSpyWorkPreparation","Moonworks:FinalBattle"],"picked":"Moonworks:ReproductionOfRecords","floor":6},{"not_picked":["TH:ElvenBoots"],"picked":"TH:EnergyPotion","floor":9},{"not_picked":["Moonworks:ImOnFire","Moonworks:NicePresent"],"picked":"Moonworks:CloudOfSeagulls","floor":10},{"not_picked":["Moonworks:NicePresent","Moonworks:TacticalRetreat"],"picked":"Moonworks:EvilSpyWorkPreparation","floor":14}],"player_experience":601838,"relics_obtained":[{"floor":6,"key":"Matryoshka"},{"floor":9,"key":"halation:KoshaPiece"},{"floor":9,"key":"Whetstone"}],"event_choices":[],"is_beta":false,"boss_relics":[],"items_purged_floors":[],"is_endless":false,"potions_floor_spawned":[1,10],"killed_by":"Gensokyo:Reimu","ascension_level":0}}