{"host":"hixkpep13ay54y5b","time":1611771961,"event":{"mods":["AchievementEnabler","BaseMod","BetterRewards","Colored Map","Hubris","Infinite Spire","Minty Spire (QoL Compilation)","Quick Restart","Replay The Spire","Shop Mod","StSLib","SuperFastMode"],"gold_per_floor":[111,111,61,61,61,61,61,76,102,118,118,4,79,106,106,208,208,224,224,241,10,27,60,79,184,184,184,184,211,230,230,22,35,35,35,35],"floor_reached":35,"language":"ENG","playtime":666,"items_purged":["Strike_G"],"score":323,"play_id":"20835e0c-a40f-49d7-8fea-41805c13fc7b","local_time":"20210127132601","is_ascension_mode":false,"campfire_choices":[{"data":"Defend_G","floor":6.0,"key":"SMITH"},{"data":"Defend_G","floor":11.0,"key":"SMITH"},{"floor":31,"key":"REST"},{"floor":34,"key":"REST"}],"circlet_count":0,"master_deck":["Strike_G","Strike_G","Defend_G+1","Defend_G+1","Defend_G+1","Defend_G","Defend_G+1","Survivor","Neutralize","Draining Mist+1","Corpse Explosion","Burst","Dagger Spray","infinitespire:Neurotoxin","Noxious Fumes+1"],"relics":["Ring of the Snake","NeowsBlessing","Bag of Preparation","Black Star","MerchantsRug","Replay:Rubber Ducky","Toxic Egg 2","Mango"],"acts_visited":["Exordium","TheCity"],"potions_floor_usage":[20,20,20,30],"damage_taken":[{"damage":0.0,"enemies":"Cultist","floor":1.0,"turns":1.0},{"damage":0.0,"enemies":"Small Slimes","floor":8.0,"turns":1.0},{"damage":0.0,"enemies":"2 Louse","floor":10.0,"turns":1.0},{"damage":8.0,"enemies":"3 Sentries","floor":14.0,"turns":12.0},{"damage":47.0,"enemies":"Hexaghost","floor":16.0,"turns":15.0},{"damage":0.0,"enemies":"Spheric Guardian","floor":18.0,"turns":3.0},{"damage":12,"enemies":"Shell Parasite","floor":20,"turns":5},{"damage":0,"enemies":"Snake Plant","floor":22,"turns":6},{"damage":37,"enemies":"Nightmare","floor":23,"turns":12},{"damage":0,"enemies":"Snecko","floor":24,"turns":4},{"damage":0,"enemies":"Centurion and Healer","floor":30,"turns":3},{"damage":21,"enemies":"Sentry and Sphere","floor":33,"turns":4},{"damage":61,"enemies":"Collector","floor":35,"turns":5}],"seed_played":"-2174372192085037733","potions_obtained":[{"floor":1.0,"key":"FearPotion"},{"floor":8.0,"key":"Explosive Potion"},{"floor":16.0,"key":"EntropicBrew"},{"floor":18.0,"key":"Strength Potion"},{"floor":23,"key":"Fire Potion"}],"is_trial":false,"path_per_floor":["M","?","?","?","?","R","$","M","T","M","R","$","?","E","R_BF","B",null,"M","?","M","$","M","NM","M","?","PTL","PTL","T","T","M","R","$","M","R","B"],"character_chosen":"THE_SILENT","items_purchased":["Draining Mist","MerchantsRug","infinitespire:Neurotoxin","Mango"],"campfire_rested":2,"item_purchase_floors":[12,21,21,32],"current_hp_per_floor":[70,70,70,70,75,75,75,75,75,75,75,75,64,56,75,28,75,75,75,63,63,63,26,26,8,8,8,8,8,8,30,44,23,49,0,0],"gold":35,"neow_bonus":"THREE_ENEMY_KILL","is_daily":false,"chose_seed":false,"campfire_upgraded":2,"win_rate":0.0,"timestamp":1611771961,"path_taken":["M","?","?","?","?","R","?","M","T","?","R","$","?","E","R_BF","BOSS","M","?","M","?","M","NM","M","?","PTL","PTL","T","?","M","R","$","?","R","BOSS"],"items_purchased_type":["Card","Relic","Card","Relic"],"build_version":"2020-12-22","purchased_purges":1,"victory":false,"max_hp_per_floor":[70,70,70,70,75,75,75,75,75,75,75,75,75,75,75,75,75,75,75,75,75,75,75,75,75,75,75,75,75,75,75,89,89,89,89,89],"card_choices":[{"not_picked":["Blade Dance","Sucker Punch","Slice"],"picked":"SKIP","floor":1.0},{"not_picked":["Predator","PiercingWail","Quick Slash"],"picked":"SKIP","floor":8.0},{"not_picked":["Wraith Form v2","Underhanded Strike","Backstab"],"picked":"SKIP","floor":10.0},{"not_picked":["Prepared","Accuracy"],"picked":"Corpse Explosion","floor":14.0},{"not_picked":["Corpse Explosion","Poison Darts"],"picked":"Burst","floor":16.0},{"not_picked":["Outmaneuver","Blade Dance"],"picked":"Dagger Spray","floor":18.0},{"not_picked":["Dagger Throw","Infinite Blades+1","Prepared"],"picked":"SKIP","floor":20},{"not_picked":["hubris:SlightOfHand","hubris:Counter","Bane"],"picked":"SKIP","floor":22},{"not_picked":["hubris:SlightOfHand","hubris:Counter","Bane"],"picked":"SKIP","floor":22},{"not_picked":["Setup+1","ReplayTheSpireMod:Tripwire+1","Hidden Blade+1"],"picked":"SKIP","floor":23},{"not_picked":["Backflip+1","Prepared+1","ReplayTheSpireMod:Speed Training+1"],"picked":"SKIP","floor":24},{"not_picked":["Quick Slash+1","Poisoned Stab"],"picked":"Noxious Fumes+1","floor":25},{"not_picked":["Predator","hubris:Sniper+1","hubris:SlightOfHand+1"],"picked":"SKIP","floor":30},{"not_picked":["Outmaneuver+1","Dash","Flying Knee"],"picked":"SKIP","floor":33}],"player_experience":146678,"relics_obtained":[{"floor":9.0,"key":"Bag of Preparation"},{"floor":14.0,"key":"Nunchaku"},{"floor":23,"key":"Replay:Rubber Ducky"},{"floor":23,"key":"Toxic Egg 2"},{"floor":28,"key":"InkBottle"},{"floor":29,"key":"Pet Ghost"}],"event_choices":[{"damage_healed":0.0,"max_hp_gain":0.0,"max_hp_loss":0.0,"gold_gain":0.0,"event_name":"Living Wall","player_choice":"Grow","floor":2.0,"gold_loss":0.0,"damage_taken":0.0,"cards_upgraded":["Defend_G"]},{"cards_removed":["Strike_G"],"damage_healed":0.0,"max_hp_gain":0.0,"max_hp_loss":0.0,"gold_gain":0.0,"event_name":"The Cleric","player_choice":"Card Removal","floor":3.0,"gold_loss":50.0,"damage_taken":0.0},{"damage_healed":0.0,"max_hp_gain":5.0,"max_hp_loss":0.0,"gold_gain":0.0,"event_name":"Big Fish","player_choice":"Donut","floor":5.0,"gold_loss":0.0,"damage_taken":0.0},{"damage_healed":0.0,"max_hp_gain":0.0,"max_hp_loss":0.0,"gold_gain":75.0,"event_name":"World of Goop","player_choice":"Gather Gold","floor":13.0,"gold_loss":0.0,"damage_taken":11.0},{"cards_removed":["Strike_G"],"damage_healed":0.0,"max_hp_gain":0.0,"max_hp_loss":0.0,"gold_gain":0.0,"event_name":"Purifier","player_choice":"Purged","floor":19.0,"gold_loss":0.0,"damage_taken":0.0}],"is_beta":false,"boss_relics":[{"not_picked":["Snecko Scales","Replay:Bronze Core"],"picked":"Black Star"}],"items_purged_floors":[12],"is_endless":true,"potions_floor_spawned":[1,8,16,18,23],"killed_by":"Collector","ascension_level":0}}