{"host":"sav7uxregyirlf69","time":1611758768,"event":{"mods":["AchievementEnabler","BaseMod","Colored Map","DeckTracker","Keyboard Shortcuts","Minty Spire (QoL Compilation)","READ ME - Guardian Mod","StSLib","SuperFastMode"],"gold_per_floor":[364,364,378,140,99,99,131,131,157,192,208,208,22,36,36,36,36],"floor_reached":16,"language":"KOR","playtime":236,"items_purged":["Strike_R","Strike_R"],"score":216,"play_id":"833e03e3-701a-477a-9616-032ee8f05200","local_time":"20210127234608","is_ascension_mode":true,"campfire_choices":[{"data":"Cleave","floor":6.0,"key":"SMITH"},{"data":"Blood for Blood","floor":8.0,"key":"SMITH"},{"floor":12.0,"key":"REST"},{"data":"Rage","floor":15.0,"key":"SMITH"}],"circlet_count":0,"master_deck":["AscendersBane","Strike_R","Strike_R+1","Strike_R","Defend_R+1","Defend_R","Defend_R","Defend_R","Bash","Cleave+1","Second Wind","Dual Wield","Blood for Blood+1","Pommel Strike","Rage+1","Impervious"],"relics":["Burning Blood","TheAbacus","Potion Belt","Smiling Mask","Ginger"],"acts_visited":["Exordium"],"potions_floor_usage":[16,16],"damage_taken":[{"damage":9.0,"enemies":"Small Slimes","floor":1.0,"turns":4.0},{"damage":6.0,"enemies":"Jaw Worm","floor":3.0,"turns":4.0},{"damage":26.0,"enemies":"Gremlin Nob","floor":7.0,"turns":4.0},{"damage":23.0,"enemies":"3 Sentries","floor":10.0,"turns":7.0},{"damage":0.0,"enemies":"Cultist","floor":11.0,"turns":4.0},{"damage":3.0,"enemies":"2 Fungi Beasts","floor":14.0,"turns":4.0},{"damage":43,"enemies":"The Guardian","floor":16,"turns":6}],"seed_played":"-3460776715178068705","potions_obtained":[{"floor":14.0,"key":"Dexterity Potion"}],"is_trial":false,"path_per_floor":["M","?","M","$","$","R","E","R","T","E","M","R","$","M","R","B"],"character_chosen":"IRONCLAD","items_purchased":["TheAbacus","Dual Wield","Rage","PowerPotion"],"campfire_rested":1,"item_purchase_floors":[4,5,13,13],"current_hp_per_floor":[65,45,45,45,45,45,25,25,25,8,14,34,34,37,37,0,0],"gold":36,"neow_bonus":"TWO_FIFTY_GOLD","is_daily":false,"chose_seed":false,"campfire_upgraded":3,"win_rate":0.0,"timestamp":1611758768,"path_taken":["M","?","M","?","$","R","E","R","T","E","?","R","$","M","R","BOSS"],"items_purchased_type":["Relic","Card","Card","Potion"],"build_version":"2020-12-22","purchased_purges":2,"victory":false,"max_hp_per_floor":[68,68,68,68,68,68,68,68,68,68,68,68,68,68,68,68,68],"card_choices":[{"not_picked":["Anger","True Grit"],"picked":"Cleave","floor":1.0},{"not_picked":["Spot Weakness","Intimidate"],"picked":"Second Wind","floor":3.0},{"not_picked":["Headbutt","Armaments"],"picked":"Blood for Blood","floor":7.0},{"not_picked":["Heavy Blade","Uppercut","Clothesline"],"picked":"SKIP","floor":10.0},{"not_picked":["Flex","Whirlwind"],"picked":"Pommel Strike","floor":11.0},{"not_picked":["Body Slam","Iron Wave"],"picked":"Impervious","floor":14.0}],"player_experience":1403387,"relics_obtained":[{"floor":7.0,"key":"Potion Belt"},{"floor":9.0,"key":"Smiling Mask"},{"floor":10.0,"key":"Ginger"}],"event_choices":[{"damage_healed":0.0,"max_hp_gain":0.0,"max_hp_loss":0.0,"gold_gain":0.0,"event_name":"Shining Light","player_choice":"Entered Light","floor":2.0,"gold_loss":0.0,"damage_taken":20.0,"cards_upgraded":["Defend_R","Strike_R"]}],"is_beta":false,"boss_relics":[],"items_purged_floors":[4,13],"is_endless":false,"potions_floor_spawned":[14],"killed_by":"The Guardian","ascension_level":20}}