{"host":"iao9zlhzdan4iyha","time":1611760695,"event":{"mods":["BaseMod","BetterRewards","Downfall","Hermit","Ironclad Rager","Minty Spire (QoL Compilation)","Quick Restart","Replay The Spire","Shop Mod","StSLib","The Bug Knight","The Judge","The Runesmith"],"gold_per_floor":[113,216,216,12,12,43,43,83,129,129,147,170,170,184,184,303,403,424,123,123,139,40,40,40],"floor_reached":23,"language":"ENG","playtime":1864,"items_purged":[],"score":322,"play_id":"cb81b9e2-103f-407c-b1e2-a5c3673f1c27","local_time":"20210127151815","is_ascension_mode":false,"campfire_choices":[{"floor":7,"key":"REST"},{"data":"Runesmith:Firestorm","floor":13,"key":"SMITH"},{"data":"Runesmith:RunicBlueprint","floor":15,"key":"SMITH"}],"circlet_count":0,"master_deck":["Runesmith:Strike_RS","Runesmith:Strike_RS","Runesmith:Strike_RS","Runesmith:Strike_RS","Runesmith:Defend_RS","Runesmith:Defend_RS","Runesmith:Defend_RS","Runesmith:Defend_RS","Runesmith:CraftFirestone","Runesmith:Fortify","Runesmith:Firestorm+1","Runesmith:CraftMagma","Runesmith:HeatedChisel","Runesmith:RunicBlueprint+1","Runesmith:Superposition","Runesmith:MetallurgicalResearch+1","Runesmith:CraftMagma","Runesmith:HeatedChisel","Runesmith:BackupBattery","Runesmith:Repurpose","Runesmith:UnstableHammer","Runesmith:HeatExchange","Runesmith:CreatorForm","Runesmith:EarthShield","Runesmith:ChiselStab","Runesmith:PoweredAnvil+1","Runesmith:CraftProtectio+1"],"relics":["Runesmith:BrokenRuby","Onion Ring","Golden Idol","Blood Vial","HollowMod:StagPassRelic","PreservedInsect","Simple Rune","Replay:Wanted Poster","Ice Cream"],"acts_visited":["Exordium","TheCity"],"potions_floor_usage":[6,21],"damage_taken":[{"damage":7,"enemies":"2 Louse","floor":1,"turns":3},{"damage":0,"enemies":"Gremlin Nob","floor":6,"turns":3},{"damage":6,"enemies":"Lagavulin","floor":8,"turns":6},{"damage":0,"enemies":"Jaw Worm","floor":11,"turns":3},{"damage":0,"enemies":"Small Slimes","floor":12,"turns":3},{"damage":2,"enemies":"Exordium Wildlife","floor":14,"turns":4},{"damage":10,"enemies":"Fading Forest","floor":16,"turns":11},{"damage":9,"enemies":"Spheric Guardian","floor":18,"turns":4},{"damage":43,"enemies":"3 Byrds","floor":21,"turns":4},{"damage":19,"enemies":"Sentry and Sphere","floor":23,"turns":2}],"seed_played":"-732765356572885380","potions_obtained":[{"floor":11,"key":"Block Potion"},{"floor":12,"key":"Cursed Concoction"},{"floor":14,"key":"BlessingOfTheForge"},{"floor":20,"key":"EntropicBrew"}],"is_trial":false,"path_per_floor":["M","?","?","$","$","E","R","E","T","?","M","M","R","M","R","B",null,"M","$","?","M","$","M"],"character_chosen":"RUNESMITH_CLASS","items_purchased":["Runesmith:Firestorm","Runesmith:CraftMagma","Runesmith:HeatedChisel","Blood Vial","BlessingOfTheForge","Ice Cream","Runesmith:PoweredAnvil","Runesmith:CraftProtectio"],"campfire_rested":1,"item_purchase_floors":[0,0,0,4,4,19,22,22],"current_hp_per_floor":[63,46,46,46,46,48,65,59,59,59,61,63,63,63,63,65,65,56,56,56,15,15,0,0],"gold":40,"neow_bonus":"","is_daily":false,"chose_seed":false,"campfire_upgraded":2,"win_rate":0.0,"timestamp":1611760695,"path_taken":["M","?","?","?","$","E","R","E","T","?","?","M","R","M","R","BOSS","M","$","?","M","$","M"],"items_purchased_type":["Card","Card","Card","Relic","Potion","Relic","Card","Card"],"build_version":"2020-12-22","purchased_purges":0,"victory":false,"max_hp_per_floor":[70,70,65,65,65,65,65,65,65,65,65,65,65,65,65,65,65,65,65,65,65,65,65,65],"card_choices":[{"not_picked":["Runesmith:UnstableHammer","Runesmith:EarthShield"],"picked":"Runesmith:RunicBlueprint","floor":1},{"not_picked":["Runesmith:NegativeSpace","Runesmith:RuneHurl"],"picked":"Runesmith:Superposition","floor":2},{"not_picked":["Runesmith:ChiselStab","Runesmith:CraftObretio"],"picked":"Runesmith:MetallurgicalResearch","floor":2},{"not_picked":["Runesmith:Overpower","Runesmith:RuneHurl"],"picked":"Runesmith:CraftMagma","floor":2},{"not_picked":["Runesmith:Retool","Runesmith:Attraction"],"picked":"Runesmith:HeatedChisel","floor":6},{"not_picked":["Runesmith:ShiftingStrike","Runesmith:StaticCage"],"picked":"Runesmith:BackupBattery","floor":8},{"not_picked":["Runesmith:Refine","Runesmith:BackupBattery"],"picked":"Runesmith:Repurpose","floor":11},{"not_picked":["Runesmith:StaticCage","Runesmith:HeatedChisel"],"picked":"Runesmith:UnstableHammer","floor":12},{"not_picked":["Runesmith:BackupBattery","Runesmith:Grindstone"],"picked":"Runesmith:HeatExchange","floor":14},{"not_picked":["Runesmith:DuctTape","Runesmith:CraftPrismatica"],"picked":"Runesmith:CreatorForm","floor":16},{"not_picked":["Runesmith:Overpower","Runesmith:RuneHurl"],"picked":"Runesmith:EarthShield","floor":18},{"not_picked":["Runesmith:HammerThrow","Runesmith:FrozenChisel"],"picked":"Runesmith:ChiselStab","floor":21}],"player_experience":89931,"relics_obtained":[{"floor":6,"key":"HollowMod:StagPassRelic"},{"floor":8,"key":"PreservedInsect"},{"floor":9,"key":"Simple Rune"}],"event_choices":[{"damage_healed":0,"gold_gain":0,"player_choice":"Lose Max HP","damage_taken":0,"relics_obtained":["Golden Idol"],"max_hp_gain":0,"max_hp_loss":5,"event_name":"Golden Idol","floor":3,"gold_loss":0},{"damage_healed":0,"gold_gain":0,"player_choice":"Forge","damage_taken":0,"max_hp_gain":0,"max_hp_loss":0,"event_name":"Accursed Blacksmith","floor":10,"gold_loss":0,"cards_upgraded":["Runesmith:MetallurgicalResearch"]},{"damage_healed":0,"gold_gain":0,"player_choice":"Got Potions","damage_taken":0,"max_hp_gain":0,"max_hp_loss":0,"event_name":"Lab","floor":20,"gold_loss":0}],"is_beta":false,"boss_relics":[{"not_picked":["Kintsugi","ChewingGum"],"picked":"Replay:Wanted Poster"}],"items_purged_floors":[],"is_endless":false,"potions_floor_spawned":[11,12,14,16],"killed_by":"Sentry and Sphere","ascension_level":0}}