{"host":"ojezjkpqju62j8xy","time":1611750106,"event":{"mods":["ATMod(°¢èªMod)","Act Like it!","Aspiration","BaseMod","Conspire","Minty Spire (QoL Compilation)","Pale of the Ancients","Replay The Spire","Spicy Shops","StSLib","[GremlinLeader]The Maniac","¡¾ÒÅÎï¿¨ÅÆ¡¿REMEMod"],"gold_per_floor":[111,111,122,72,88,122,122,155,155,180,180,56,75,109,109,109,109],"floor_reached":16,"language":"ZHS","playtime":354,"items_purged":["ReplayTheSpireMod:Restless Dread"],"score":183,"play_id":"5cd68331-4ea4-467c-b131-436b325d9354","local_time":"20210127202146","is_ascension_mode":true,"campfire_choices":[{"floor":7,"key":"RECALL"},{"floor":11,"key":"REST"},{"floor":15,"key":"REST"}],"circlet_count":0,"master_deck":["AscendersBane","Strike_B","Strike_B","Strike_B","Strike_B","Defend_B","Defend_B","Defend_B","Zap","Dualcast","AT_ChampionKick+1","Wallop","BasicCrystalCard","Leap","Cold Snap","Go for the Eyes","Electrodynamics","Cold Snap","aspiration:Polymerization+1","Apotheosis+1","REME_FirmDetermination+1","AT_BreakingExtremeWeapon+1","Redo","Undo"],"relics":["Cracked Core","AT_ATBox","REME_ComplimentaryCards","NeowsBlessing","Replay:WaspNest","Oddly Smooth Stone","Golden Egg","Odd Mushroom","ReplayTheSpireMod:CursedCoin","ReplayTheSpireMod:ShopPack","Peace Pipe"],"acts_visited":["Exordium"],"potions_floor_usage":[6,13,14],"damage_taken":[{"damage":0,"enemies":"Jaw Worm","floor":1,"turns":1},{"damage":0,"enemies":"Cultist","floor":3,"turns":1},{"damage":0,"enemies":"2 Louse","floor":5,"turns":1},{"damage":23,"enemies":"3 Sentries","floor":6,"turns":8},{"damage":16,"enemies":"Gremlin Nob","floor":8,"turns":4},{"damage":22,"enemies":"The Mushroom Lair","floor":10,"turns":3},{"damage":12,"enemies":"Exordium Wildlife","floor":13,"turns":2},{"damage":13,"enemies":"3 Sentries","floor":14,"turns":4},{"damage":34,"enemies":"Slime Boss","floor":16,"turns":3}],"seed_played":"6182052962803831046","potions_obtained":[{"floor":1,"key":"Block Potion"},{"floor":3,"key":"Fire Potion"},{"floor":13,"key":"LiquidBronze"}],"is_trial":false,"path_per_floor":["M","?","M","?","M","E","R","E","T","?","R","$","M","E","R","B"],"character_chosen":"DEFECT","items_purchased":["ReplayTheSpireMod:CursedCoin","ReplayTheSpireMod:ShopPack","aspiration:Polymerization"],"campfire_rested":2,"item_purchase_floors":[12,12,12],"current_hp_per_floor":[68,68,68,68,68,45,45,29,29,7,29,29,17,4,26,0,0],"gold":109,"neow_bonus":"THREE_ENEMY_KILL","is_daily":false,"chose_seed":false,"campfire_upgraded":0,"win_rate":0.0,"timestamp":1611750106,"path_taken":["M","?","?","?","M","E","R","E","T","?","R","?","M","E","R","BOSS"],"items_purchased_type":["Relic","Relic","Card"],"build_version":"2020-12-22","purchased_purges":1,"victory":false,"max_hp_per_floor":[75,75,75,75,75,75,75,75,75,75,75,75,75,75,75,75,75],"card_choices":[{"not_picked":["Barrage","AT_HeatAcrobatics"],"picked":"BasicCrystalCard","floor":1},{"not_picked":["Sweeping Beam","Steam"],"picked":"Leap","floor":3},{"not_picked":["Streamline","Blizzard"],"picked":"Cold Snap","floor":5},{"not_picked":["Crystallizer","Conserve Battery"],"picked":"Go for the Eyes","floor":6},{"not_picked":["Crystallizer","Melter"],"picked":"Electrodynamics","floor":8},{"not_picked":["Recycle","Reinforced Body"],"picked":"Cold Snap","floor":10},{"not_picked":["Violence","Transmutation"],"picked":"Apotheosis","floor":12},{"not_picked":["Specialist","conspire:Banana"],"picked":"REME_FirmDetermination","floor":12},{"not_picked":["AT_LightSaberMaster","Replay:Sssssssssstrike"],"picked":"AT_BreakingExtremeWeapon","floor":12},{"not_picked":["AT_ThunderBolt","Compile Driver"],"picked":"Redo","floor":13},{"not_picked":["Hologram","BasicCrystalCard"],"picked":"Undo","floor":14}],"player_experience":1393614,"relics_obtained":[{"floor":6,"key":"Replay:WaspNest"},{"floor":8,"key":"Oddly Smooth Stone"},{"floor":9,"key":"Golden Egg"},{"floor":10,"key":"Odd Mushroom"},{"floor":14,"key":"Peace Pipe"}],"event_choices":[{"damage_healed":0,"gold_gain":0,"player_choice":"Upgraded","damage_taken":0,"max_hp_gain":0,"max_hp_loss":0,"event_name":"Upgrade Shrine","floor":2,"gold_loss":0,"cards_upgraded":["AT_ChampionKick"]},{"cards_removed":["Defend_B"],"damage_healed":0,"gold_gain":0,"player_choice":"Card Removal","damage_taken":0,"max_hp_gain":0,"max_hp_loss":0,"event_name":"The Cleric","floor":4,"gold_loss":50},{"damage_healed":0,"gold_gain":0,"player_choice":"Fought Mushrooms","damage_taken":0,"max_hp_gain":0,"max_hp_loss":0,"event_name":"Mushrooms","floor":10,"gold_loss":0}],"is_beta":false,"boss_relics":[],"items_purged_floors":[12],"is_endless":false,"potions_floor_spawned":[1,3,5,13],"killed_by":"Slime Boss","ascension_level":11}}