{"host":"fv4u04bzswzfg5qa","time":1611727756,"event":{"mods":["BaseMod","Colored Map","Colored Powertips","Highlight Path","Minty Spire (QoL Compilation)","StSLib","Synergy Search"],"gold_per_floor":[115,133,208,219,219,219,247,258,283,283,253,283,283,352,352,452,452,466,477,496,531,531,563,563,28,28,28,28,28,46,46,46,145,145,162,162,180,180,31,60,75,75,75,297,297,297,4,14,14,14],"floor_reached":51,"language":"ENG","playtime":3636,"items_purged":["Decay"],"score":774,"play_id":"b9b1031a-8e54-4380-8281-67aa7af8fb85","local_time":"20210127010916","is_ascension_mode":false,"campfire_choices":[{"floor":6.0,"key":"REST"},{"floor":10.0,"key":"REST"},{"data":"ClearTheMind","floor":13.0,"key":"SMITH"},{"data":"Eruption","floor":15.0,"key":"SMITH"},{"floor":24.0,"key":"REST"},{"data":"1","floor":29.0,"key":"LIFT"},{"data":"2","floor":32.0,"key":"LIFT"},{"data":"3","floor":45,"key":"LIFT"},{"floor":49,"key":"REST"}],"circlet_count":0,"master_deck":["Strike_P+1","Defend_P+1","Defend_P","Defend_P","Defend_P","Eruption+1","Vigilance","DeusExMachina","Tantrum","FlyingSleeves","ClearTheMind+1","WheelKick","Prostrate","ConjureBlade","Adaptation+1","EmptyBody","LikeWater","Halt+1","Tantrum","Dramatic Entrance","Magnetism","Prostrate+1","Scrawl","Clumsy","Fasting2+1","EmptyFist","Fasting2+1","Metamorphosis","Dramatic Entrance","Good Instincts","Consecrate","Fasting2+1","FlurryOfBlows","FlurryOfBlows+1","Prostrate"],"relics":["PureWater","Centennial Puzzle","Anchor","Juzu Bracelet","Fusion Hammer","Red Mask","Bottled Tornado","Pantograph","Pear","Girya","Blood Vial","Astrolabe","Mercury Hourglass","Question Card","Molten Egg 2"],"acts_visited":["Exordium","TheCity","TheBeyond"],"potions_floor_usage":[40,41,50],"damage_taken":[{"damage":0.0,"enemies":"Small Slimes","floor":1.0,"turns":3.0},{"damage":12.0,"enemies":"Jaw Worm","floor":2.0,"turns":2.0},{"damage":0.0,"enemies":"2 Louse","floor":4.0,"turns":2.0},{"damage":5.0,"enemies":"3 Sentries","floor":7.0,"turns":4.0},{"damage":13.0,"enemies":"Lots of Slimes","floor":8.0,"turns":3.0},{"damage":0.0,"enemies":"Gremlin Nob","floor":12.0,"turns":2.0},{"damage":0.0,"enemies":"Slime Boss","floor":16.0,"turns":4.0},{"damage":0.0,"enemies":"Spheric Guardian","floor":18.0,"turns":2.0},{"damage":2.0,"enemies":"Shell Parasite","floor":19.0,"turns":3.0},{"damage":4.0,"enemies":"Shelled Parasite and Fungi","floor":20.0,"turns":4.0},{"damage":8.0,"enemies":"Masked Bandits","floor":21.0,"turns":3.0},{"damage":12.0,"enemies":"Gremlin Leader","floor":23.0,"turns":5.0},{"damage":5.0,"enemies":"Snake Plant","floor":30.0,"turns":2.0},{"damage":61.0,"enemies":"Collector","floor":33.0,"turns":5.0},{"damage":61.0,"enemies":"3 Darklings","floor":35.0,"turns":4.0},{"damage":0.0,"enemies":"Orb Walker","floor":37.0,"turns":1.0},{"damage":5,"enemies":"Nemesis","floor":40,"turns":4},{"damage":8,"enemies":"Jaw Worm Horde","floor":41,"turns":3},{"damage":0,"enemies":"Transient","floor":48,"turns":5},{"damage":22,"enemies":"Donu and Deca","floor":50,"turns":3}],"seed_played":"4713910145962896931","potions_obtained":[{"floor":1.0,"key":"Strength Potion"},{"floor":8.0,"key":"Ancient Potion"},{"floor":11.0,"key":"SneckoOil"},{"floor":11.0,"key":"DuplicationPotion"},{"floor":12.0,"key":"Fire Potion"},{"floor":19.0,"key":"AttackPotion"},{"floor":21.0,"key":"EntropicBrew"},{"floor":37.0,"key":"SteroidPotion"},{"floor":41,"key":"SkillPotion"}],"is_trial":false,"path_per_floor":["M","M","?","M","?","R","E","M","T","R","?","E","R","?","R","B",null,"M","M","M","?","?","E","R","$","T","?","?","R","M","?","R","B",null,"M","?","M","?","$","E","M","$","T","?","R","?","$","M","R","B",null],"character_chosen":"WATCHER","items_purchased":["Pantograph","Dramatic Entrance","Magnetism","Consecrate","SkillPotion","Molten Egg 2","FlurryOfBlows+1"],"campfire_rested":4,"item_purchase_floors":[25,25,25,39,39,47,47],"current_hp_per_floor":[72,60,49,49,35,56,51,38,38,59,59,59,59,59,59,59,72,72,70,66,58,45,33,56,56,66,66,66,66,61,61,61,26,87,26,76,76,66,66,63,57,57,57,57,57,57,57,59,76,54],"gold":14,"neow_bonus":"TRANSFORM_CARD","is_daily":false,"chose_seed":false,"campfire_upgraded":2,"win_rate":0.0,"timestamp":1611727756,"path_taken":["M","M","?","M","?","R","E","?","T","R","?","E","R","?","R","BOSS","M","M","M","?","?","E","R","$","T","?","?","R","M","?","R","BOSS","M","?","M","?","$","E","M","?","T","?","R","?","$","M","R","BOSS"],"items_purchased_type":["Relic","Card","Card","Card","Potion","Relic","Card"],"build_version":"2020-12-22","purchased_purges":1,"victory":true,"max_hp_per_floor":[72,72,72,72,72,72,72,72,72,72,72,72,72,72,72,72,72,72,72,72,72,77,77,77,77,87,87,87,87,87,87,87,87,87,87,76,76,76,76,76,76,76,76,76,76,76,76,76,76,76],"card_choices":[{"not_picked":["ClearTheMind","CarveReality"],"picked":"Tantrum","floor":1.0},{"not_picked":["SashWhip","Tantrum"],"picked":"FlyingSleeves","floor":2.0},{"not_picked":["BowlingBash","DeceiveReality"],"picked":"ClearTheMind","floor":4.0},{"not_picked":["DeceiveReality","CutThroughFate"],"picked":"WheelKick","floor":7.0},{"not_picked":["PathToVictory","Weave"],"picked":"Prostrate","floor":8.0},{"not_picked":["ClearTheMind","Weave","CrushJoints"],"picked":"SKIP","floor":12.0},{"not_picked":["MasterReality","Omniscience"],"picked":"ConjureBlade","floor":16.0},{"not_picked":["FlyingSleeves+1","Protect"],"picked":"Adaptation+1","floor":18.0},{"not_picked":["TalkToTheHand","DeceiveReality"],"picked":"EmptyBody","floor":19.0},{"not_picked":["InnerPeace+1","Sanctity"],"picked":"LikeWater","floor":20.0},{"not_picked":["EmptyBody","ThirdEye"],"picked":"Halt+1","floor":21.0},{"not_picked":["Protect","PathToVictory"],"picked":"Tantrum","floor":23.0},{"not_picked":["SashWhip+1","BowlingBash+1"],"picked":"Prostrate+1","floor":30.0},{"not_picked":["Omniscience","Vault"],"picked":"Scrawl","floor":33.0},{"not_picked":["Weave+1","Tantrum+1"],"picked":"EmptyFist","floor":35.0},{"not_picked":["PathToVictory+1","FlyingSleeves"],"picked":"Fasting2+1","floor":37.0},{"not_picked":["Blind","Purity"],"picked":"Metamorphosis","floor":38.0},{"not_picked":["Deep Breath","Purity"],"picked":"Dramatic Entrance","floor":38.0},{"not_picked":["Flash of Steel","Forethought"],"picked":"Good Instincts","floor":38.0},{"not_picked":["Nirvana","Vengeance"],"picked":"Fasting2+1","floor":40},{"not_picked":["Protect","CutThroughFate+1"],"picked":"FlurryOfBlows","floor":41},{"not_picked":["SignatureMove+1","ThirdEye","Halt+1"],"picked":"Prostrate","floor":48}],"player_experience":201206,"relics_obtained":[{"floor":7.0,"key":"Centennial Puzzle"},{"floor":9.0,"key":"Anchor"},{"floor":12.0,"key":"Juzu Bracelet"},{"floor":21.0,"key":"Red Mask"},{"floor":23.0,"key":"Bottled Tornado"},{"floor":26.0,"key":"Pear"},{"floor":40,"key":"Mercury Hourglass"},{"floor":43,"key":"Question Card"}],"event_choices":[{"damage_healed":0.0,"max_hp_gain":0.0,"max_hp_loss":0.0,"gold_gain":75.0,"event_name":"World of Goop","player_choice":"Gather Gold","floor":3.0,"gold_loss":0.0,"damage_taken":11.0},{"damage_healed":0.0,"max_hp_gain":0.0,"max_hp_loss":0.0,"gold_gain":0.0,"event_name":"Shining Light","player_choice":"Entered Light","floor":5.0,"gold_loss":0.0,"damage_taken":14.0,"cards_upgraded":["Strike_P","Defend_P"]},{"damage_healed":0.0,"max_hp_gain":0.0,"max_hp_loss":0.0,"gold_gain":0.0,"event_name":"The Woman in Blue","player_choice":"Bought 2 Potions","floor":11.0,"gold_loss":0.0,"damage_taken":0.0},{"damage_healed":0.0,"max_hp_gain":0.0,"max_hp_loss":0.0,"gold_gain":69.0,"event_name":"Golden Wing","player_choice":"Gained Gold","floor":14.0,"gold_loss":0.0,"damage_taken":0.0},{"damage_healed":0.0,"max_hp_gain":0.0,"max_hp_loss":0.0,"gold_gain":0.0,"event_name":"Masked Bandits","player_choice":"Fought Bandits","floor":21.0,"gold_loss":0.0,"damage_taken":0.0},{"damage_healed":0.0,"max_hp_gain":5.0,"max_hp_loss":0.0,"gold_gain":0.0,"event_name":"Forgotten Altar","player_choice":"Shed Blood","floor":22.0,"gold_loss":0.0,"damage_taken":18.0},{"damage_healed":0.0,"max_hp_gain":0.0,"max_hp_loss":0.0,"gold_gain":0.0,"event_name":"Addict","player_choice":"Stole Relic","floor":27.0,"gold_loss":0.0,"damage_taken":0.0,"relics_obtained":["Girya"],"cards_obtained":["Shame"]},{"damage_healed":0.0,"max_hp_gain":0.0,"max_hp_loss":0.0,"gold_gain":0.0,"event_name":"Vampires","player_choice":"Ignored","floor":28.0,"gold_loss":0.0,"damage_taken":0.0},{"damage_healed":0.0,"max_hp_gain":0.0,"max_hp_loss":0.0,"gold_gain":0.0,"event_name":"The Mausoleum","player_choice":"Opened","floor":31.0,"gold_loss":0.0,"damage_taken":0.0,"relics_obtained":["Blood Vial"],"cards_obtained":["Writhe"]},{"damage_healed":76.0,"max_hp_gain":0.0,"max_hp_loss":11.0,"gold_gain":0.0,"event_name":"The Moai Head","player_choice":"Heal","floor":36.0,"gold_loss":0.0,"damage_taken":0.0},{"damage_healed":0.0,"max_hp_gain":0.0,"max_hp_loss":0.0,"gold_gain":0.0,"event_name":"SensoryStone","player_choice":"Memory 3","floor":38.0,"gold_loss":0.0,"damage_taken":10.0},{"damage_healed":0,"gold_gain":222,"player_choice":"Wore Mask","damage_taken":0,"max_hp_gain":0,"max_hp_loss":0,"event_name":"Tomb of Lord Red Mask","floor":44,"gold_loss":0},{"cards_removed":["Strike_P"],"damage_healed":0,"gold_gain":0,"player_choice":"Purged","damage_taken":0,"max_hp_gain":0,"max_hp_loss":0,"event_name":"Purifier","floor":46,"gold_loss":0}],"is_beta":false,"boss_relics":[{"not_picked":["Tiny House","Runic Pyramid"],"picked":"Fusion Hammer"},{"not_picked":["SlaversCollar","Coffee Dripper"],"picked":"Astrolabe"}],"items_purged_floors":[39],"is_endless":false,"potions_floor_spawned":[1,8,12,19,21,37,41],"ascension_level":0}}