{"host":"61r95uy0hn86b9iu","time":1611722055,"event":{"mods":["AchievementEnabler","BaseMod","Better Vampires","BetterRewards","Colored Powertips","Hubris","Minty Spire (QoL Compilation)","Shop Mod","StSLib"],"gold_per_floor":[112,37,37,56,73,73,73,106,178,189,189,206,218,218,218,294,294,308,16,16,51,61,61,61,61,85,103,103,122,122,122,122],"floor_reached":31,"language":"ENG","playtime":1041,"items_purged":[],"score":447,"play_id":"c5d3264f-cc48-48f8-a6fd-053d603341b8","local_time":"20210126223415","is_ascension_mode":true,"campfire_choices":[{"floor":6.0,"key":"REST"},{"floor":11.0,"key":"REST"},{"floor":15.0,"key":"REST"},{"floor":23,"key":"REST"},{"floor":25,"key":"REST"},{"floor":28,"key":"REST"},{"floor":30,"key":"REST"}],"circlet_count":0,"master_deck":["AscendersBane","Strike_B","Strike_B","Defend_B","Defend_B","Defend_B","Defend_B","Zap","Dualcast","Streamline","Steam Power","Leap","Sweeping Beam","Conserve Battery","Loop","hubris:Ukulele","White Noise","Echo Form","Melter","Static Discharge","Coolheaded","Auto Shields","Undo","Capacitor"],"relics":["Cracked Core","Lantern","Dream Catcher","hubris:BottledRain","hubris:Towel","hubris:Potato","MerchantsRug","Omamori","MealTicket","Red Mask","Tiny Chest"],"acts_visited":["Exordium","TheCity"],"potions_floor_usage":[16,21,22,31],"damage_taken":[{"damage":7.0,"enemies":"Jaw Worm","floor":1.0,"turns":3.0},{"damage":0.0,"enemies":"2 Louse","floor":4.0,"turns":2.0},{"damage":0.0,"enemies":"Cultist","floor":5.0,"turns":3.0},{"damage":20.0,"enemies":"Lagavulin","floor":8.0,"turns":7.0},{"damage":23.0,"enemies":"Exordium Thugs","floor":10.0,"turns":4.0},{"damage":0.0,"enemies":"Red Slaver","floor":12.0,"turns":3.0},{"damage":11.0,"enemies":"2 Fungi Beasts","floor":13.0,"turns":4.0},{"damage":57,"enemies":"Hexaghost","floor":16,"turns":10},{"damage":16,"enemies":"Chosen","floor":18,"turns":5},{"damage":31,"enemies":"Masked Bandits","floor":21,"turns":4},{"damage":18,"enemies":"Shell Parasite","floor":22,"turns":5},{"damage":29,"enemies":"Centurion and Healer","floor":27,"turns":7},{"damage":27,"enemies":"Snecko","floor":29,"turns":5},{"damage":60,"enemies":"Shelled Parasite and Fungi","floor":31,"turns":5}],"seed_played":"-8517237346388847457","potions_obtained":[{"floor":4.0,"key":"DuplicationPotion"},{"floor":8.0,"key":"PotionOfCapacity"},{"floor":10.0,"key":"FairyPotion"},{"floor":18,"key":"Explosive Potion"},{"floor":21,"key":"EssenceOfSteel"},{"floor":27,"key":"Dexterity Potion"},{"floor":29,"key":"Explosive Potion"}],"is_trial":false,"path_per_floor":["M","?","?","M","M","R","T","E","T","M","R","M","M","?","R","B",null,"M","$","?","?","M","R","$","R","T","M","R","M","R","M"],"character_chosen":"DEFECT","items_purchased":["MerchantsRug","Omamori","Static Discharge"],"campfire_rested":7,"item_purchase_floors":[19,19,19],"current_hp_per_floor":[57,57,57,57,57,71,71,51,51,28,49,49,38,38,59,2,54,38,38,38,7,13,34,49,70,70,41,62,35,56,0,0],"gold":122,"neow_bonus":"RANDOM_COMMON_RELIC","is_daily":false,"chose_seed":false,"campfire_upgraded":0,"win_rate":0.0,"timestamp":1611722055,"path_taken":["M","?","?","M","?","R","?","E","T","M","R","?","M","?","R","BOSS","M","$","?","?","?","R","?","R","T","M","R","M","R","M"],"items_purchased_type":["Relic","Relic","Card"],"build_version":"2020-12-22","purchased_purges":0,"victory":false,"max_hp_per_floor":[71,71,71,71,71,71,71,71,71,71,71,71,71,71,71,71,71,71,71,71,71,71,71,71,71,71,71,71,71,71,71,71],"card_choices":[{"not_picked":["Coolheaded","Leap"],"picked":"Streamline","floor":1.0},{"not_picked":["Skim","Cold Snap","Scrape"],"picked":"SKIP","floor":4.0},{"not_picked":["Go for the Eyes","Beam Cell"],"picked":"Leap","floor":5.0},{"not_picked":["Compile Driver","Force Field"],"picked":"Sweeping Beam","floor":8.0},{"not_picked":["Beam Cell","Turbo"],"picked":"Conserve Battery","floor":10.0},{"not_picked":["Skim","Chill"],"picked":"Loop","floor":11.0},{"not_picked":["Biased Cognition","Storm"],"picked":"hubris:Ukulele","floor":12.0},{"not_picked":["Compile Driver","Turbo","Rebound"],"picked":"SKIP","floor":13.0},{"not_picked":["Chill","Steam"],"picked":"White Noise","floor":15.0},{"not_picked":["hubris:SpecializedCircuitry","All For One"],"picked":"Echo Form","floor":16},{"not_picked":["Recycle","Rip and Tear+1"],"picked":"Melter","floor":18},{"not_picked":["Barrage","Hologram"],"picked":"Coolheaded","floor":21},{"not_picked":["Compile Driver","Stack"],"picked":"Auto Shields","floor":22},{"not_picked":["Sweeping Beam","Scrape"],"picked":"Undo","floor":25},{"not_picked":["Leap","Steam","Beam Cell"],"picked":"SKIP","floor":27},{"not_picked":["Beam Cell","Melter","Go for the Eyes"],"picked":"SKIP","floor":29},{"not_picked":["Double Energy","Reprogram+1"],"picked":"Capacitor","floor":30}],"player_experience":3320449,"relics_obtained":[{"floor":8.0,"key":"Dream Catcher"},{"floor":9.0,"key":"hubris:BottledRain"},{"floor":21,"key":"Red Mask"},{"floor":26,"key":"Tiny Chest"}],"event_choices":[{"cards_removed":["Strike_B"],"damage_healed":0.0,"max_hp_gain":0.0,"max_hp_loss":0.0,"gold_gain":0.0,"event_name":"The Cleric","player_choice":"Card Removal","floor":2.0,"gold_loss":75.0,"damage_taken":0.0},{"damage_healed":0.0,"max_hp_gain":0.0,"max_hp_loss":0.0,"gold_gain":0.0,"cards_transformed":["Strike_B"],"event_name":"Transmorgrifier","player_choice":"Transformed","floor":3.0,"gold_loss":0.0,"damage_taken":0.0,"cards_obtained":["Steam Power"]},{"damage_healed":0,"gold_gain":0,"player_choice":"Stole Relic","damage_taken":0,"relics_obtained":["MealTicket"],"max_hp_gain":0,"max_hp_loss":0,"event_name":"Addict","floor":20,"gold_loss":0,"cards_obtained":["Shame"]},{"damage_healed":0,"gold_gain":0,"player_choice":"Fought Bandits","damage_taken":0,"max_hp_gain":0,"max_hp_loss":0,"event_name":"Masked Bandits","floor":21,"gold_loss":0}],"is_beta":false,"boss_relics":[{"not_picked":["Ectoplasm","hubris:VirtuousBlindfold"],"picked":"hubris:Backtick"}],"items_purged_floors":[],"is_endless":false,"potions_floor_spawned":[4,8,10,12,18,21,27,29],"killed_by":"Shelled Parasite and Fungi","ascension_level":18}}