{"host":"6r3ioyv75hs1gp74","time":1611712529,"event":{"mods":["AchievementEnabler","Act Like it!","BaseMod","Better Sensory Stone","Better Third Choice","Block Reminder","Colored Map","Colored Powertips","Curses Come First","Minty Spire (QoL Compilation)","StSLib"],"gold_per_floor":[115,190,265,279,297,332,332,358,382,382,397,397,413,413,413,537,537,527,540,556,3,3,3,38,0,0,0,0,25,56,77,77,206,206,226,226,245,36,56,92,92,29,29,29,52,52,86,111,111,111,111,111,13,13,13],"floor_reached":54,"language":"ENG","playtime":3309,"items_purged":["Strike_R","Strike_R"],"score":845,"play_id":"a66e0588-38cf-4123-b9a0-5f35432f486a","local_time":"20210127015529","is_ascension_mode":true,"campfire_choices":[{"data":"Searing Blow","floor":7,"key":"SMITH"},{"floor":10,"key":"REST"},{"data":"Pummel","floor":12,"key":"SMITH"},{"data":"Bash","floor":15,"key":"SMITH"},{"data":"Apotheosis","floor":23,"key":"SMITH"},{"data":"Infernal Blade","floor":28,"key":"SMITH"},{"floor":32,"key":"REST"},{"floor":41,"key":"RECALL"},{"floor":44,"key":"REST"},{"floor":46,"key":"REST"},{"floor":49,"key":"REST"},{"floor":52,"key":"REST"}],"circlet_count":0,"master_deck":["Strike_R","Strike_R","Strike_R","Defend_R","Defend_R","Defend_R","Defend_R","Bash+1","Clash","Searing Blow+1","Power Through","Flex","Pummel+1","Offering","Disarm","Exhume","Rampage+1","Infernal Blade+1","Metallicize","Apotheosis+1","Shrug It Off","Flex","RitualDagger","Evolve+1","Iron Wave+1","Metallicize","Reaper","Infernal Blade+1","Thunderclap+1","Exhume","Spot Weakness","Dropkick","Flex","Dark Embrace","Heavy Blade+1","Pummel+1","Headbutt","Dark Embrace","Warcry"],"relics":["Burning Blood","NeowsBlessing","Omamori","Red Skull","Regal Pillow","Golden Idol","Philosopher\u0027s Stone","Lee\u0027s Waffle","Vajra","The Courier","PreservedInsect","Matryoshka","Boot","Cursed Key","Bottled Lightning","Juzu Bracelet","Dream Catcher","Art of War"],"acts_visited":["Exordium","TheCity","TheBeyond","TheEnding"],"potions_floor_usage":[8,13,16,20,30,31,40,47,50],"damage_taken":[{"damage":0,"enemies":"Jaw Worm","floor":1,"turns":1},{"damage":0,"enemies":"Small Slimes","floor":4,"turns":1},{"damage":0,"enemies":"Cultist","floor":5,"turns":1},{"damage":28,"enemies":"Gremlin Nob","floor":6,"turns":5},{"damage":38,"enemies":"Lagavulin","floor":8,"turns":9},{"damage":11,"enemies":"2 Fungi Beasts","floor":11,"turns":3},{"damage":6,"enemies":"Blue Slaver","floor":13,"turns":1},{"damage":41,"enemies":"The Guardian","floor":16,"turns":10},{"damage":20,"enemies":"2 Thieves","floor":18,"turns":4},{"damage":8,"enemies":"Spheric Guardian","floor":19,"turns":3},{"damage":46,"enemies":"Cultist and Chosen","floor":20,"turns":6},{"damage":12,"enemies":"Gremlin Leader","floor":24,"turns":4},{"damage":13,"enemies":"3 Cultists","floor":29,"turns":4},{"damage":9,"enemies":"Slavers","floor":30,"turns":4},{"damage":11,"enemies":"Snake Plant","floor":31,"turns":3},{"damage":60,"enemies":"Champ","floor":33,"turns":14},{"damage":44,"enemies":"3 Darklings","floor":35,"turns":5},{"damage":14,"enemies":"Orb Walker","floor":37,"turns":3},{"damage":23,"enemies":"3 Darklings","floor":39,"turns":3},{"damage":25,"enemies":"Nemesis","floor":40,"turns":4},{"damage":5,"enemies":"Sphere and 2 Shapes","floor":45,"turns":3},{"damage":53,"enemies":"Giant Head","floor":47,"turns":8},{"damage":6,"enemies":"Transient","floor":48,"turns":5},{"damage":128,"enemies":"Donu and Deca","floor":50,"turns":8},{"damage":91,"enemies":"Shield and Spear","floor":54,"turns":3}],"seed_played":"8376083619866648933","potions_obtained":[{"floor":1,"key":"Strength Potion"},{"floor":6,"key":"SteroidPotion"},{"floor":8,"key":"BloodPotion"},{"floor":13,"key":"LiquidBronze"},{"floor":24,"key":"DistilledChaos"},{"floor":30,"key":"Fire Potion"},{"floor":35,"key":"GamblersBrew"},{"floor":37,"key":"FairyPotion"},{"floor":40,"key":"ColorlessPotion"},{"floor":45,"key":"Dexterity Potion"}],"is_trial":false,"path_per_floor":["M","?","?","M","M","E","R","E","T","R","M","R","M","?","R","B",null,"M","M","M","$","?","R","E","$","T","?","R","M","E","M","R","B",null,"M","?","M","$","M","E","R","$","T","R","M","R","E","M","R","B",null,"R","$","E"],"character_chosen":"IRONCLAD","items_purchased":["Lee\u0027s Waffle","Vajra","Apotheosis","Flex","Bottled Lightning","Spot Weakness","Warcry"],"campfire_rested":6,"item_purchase_floors":[21,21,21,25,38,42,53],"current_hp_per_floor":[80,69,61,67,73,51,51,19,19,58,53,53,53,53,53,18,74,60,58,32,81,81,81,75,75,75,69,69,62,59,54,81,27,81,69,69,61,61,56,42,42,42,42,81,81,81,48,63,81,43,81,81,81,0,0],"gold":13,"neow_bonus":"THREE_ENEMY_KILL","is_daily":false,"chose_seed":false,"campfire_upgraded":5,"win_rate":0.0,"timestamp":1611712529,"path_taken":["M","?","?","M","?","E","R","E","T","R","M","R","M","?","R","BOSS","M","M","M","$","?","R","E","$","T","?","R","M","E","M","R","BOSS","M","?","M","$","M","E","R","?","T","R","M","R","E","M","R","BOSS","R","$","E"],"items_purchased_type":["Relic","Relic","Card","Card","Relic","Card","Card"],"build_version":"2020-12-22","purchased_purges":2,"victory":false,"max_hp_per_floor":[80,80,80,80,80,80,80,80,80,80,80,80,80,74,74,74,74,74,74,74,81,81,81,81,81,81,81,81,81,81,81,81,81,81,81,81,81,81,81,81,81,81,81,81,81,81,81,81,81,81,81,81,81,81,81],"card_choices":[{"not_picked":["Power Through","Iron Wave"],"picked":"Clash","floor":1},{"not_picked":["Twin Strike","Battle Trance"],"picked":"Searing Blow","floor":4},{"not_picked":["Clash","Warcry"],"picked":"Power Through","floor":5},{"not_picked":["Thunderclap","Shrug It Off"],"picked":"Flex","floor":6},{"not_picked":["Warcry","Whirlwind"],"picked":"Pummel","floor":8},{"not_picked":["Pommel Strike","Armaments"],"picked":"Offering","floor":11},{"not_picked":["Sword Boomerang","Heavy Blade"],"picked":"Disarm","floor":13},{"not_picked":["Fiend Fire","Juggernaut"],"picked":"Exhume","floor":16},{"not_picked":["Anger","Wild Strike"],"picked":"Rampage+1","floor":18},{"not_picked":["Wild Strike","Bloodletting+1"],"picked":"Infernal Blade","floor":19},{"not_picked":["Burning Pact","Dual Wield"],"picked":"Metallicize","floor":20},{"not_picked":["Armaments","Reckless Charge"],"picked":"Shrug It Off","floor":24},{"not_picked":["Shockwave","Headbutt+1"],"picked":"Evolve+1","floor":29},{"not_picked":["Searing Blow","Headbutt"],"picked":"Iron Wave+1","floor":30},{"not_picked":["Burning Pact","Clothesline"],"picked":"Metallicize","floor":31},{"not_picked":["Corruption","Bludgeon"],"picked":"Reaper","floor":33},{"not_picked":["Dual Wield+1","Clash+1"],"picked":"Infernal Blade+1","floor":35},{"not_picked":["Evolve+1","True Grit"],"picked":"Thunderclap+1","floor":37},{"not_picked":["Havoc+1","Headbutt+1","Sentinel+1"],"picked":"SKIP","floor":39},{"not_picked":["Combust+1","Feel No Pain+1"],"picked":"Exhume","floor":40},{"not_picked":["Sever Soul","Intimidate"],"picked":"Dropkick","floor":44},{"not_picked":["Carnage+1","Sword Boomerang+1"],"picked":"Flex","floor":45},{"not_picked":["Sword Boomerang+1","Warcry"],"picked":"Dark Embrace","floor":46},{"not_picked":["Dropkick+1","Rage"],"picked":"Heavy Blade+1","floor":47},{"not_picked":["Thunderclap","Entrench+1"],"picked":"Pummel+1","floor":48},{"not_picked":["Clothesline+1","Warcry+1"],"picked":"Headbutt","floor":49},{"not_picked":["Ghostly Armor+1","Heavy Blade+1"],"picked":"Dark Embrace","floor":52}],"player_experience":113763,"relics_obtained":[{"floor":6,"key":"Omamori"},{"floor":8,"key":"Red Skull"},{"floor":9,"key":"Regal Pillow"},{"floor":24,"key":"PreservedInsect"},{"floor":26,"key":"Matryoshka"},{"floor":30,"key":"Boot"},{"floor":40,"key":"Juzu Bracelet"},{"floor":43,"key":"Dream Catcher"},{"floor":47,"key":"Art of War"}],"event_choices":[{"damage_healed":0,"gold_gain":75,"player_choice":"Gold","damage_taken":11,"max_hp_gain":0,"max_hp_loss":0,"event_name":"betterThird:BetterGoop","floor":2,"gold_loss":0},{"damage_healed":0,"gold_gain":75,"player_choice":"Touch","damage_taken":8,"max_hp_gain":0,"max_hp_loss":0,"event_name":"FaceTrader","floor":3,"gold_loss":0},{"damage_healed":0,"gold_gain":0,"player_choice":"Lose Max HP","damage_taken":0,"relics_obtained":["Golden Idol"],"max_hp_gain":0,"max_hp_loss":6,"event_name":"Golden Idol","floor":14,"gold_loss":0},{"damage_healed":0,"gold_gain":0,"player_choice":"Opened","damage_taken":0,"relics_obtained":["The Courier"],"max_hp_gain":0,"max_hp_loss":0,"event_name":"The Mausoleum","floor":22,"gold_loss":0},{"damage_healed":0,"gold_gain":0,"player_choice":"Dagger","damage_taken":6,"max_hp_gain":0,"max_hp_loss":0,"event_name":"betterThird:BetterNest","floor":27,"gold_loss":0,"cards_obtained":["RitualDagger"]},{"damage_healed":0,"gold_gain":0,"player_choice":"Ignored","damage_taken":0,"max_hp_gain":0,"max_hp_loss":0,"event_name":"Tomb of Lord Red Mask","floor":36,"gold_loss":0}],"is_beta":false,"boss_relics":[{"not_picked":["Astrolabe","Runic Dome"],"picked":"Philosopher\u0027s Stone"},{"not_picked":["Coffee Dripper","Black Blood"],"picked":"Cursed Key"}],"items_purged_floors":[21,53],"is_endless":false,"potions_floor_spawned":[1,6,8,13,24,30,35,37,40,45],"killed_by":"Shield and Spear","ascension_level":2}}