{"host":"iphsb0ccnjx0pfn6","time":1611721699,"event":{"mods":["2.2 Compatiblity","AchievementEnabler","BaseMod","Colored Map","DeckTracker","Keyboard Shortcuts","Minty Spire (QoL Compilation)","Permanent Neow","Quick Restart","Relic Stats","StSLib","SuperFastMode","Uncapped","everything is the same but u backflip on backflip"],"gold_per_floor":[111,125,125,143,143,143,143,154,208,208,208,219,66,66,66],"floor_reached":14,"language":"KOR","playtime":276,"items_purged":["Parasite"],"score":164,"play_id":"9c5a1084-9c9b-48a7-9bef-a32e452ba154","local_time":"20210127132819","is_ascension_mode":true,"campfire_choices":[{"data":"Fusion","floor":6.0,"key":"SMITH"},{"data":"Creative AI","floor":11.0,"key":"SMITH"}],"circlet_count":0,"master_deck":["AscendersBane","Strike_B","Strike_B","Strike_B","Strike_B","Defend_B","Defend_B","Defend_B","Defend_B","Zap","Dualcast","Creative AI+1","Leap","Turbo","Fusion+1","Capacitor","Reinforced Body","Self Repair"],"relics":["Cracked Core","FaceOfCleric","Bronze Scales"],"acts_visited":["Exordium"],"potions_floor_usage":[],"damage_taken":[{"damage":3.0,"enemies":"Small Slimes","floor":1.0,"turns":4.0},{"damage":2.0,"enemies":"Cultist","floor":2.0,"turns":5.0},{"damage":14.0,"enemies":"Jaw Worm","floor":4.0,"turns":5.0},{"damage":8.0,"enemies":"Blue Slaver","floor":8.0,"turns":5.0},{"damage":0.0,"enemies":"Exordium Thugs","floor":10.0,"turns":1.0},{"damage":12.0,"enemies":"Looter","floor":12.0,"turns":4.0},{"damage":50,"enemies":"3 Sentries","floor":14,"turns":9}],"seed_played":"6902843063289175578","potions_obtained":[{"floor":2.0,"key":"AttackPotion"},{"floor":8.0,"key":"SmokeBomb"}],"is_trial":false,"path_per_floor":["M","M","?","M","?","R","?","M","T","M","R","M","$","E"],"character_chosen":"DEFECT","items_purchased":["Self Repair"],"campfire_rested":0,"item_purchase_floors":[13],"current_hp_per_floor":[61,59,59,46,46,46,62,55,55,56,56,45,45,0,0],"gold":66,"neow_bonus":"THREE_RARE_CARDS","is_daily":false,"chose_seed":false,"campfire_upgraded":2,"win_rate":0.0,"timestamp":1611721699,"path_taken":["M","M","?","?","?","R","?","?","T","M","R","M","$","E"],"items_purchased_type":["Card"],"build_version":"2020-12-22","purchased_purges":1,"victory":false,"max_hp_per_floor":[64,64,64,65,65,65,65,66,66,67,67,68,65,65,65],"relic_stats":{"FaceOfCleric":4,"counters":[7,33],"Bronze Scales":[33],"obtain_stats":[{"FaceOfCleric":3,"Bronze Scales":9,"Cracked Core":0},{"FaceOfCleric":2,"Bronze Scales":4,"Cracked Core":0},{"FaceOfCleric":9,"Bronze Scales":19,"Cracked Core":0}]},"card_choices":[{"not_picked":["All For One","Machine Learning"],"picked":"Creative AI","floor":0.0},{"not_picked":["Beam Cell","Barrage"],"picked":"Leap","floor":1.0},{"not_picked":["Melter","Redo"],"picked":"Turbo","floor":2.0},{"not_picked":["Consume","Streamline"],"picked":"Fusion","floor":4.0},{"not_picked":["Streamline","Auto Shields"],"picked":"Capacitor","floor":8.0},{"not_picked":["Leap","Turbo"],"picked":"Reinforced Body","floor":12.0}],"player_experience":1284555,"relics_obtained":[{"floor":9.0,"key":"Bronze Scales"}],"event_choices":[{"damage_healed":0.0,"max_hp_gain":0.0,"max_hp_loss":0.0,"gold_gain":0.0,"event_name":"FaceTrader","player_choice":"Trade","floor":3.0,"gold_loss":0.0,"damage_taken":0.0,"relics_obtained":["FaceOfCleric"]},{"damage_healed":0.0,"max_hp_gain":0.0,"max_hp_loss":0.0,"gold_gain":0.0,"event_name":"Liars Game","player_choice":"Ignored","floor":5.0,"gold_loss":0.0,"damage_taken":0.0},{"damage_healed":16.0,"max_hp_gain":0.0,"max_hp_loss":0.0,"gold_gain":0.0,"event_name":"Mushrooms","player_choice":"Healed and dodged fight","floor":7.0,"gold_loss":0.0,"damage_taken":0.0,"cards_obtained":["Parasite"]}],"is_beta":false,"boss_relics":[],"items_purged_floors":[13],"is_endless":false,"potions_floor_spawned":[2,8],"killed_by":"3 Sentries","ascension_level":20}}