{"host":"l84l8xigz5v5foa2","time":1611736333,"event":{"mods":["2.2 Compatiblity","AchievementEnabler","BaseMod","Better Note","Better Vampires","Card Filter","Colored Map","DeckTracker","Downfall","Gremlin Skip","Highlight Path","Keyboard Shortcuts","Minty Spire (QoL Compilation)","Permanent Neow","Quick Restart","Relic Filter","Relic Stats","StSLib","SuperFastMode","Transform Curses","Unknown Chances"],"gold_per_floor":[16,28,46,61,61,94,169,169,169,169,0,0,17,27,27,101,101,117,133,148,148,168,168,168,196,250,250,250,250,285,305,305,383,383,395,395,1394,241,241,1,1,26,26,56,73,73,98,109,109,109,109,109,109,109,144,144],"floor_reached":57,"language":"ENG","playtime":2485,"items_purged":["hexamod:Strike"],"score":3081,"play_id":"b99e23ca-a3f5-4022-8387-7a40c21f9515","local_time":"20210127173213","is_ascension_mode":true,"campfire_choices":[{"data":"hexamod:Float","floor":8.0,"key":"SMITH"},{"data":"hexamod:Incineration","floor":10.0,"key":"SMITH"},{"data":"hexamod:Hexaguard","floor":12.0,"key":"SMITH"},{"data":"hexamod:RainOfEmbers","floor":15.0,"key":"SMITH"},{"floor":23.0,"key":"REST"},{"floor":29.0,"key":"REST"},{"floor":32.0,"key":"RECALL"},{"floor":49.0,"key":"REST"},{"floor":53,"key":"REST"}],"circlet_count":0,"master_deck":["AscendersBane","hexamod:Strike+1","hexamod:Strike+1","hexamod:Defend+1","hexamod:Defend+1","hexamod:Defend+1","hexamod:Sear+1","hexamod:Float+1","hexamod:StepThrough+1","hexamod:Incineration+1","hexamod:Hexaguard+1","hexamod:GhostShield+1","hexamod:ApocalypseNow+1","hexamod:RainOfEmbers+1","hexamod:PhantomFireball+1","hexamod:FourthSeal","hexamod:GhostOfSpirePast+1","hexamod:Hexaguard+1","hexamod:SixthSeal","hexamod:NightmareGuise+1","RitualDagger+1","hexamod:ThermalTransfer+1","hexamod:HeatShield+1","hexamod:ForkedFlame+1","Sadistic Nature+1","hexamod:Toasty+1","hexamod:HeatShield+1","hexamod:StepThrough+1","hexamod:HeatCrush+1","hexamod:PhantomCloak+1","hexamod:NightmareGuise+1"],"relics":["hexamod:SpiritBrand","Omamori","Bag of Marbles","Toy Ornithopter","Fusion Hammer","Shuriken","Guardian:PocketSentry","Molten Egg 2","hexamod:TheBrokenSeal","sneckomod:SneckoTalon","Bag of Preparation","Frozen Eye","Bottled Tornado","Oddly Smooth Stone","Pantograph","Du-Vu Doll","hexamod:CandleOfCauterizing","Eternal Feather"],"acts_visited":["Exordium","TheCity","TheBeyond","TheEnding"],"potions_floor_usage":[56,56],"damage_taken":[{"damage":0.0,"enemies":"Jaw Worm","floor":1.0,"turns":3.0},{"damage":3.0,"enemies":"2 Louse","floor":2.0,"turns":3.0},{"damage":0.0,"enemies":"Small Slimes","floor":3.0,"turns":4.0},{"damage":15.0,"enemies":"3 Louse","floor":4.0,"turns":3.0},{"damage":35.0,"enemies":"3 Sentries","floor":6.0,"turns":9.0},{"damage":5.0,"enemies":"Large Slime","floor":13.0,"turns":5.0},{"damage":3.0,"enemies":"Exordium Thugs","floor":14.0,"turns":3.0},{"damage":0.0,"enemies":"Slime Boss","floor":16.0,"turns":3.0},{"damage":0.0,"enemies":"Spheric Guardian","floor":18.0,"turns":3.0},{"damage":11.0,"enemies":"2 Thieves","floor":19.0,"turns":4.0},{"damage":13.0,"enemies":"Sentry and Sphere","floor":20.0,"turns":6.0},{"damage":28.0,"enemies":"Shelled Parasite and Fungi","floor":22.0,"turns":6.0},{"damage":24.0,"enemies":"Gremlin Leader","floor":25.0,"turns":7.0},{"damage":16.0,"enemies":"Slavers","floor":30.0,"turns":4.0},{"damage":13.0,"enemies":"Cultist and Chosen","floor":31.0,"turns":6.0},{"damage":40.0,"enemies":"Automaton","floor":33.0,"turns":9.0},{"damage":0.0,"enemies":"3 Shapes","floor":35.0,"turns":3.0},{"damage":0.0,"enemies":"Giant Head","floor":42.0,"turns":5.0},{"damage":9.0,"enemies":"Reptomancer","floor":44.0,"turns":4.0},{"damage":4.0,"enemies":"3 Darklings","floor":45.0,"turns":7.0},{"damage":0.0,"enemies":"Nemesis","floor":47.0,"turns":3.0},{"damage":0.0,"enemies":"Transient","floor":48.0,"turns":6.0},{"damage":0.0,"enemies":"Donu and Deca","floor":50.0,"turns":6.0},{"damage":2.0,"enemies":"Time Eater","floor":51.0,"turns":7.0},{"damage":51,"enemies":"Shield and Spear","floor":55,"turns":5},{"damage":58,"enemies":"The Heart","floor":56,"turns":8}],"seed_played":"8497938834308356767","potions_obtained":[{"floor":2.0,"key":"Energy Potion"},{"floor":3.0,"key":"Regen Potion"},{"floor":3.0,"key":"AttackPotion"},{"floor":4.0,"key":"EntropicBrew"},{"floor":6.0,"key":"FairyPotion"},{"floor":6.0,"key":"Weak Potion"},{"floor":13.0,"key":"ColorlessPotion"},{"floor":14.0,"key":"LiquidMemories"},{"floor":16.0,"key":"DuplicationPotion"},{"floor":18.0,"key":"LiquidMemories"},{"floor":18.0,"key":"Ancient Potion"},{"floor":19.0,"key":"Weak Potion"},{"floor":20.0,"key":"DuplicationPotion"},{"floor":22.0,"key":"Fruit Juice"},{"floor":22.0,"key":"DistilledChaos"},{"floor":25.0,"key":"EntropicBrew"},{"floor":25.0,"key":"LiquidBronze"},{"floor":30.0,"key":"Dexterity Potion"},{"floor":31.0,"key":"CultistPotion"},{"floor":31.0,"key":"LiquidMemories"},{"floor":33.0,"key":"DuplicationPotion"},{"floor":33.0,"key":"Fire Potion"},{"floor":35.0,"key":"Energy Potion"},{"floor":42.0,"key":"Fire Potion"},{"floor":44.0,"key":"PowerPotion"},{"floor":45.0,"key":"Block Potion"},{"floor":47.0,"key":"EssenceOfSteel"},{"floor":48.0,"key":"CultistPotion"}],"is_trial":false,"path_per_floor":["M","M","M","M","?","E","?","R","T","R","$","R","M","M","R","B",null,"M","M","M","?","M","R","?","E","T","?","?","R","E","M","R","B",null,"M","?","?","$","?","$","?","E","T","E","M","$","E","M","R","B","B",null,"R","$","E","B",null],"character_chosen":"THE_SPIRIT","items_purchased":["Toy Ornithopter","Bag of Preparation","Frozen Eye","Sadistic Nature","hexamod:Toasty+1","Bottled Tornado","hexamod:HeatShield","Oddly Smooth Stone","hexamod:StepThrough+1"],"campfire_rested":4,"item_purchase_floors":[11,38,38,38,38,38,38,40,40],"current_hp_per_floor":[57,54,54,51,51,16,5,5,5,5,5,5,18,20,20,25,54,59,52,44,38,30,50,50,31,31,12,12,33,44,43,43,74,81,83,83,83,83,83,83,79,79,79,70,71,71,76,76,79,79,77,79,79,79,28,5],"gold":144,"neow_bonus":"TRANSFORM_TWO_CARDS","is_daily":false,"chose_seed":false,"campfire_upgraded":4,"win_rate":0.0,"timestamp":1611736333,"path_taken":["M","M","M","M","?","E","?","R","T","R","$","R","M","M","R","BOSS","M","M","M","?","M","R","?","E","T","?","?","R","E","?","R","BOSS","M","?","?","$","?","$","?","E","T","E","M","$","E","M","R","BOSS","BOSS","R","$","E","BOSS"],"items_purchased_type":["Relic","Relic","Relic","Card","Card","Relic","Card","Relic","Card"],"build_version":"2020-12-22","purchased_purges":1,"victory":true,"max_hp_per_floor":[63,63,63,63,63,63,63,63,63,63,63,63,63,63,63,63,63,63,63,63,63,68,68,68,68,68,73,73,73,73,73,73,83,83,83,83,83,83,83,83,79,79,79,79,79,79,79,79,79,79,79,79,79,79,79,79],"relic_stats":{"counters":[26,132],"Shuriken":[12],"Pantograph":25,"Eternal Feather":0,"Bag of Preparation":[18],"obtain_stats":[{"hexamod:CandleOfCauterizing":47,"hexamod:TheBrokenSeal":33,"Oddly Smooth Stone":40,"Eternal Feather":55,"Omamori":6,"Guardian:PocketSentry":26,"Bag of Preparation":38,"Bottled Tornado":38,"sneckomod:SneckoTalon":34,"Du-Vu Doll":44,"Frozen Eye":38,"Shuriken":25,"Pantograph":42,"Molten Egg 2":30,"Fusion Hammer":17,"Bag of Marbles":9,"hexamod:SpiritBrand":0,"Toy Ornithopter":11},{"hexamod:CandleOfCauterizing":21,"hexamod:TheBrokenSeal":16,"Oddly Smooth Stone":17,"Eternal Feather":25,"Omamori":5,"Guardian:PocketSentry":13,"Bag of Preparation":17,"Bottled Tornado":17,"sneckomod:SneckoTalon":16,"Du-Vu Doll":19,"Frozen Eye":17,"Shuriken":13,"Pantograph":18,"Molten Egg 2":14,"Fusion Hammer":8,"Bag of Marbles":5,"hexamod:SpiritBrand":0,"Toy Ornithopter":5},{"hexamod:CandleOfCauterizing":100,"hexamod:TheBrokenSeal":73,"Oddly Smooth Stone":81,"Eternal Feather":124,"Omamori":22,"Guardian:PocketSentry":59,"Bag of Preparation":81,"Bottled Tornado":81,"sneckomod:SneckoTalon":78,"Du-Vu Doll":90,"Frozen Eye":81,"Shuriken":59,"Pantograph":86,"Molten Egg 2":63,"Fusion Hammer":33,"Bag of Marbles":22,"hexamod:SpiritBrand":0,"Toy Ornithopter":22}],"Toy Ornithopter":101},"card_choices":[{"not_picked":["hexamod:ShieldOfDarkness","hexamod:NightmareStrike"],"picked":"hexamod:FourthSeal","floor":1.0},{"not_picked":["hexamod:BurningTouch","hexamod:NightmareStrike","hexamod:PhantomCloak"],"picked":"SKIP","floor":2.0},{"not_picked":["hexamod:ExtraCrispy","hexamod:FastForward"],"picked":"hexamod:Hexaguard","floor":3.0},{"not_picked":["hexamod:FlamesFromBeyond","hexamod:BacktrackSmack"],"picked":"hexamod:GhostShield","floor":4.0},{"not_picked":["hexamod:HeatMetal","hexamod:SoulSteal"],"picked":"hexamod:ApocalypseNow","floor":6.0},{"not_picked":["hexamod:DynamicBlow","hexamod:SwordOfDarkness"],"picked":"hexamod:RainOfEmbers","floor":13.0},{"not_picked":["hexamod:NightmareStrike","hexamod:BacktrackSmack"],"picked":"hexamod:PhantomFireball","floor":14.0},{"not_picked":["hexamod:SixthSeal","hexamod:ForkedFlame"],"picked":"hexamod:FifthSeal","floor":16.0},{"not_picked":["hexamod:FourthSeal","hexamod:FirstSeal"],"picked":"hexamod:SixthSeal","floor":18.0},{"not_picked":["hexamod:SecondSeal","hexamod:ThirdSeal"],"picked":"hexamod:FourthSeal","floor":18.0},{"not_picked":["hexamod:HauntingEcho","hexamod:HeatMetal"],"picked":"hexamod:GhostOfSpirePast","floor":18.0},{"not_picked":["hexamod:NightmareGuise","hexamod:HeatMetal"],"picked":"hexamod:Hexaguard+1","floor":19.0},{"not_picked":["hexamod:ThirdSeal","hexamod:FirstSeal"],"picked":"hexamod:SixthSeal","floor":19.0},{"not_picked":["hexamod:FourthSeal","hexamod:SecondSeal"],"picked":"hexamod:ThirdSeal","floor":20.0},{"not_picked":["hexamod:FifthSeal","hexamod:AdvancingGuard"],"picked":"hexamod:NightmareGuise","floor":20.0},{"not_picked":["hexamod:SecondSeal","hexamod:FourthSeal"],"picked":"hexamod:FirstSeal","floor":22.0},{"not_picked":["hexamod:Hexaguard","hexamod:DynamicBlow"],"picked":"hexamod:ThermalTransfer","floor":22.0},{"not_picked":["hexamod:SixthSeal","hexamod:FourthSeal","hexamod:ThirdSeal"],"picked":"SKIP","floor":22.0},{"not_picked":["hexamod:NightmareStrike","hexamod:SpectersWail","hexamod:FlamesFromBeyond"],"picked":"SKIP","floor":22.0},{"not_picked":["hexamod:GhostOfSpireFuture","hexamod:ApocalypticArmor"],"picked":"hexamod:HeatShield","floor":25.0},{"not_picked":["hexamod:SpectralSpark","hexamod:BacktrackSmack+1","hexamod:BurningTouch"],"picked":"SKIP","floor":30.0},{"not_picked":["hexamod:ThirdSeal","hexamod:FirstSeal"],"picked":"hexamod:SecondSeal","floor":31.0},{"not_picked":["hexamod:EmpoweredFlame","hexamod:GhostOfSpireFuture","hexamod:InspiringFlames"],"picked":"SKIP","floor":31.0},{"not_picked":["hexamod:ApocalypseNow","hexamod:GiftsFromTheDead"],"picked":"hexamod:ForkedFlame+1","floor":33.0},{"not_picked":["hexamod:SuperheatedStrike+1","hexamod:NightmareStrike+1","hexamod:FastForward"],"picked":"SKIP","floor":35.0},{"not_picked":["hexamod:HauntingEcho+1","hexamod:NightmareGuise","hexamod:BacktrackSmack+1"],"picked":"SKIP","floor":42.0},{"not_picked":["hexamod:HauntingEcho+1","hexamod:NightmareGuise","hexamod:BacktrackSmack+1"],"picked":"SKIP","floor":42.0},{"not_picked":["hexamod:FourthSeal","hexamod:GhostShield","hexamod:VolcanoVisage"],"picked":"SKIP","floor":44.0},{"not_picked":["hexamod:PhantomFireball+1","hexamod:BacktrackSmack+1"],"picked":"hexamod:HeatCrush+1","floor":45.0},{"not_picked":["hexamod:InspiringFlames","hexamod:EmpoweredFlame","hexamod:BurningTouch"],"picked":"SKIP","floor":47.0},{"not_picked":["hexamod:NightmareStrike+1","hexamod:NightmareGuise"],"picked":"hexamod:PhantomCloak","floor":48.0},{"not_picked":["hexamod:HeatMetal+1","hexamod:Haunt"],"picked":"hexamod:NightmareGuise+1","floor":55}],"player_experience":3449552,"relics_obtained":[{"floor":6.0,"key":"Omamori"},{"floor":9.0,"key":"Bag of Marbles"},{"floor":25.0,"key":"Shuriken"},{"floor":26.0,"key":"Guardian:PocketSentry"},{"floor":30.0,"key":"Molten Egg 2"},{"floor":42.0,"key":"Pantograph"},{"floor":44.0,"key":"Du-Vu Doll"},{"floor":47.0,"key":"hexamod:CandleOfCauterizing"},{"floor":55,"key":"Eternal Feather"}],"event_choices":[{"damage_healed":0.0,"max_hp_gain":0.0,"max_hp_loss":0.0,"gold_gain":0.0,"event_name":"Liars Game","player_choice":"Ignored","floor":5.0,"gold_loss":0.0,"damage_taken":0.0},{"damage_healed":0.0,"max_hp_gain":0.0,"max_hp_loss":0.0,"gold_gain":75.0,"event_name":"World of Goop","player_choice":"Gather Gold","floor":7.0,"gold_loss":0.0,"damage_taken":11.0},{"damage_healed":0.0,"max_hp_gain":0.0,"max_hp_loss":0.0,"gold_gain":0.0,"event_name":"Nest","player_choice":"Joined the Cult","floor":21.0,"gold_loss":0.0,"damage_taken":6.0,"cards_obtained":["RitualDagger"]},{"damage_healed":0.0,"max_hp_gain":0.0,"max_hp_loss":0.0,"gold_gain":0.0,"event_name":"Vampires","player_choice":"Ignored","floor":24.0,"gold_loss":0.0,"damage_taken":0.0},{"damage_healed":0.0,"max_hp_gain":5.0,"max_hp_loss":0.0,"gold_gain":0.0,"event_name":"Forgotten Altar","player_choice":"Shed Blood","floor":27.0,"gold_loss":0.0,"damage_taken":24.0},{"damage_healed":0.0,"max_hp_gain":0.0,"max_hp_loss":0.0,"gold_gain":0.0,"event_name":"Accursed Blacksmith","player_choice":"Forge","floor":28.0,"gold_loss":0.0,"damage_taken":0.0,"cards_upgraded":["hexamod:GhostOfSpirePast"]},{"damage_healed":0.0,"max_hp_gain":0.0,"max_hp_loss":0.0,"gold_gain":0.0,"event_name":"Tomb of Lord Red Mask","player_choice":"Ignored","floor":36.0,"gold_loss":0.0,"damage_taken":0.0},{"damage_healed":0.0,"max_hp_gain":0.0,"max_hp_loss":0.0,"gold_gain":999.0,"event_name":"MindBloom","player_choice":"Gold","floor":37.0,"gold_loss":0.0,"damage_taken":0.0,"cards_obtained":["Normality","Normality"]},{"damage_healed":0.0,"max_hp_gain":0.0,"max_hp_loss":4.0,"gold_gain":0.0,"event_name":"Winding Halls","player_choice":"Max HP","floor":41.0,"gold_loss":0.0,"damage_taken":0.0}],"is_beta":false,"boss_relics":[{"not_picked":["expansioncontent:StudyCardRelic","Astrolabe"],"picked":"Fusion Hammer"},{"not_picked":["Busted Crown","Empty Cage"],"picked":"sneckomod:SneckoTalon"}],"items_purged_floors":[38],"is_endless":false,"potions_floor_spawned":[3,4,13,16,18,25,31,33,42,44,45,48],"ascension_level":20}}