{"host":"soyfmymeou4emntr","time":1611791955,"event":{"mods":["BaseMod","BetterRewards","Minty Spire (QoL Compilation)","Relic Sorter","Relic Stats","StSLib"],"gold_per_floor":[210,227,294,444,458,458,486,486,509,53,69,88,116,81,81,158,158,173,98,13,32,47,47,79,79,105,118,143,156,156,156,156,233,233,248,248,268,281,10,10,44,72,98,136,60,97,97,119,119,119,119,119,119,39,72,72],"floor_reached":57,"language":"ENG","playtime":6899,"items_purged":["Doubt","Strike_B"],"score":3055,"play_id":"71d1fb0b-ec6b-423b-85c2-f3b8f687dc59","local_time":"20210127165915","is_ascension_mode":true,"campfire_choices":[{"data":"Streamline","floor":6.0,"key":"SMITH"},{"data":"Biased Cognition","floor":8.0,"key":"SMITH"},{"data":"Seek","floor":15.0,"key":"SMITH"},{"data":"Fission","floor":23.0,"key":"SMITH"},{"floor":25.0,"key":"REST"},{"data":"Barrage","floor":30,"key":"SMITH"},{"data":"Turbo","floor":32,"key":"SMITH"},{"floor":40,"key":"RECALL"},{"data":"Consume","floor":47,"key":"SMITH"},{"data":"Defragment","floor":49,"key":"SMITH"},{"data":"Self Repair","floor":53,"key":"SMITH"}],"circlet_count":0,"master_deck":["AscendersBane","Defend_B+1","Defend_B+1","Defend_B","Defend_B","Zap","Dualcast","Cold Snap","Streamline+1","Doom and Gloom","Biased Cognition+1","Seek+1","Cold Snap","Self Repair+1","Compile Driver","Turbo+1","Fission+1","BootSequence","Cold Snap","Sweeping Beam","Blizzard+1","Chill","Barrage+1","All For One","Doom and Gloom","Echo Form+1","Static Discharge","Ball Lightning+1","Consume+1","Aggregate","Defragment+1","Glacier+1","Turbo+1"],"relics":["Cracked Core","War Paint","Orichalcum","OrangePellets","Bag of Preparation","Inserter","Incense Burner","Centennial Puzzle","Potion Belt","Runic Pyramid","Medical Kit","CeramicFish","Toy Ornithopter","InkBottle","Symbiotic Virus"],"acts_visited":["Exordium","TheCity","TheBeyond","TheEnding"],"potions_floor_usage":[50,56,56],"damage_taken":[{"damage":5.0,"enemies":"Small Slimes","floor":1.0,"turns":3.0},{"damage":10.0,"enemies":"2 Louse","floor":2.0,"turns":3.0},{"damage":7.0,"enemies":"Jaw Worm","floor":5.0,"turns":3.0},{"damage":21.0,"enemies":"Lagavulin","floor":7.0,"turns":5.0},{"damage":0.0,"enemies":"Blue Slaver","floor":11.0,"turns":4.0},{"damage":0.0,"enemies":"3 Louse","floor":12.0,"turns":1.0},{"damage":0.0,"enemies":"Gremlin Nob","floor":13.0,"turns":3.0},{"damage":0.0,"enemies":"Slime Boss","floor":16.0,"turns":8.0},{"damage":0.0,"enemies":"Shell Parasite","floor":18.0,"turns":4.0},{"damage":2.0,"enemies":"Spheric Guardian","floor":21.0,"turns":4.0},{"damage":5.0,"enemies":"Snake Plant","floor":22.0,"turns":6.0},{"damage":52.0,"enemies":"Book of Stabbing","floor":24.0,"turns":7.0},{"damage":0.0,"enemies":"Snecko","floor":27.0,"turns":6.0},{"damage":21.0,"enemies":"Gremlin Leader","floor":28.0,"turns":10.0},{"damage":0,"enemies":"Chosen and Byrds","floor":29,"turns":5},{"damage":7,"enemies":"Collector","floor":33,"turns":11},{"damage":7,"enemies":"3 Darklings","floor":35,"turns":6},{"damage":4,"enemies":"3 Shapes","floor":37,"turns":5},{"damage":5,"enemies":"Jaw Worm Horde","floor":38,"turns":6},{"damage":4,"enemies":"Giant Head","floor":41,"turns":9},{"damage":1,"enemies":"Sphere and 2 Shapes","floor":42,"turns":5},{"damage":1,"enemies":"Reptomancer","floor":44,"turns":7},{"damage":0,"enemies":"Nemesis","floor":46,"turns":7},{"damage":7,"enemies":"Writhing Mass","floor":48,"turns":6},{"damage":0,"enemies":"Awakened One","floor":50,"turns":15},{"damage":4,"enemies":"Donu and Deca","floor":51,"turns":8},{"damage":2,"enemies":"Shield and Spear","floor":55,"turns":12},{"damage":29,"enemies":"The Heart","floor":56,"turns":12}],"seed_played":"-4380019031177030540","potions_obtained":[{"floor":2.0,"key":"Weak Potion"},{"floor":5.0,"key":"Explosive Potion"},{"floor":7.0,"key":"Swift Potion"},{"floor":13.0,"key":"Ancient Potion"},{"floor":24.0,"key":"SkillPotion"},{"floor":33,"key":"SteroidPotion"},{"floor":37,"key":"GamblersBrew"},{"floor":42,"key":"FairyPotion"}],"is_trial":false,"path_per_floor":["M","M","?","?","M","R","E","R","T","$","M","M","E","?","R","B",null,"M","?","$","M","M","R","E","R","T","M","E","M","R","?","R","B",null,"M","?","M","M","$","R","E","M","T","E","$","E","R","M","R","B","B",null,"R","$","E","B",null],"character_chosen":"DEFECT","items_purchased":["OrangePellets","Seek","Cold Snap","BootSequence","Medical Kit","Defragment","DuplicationPotion"],"campfire_rested":1,"item_purchase_floors":[10,10,10,20,39,45,54],"current_hp_per_floor":[59,49,49,49,42,42,21,21,21,21,21,21,21,38,38,45,65,71,71,71,71,71,71,26,47,47,54,40,47,47,47,47,47,65,71,71,71,71,71,71,71,71,71,71,71,71,71,71,71,71,71,71,71,71,71,57],"gold":72,"neow_bonus":"HUNDRED_GOLD","is_daily":false,"chose_seed":false,"campfire_upgraded":9,"win_rate":0.0,"timestamp":1611791955,"path_taken":["M","M","?","?","M","R","E","R","T","$","M","M","E","?","R","BOSS","M","?","$","M","M","R","E","R","T","M","E","M","R","?","R","BOSS","M","?","?","M","$","R","E","M","T","E","$","E","R","M","R","BOSS","BOSS","R","$","E","BOSS"],"items_purchased_type":["Relic","Card","Card","Card","Relic","Card","Potion"],"build_version":"2020-12-22","purchased_purges":2,"victory":true,"max_hp_per_floor":[71,71,71,71,71,71,71,71,71,71,71,71,71,71,71,71,71,71,71,71,71,71,71,71,71,71,71,71,71,71,71,71,71,71,71,71,71,71,71,71,71,71,71,71,71,71,71,71,71,71,71,71,71,71,71,71],"relic_stats":{"OrangePellets":[33],"Centennial Puzzle":[33],"Inserter":[75],"counters":[28,181],"CeramicFish":54,"Bag of Preparation":[42],"War Paint":["Defend_B","Defend_B"],"Orichalcum":[288],"Medical Kit":[9],"obtain_stats":[{"Potion Belt":28,"Inserter":17,"CeramicFish":41,"Bag of Preparation":13,"Incense Burner":24,"War Paint":7,"Orichalcum":9,"Medical Kit":39,"OrangePellets":10,"Centennial Puzzle":26,"Cracked Core":0,"Symbiotic Virus":55,"Toy Ornithopter":44,"InkBottle":46,"Runic Pyramid":34},{"Potion Belt":14,"Inserter":8,"CeramicFish":20,"Bag of Preparation":7,"Incense Burner":12,"War Paint":4,"Orichalcum":4,"Medical Kit":19,"OrangePellets":4,"Centennial Puzzle":12,"Cracked Core":0,"Symbiotic Virus":27,"Toy Ornithopter":22,"InkBottle":23,"Runic Pyramid":16},{"Potion Belt":67,"Inserter":30,"CeramicFish":109,"Bag of Preparation":22,"Incense Burner":51,"War Paint":14,"Orichalcum":14,"Medical Kit":100,"OrangePellets":14,"Centennial Puzzle":51,"Cracked Core":0,"Symbiotic Virus":169,"Toy Ornithopter":121,"InkBottle":128,"Runic Pyramid":83}],"Toy Ornithopter":5,"InkBottle":[24]},"card_choices":[{"not_picked":["Gash","Turbo"],"picked":"Cold Snap","floor":1.0},{"not_picked":["Storm","Chill"],"picked":"Streamline","floor":2.0},{"not_picked":["Rebound","Streamline"],"picked":"Doom and Gloom","floor":5.0},{"not_picked":["Compile Driver","Cold Snap"],"picked":"Biased Cognition","floor":7.0},{"not_picked":["Auto Shields","Storm"],"picked":"Self Repair","floor":11.0},{"not_picked":["Rebound","Auto Shields"],"picked":"Compile Driver","floor":12.0},{"not_picked":["Steam","Double Energy"],"picked":"Turbo","floor":13.0},{"not_picked":["Seek","Creative AI"],"picked":"Fission","floor":16.0},{"not_picked":["Turbo","Stack+1","Reinforced Body"],"picked":"SKIP","floor":18.0},{"not_picked":["Stack","Blizzard"],"picked":"Cold Snap","floor":21.0},{"not_picked":["Compile Driver","Doom and Gloom"],"picked":"Sweeping Beam","floor":22.0},{"not_picked":["Conserve Battery+1","Meteor Strike"],"picked":"Blizzard+1","floor":24.0},{"not_picked":["Hologram","Ball Lightning"],"picked":"Chill","floor":27.0},{"not_picked":["Aggregate","Steam"],"picked":"Barrage","floor":28.0},{"not_picked":["Steam","Turbo","Leap"],"picked":"SKIP","floor":29},{"not_picked":["Steam","Turbo","Leap"],"picked":"SKIP","floor":29},{"not_picked":["Electrodynamics","Meteor Strike"],"picked":"Echo Form","floor":33},{"not_picked":["Darkness","Conserve Battery","Hologram"],"picked":"SKIP","floor":35},{"not_picked":["Redo","Stack"],"picked":"Static Discharge","floor":37},{"not_picked":["Turbo","Gash+1","Doom and Gloom"],"picked":"SKIP","floor":38},{"not_picked":["Stack","Self Repair"],"picked":"Ball Lightning+1","floor":41},{"not_picked":["Glacier","Meteor Strike"],"picked":"Consume","floor":42},{"not_picked":["Gash","Turbo"],"picked":"Aggregate","floor":44},{"not_picked":["Aggregate","Steam"],"picked":"Glacier+1","floor":46},{"not_picked":["Compile Driver+1","Streamline"],"picked":"Turbo+1","floor":48},{"not_picked":["FTL","Steam","Sweeping Beam"],"picked":"SKIP","floor":55}],"player_experience":2927196,"relics_obtained":[{"floor":7.0,"key":"War Paint"},{"floor":9.0,"key":"Orichalcum"},{"floor":13.0,"key":"Bag of Preparation"},{"floor":24.0,"key":"Incense Burner"},{"floor":26.0,"key":"Centennial Puzzle"},{"floor":28.0,"key":"Potion Belt"},{"floor":41,"key":"CeramicFish"},{"floor":44,"key":"Toy Ornithopter"},{"floor":46,"key":"InkBottle"},{"floor":55,"key":"Symbiotic Virus"}],"event_choices":[{"damage_healed":0.0,"max_hp_gain":0.0,"max_hp_loss":0.0,"gold_gain":67.0,"event_name":"Golden Wing","player_choice":"Gained Gold","floor":3.0,"gold_loss":0.0,"damage_taken":0.0},{"damage_healed":0.0,"max_hp_gain":0.0,"max_hp_loss":0.0,"gold_gain":150.0,"event_name":"Liars Game","player_choice":"AGREE","floor":4.0,"gold_loss":0.0,"damage_taken":0.0,"cards_obtained":["Doubt"]},{"damage_healed":17.0,"max_hp_gain":0.0,"max_hp_loss":0.0,"gold_gain":0.0,"event_name":"The Cleric","player_choice":"Healed","floor":14.0,"gold_loss":35.0,"damage_taken":0.0},{"cards_removed":["Strike_B"],"damage_healed":0.0,"max_hp_gain":0.0,"max_hp_loss":0.0,"gold_gain":0.0,"event_name":"Beggar","player_choice":"Gave Gold","floor":19.0,"gold_loss":75.0,"damage_taken":0.0},{"damage_healed":0,"gold_gain":0,"cards_transformed":["Strike_B","Strike_B"],"player_choice":"Became Test Subject","damage_taken":0,"max_hp_gain":0,"max_hp_loss":0,"event_name":"Drug Dealer","floor":31,"gold_loss":0,"cards_obtained":["All For One","Doom and Gloom"]},{"damage_healed":0,"gold_gain":0,"player_choice":"Forge","damage_taken":0,"max_hp_gain":0,"max_hp_loss":0,"event_name":"Accursed Blacksmith","floor":36,"gold_loss":0,"cards_upgraded":["Echo Form"]}],"is_beta":false,"boss_relics":[{"not_picked":["Philosopher\u0027s Stone","Busted Crown"],"picked":"Inserter"},{"not_picked":["Empty Cage","SacredBark"],"picked":"Runic Pyramid"}],"items_purged_floors":[10,39],"is_endless":false,"potions_floor_spawned":[2,5,7,13,18,21,24,33,37,42,44,48],"ascension_level":20}}