{"host":"oehe2dxjvdgux73m","time":1611762970,"event":{"mods":["AchievementEnabler","BaseMod","Colored Map","Colored Powertips","DeckTracker","Keyboard Shortcuts","Minty Spire (QoL Compilation)","Permanent Neow","Quick Restart","StSLib","SuperFastMode"],"gold_per_floor":[111,111,128,53,72,72,99,99,99,110,110,125,125,125,125],"floor_reached":14,"language":"KOR","playtime":366,"items_purged":["Strike_R"],"score":162,"play_id":"e45fcd14-c2b2-4416-ab15-306d9a40b2e4","local_time":"20210128005610","is_ascension_mode":true,"campfire_choices":[{"data":"Searing Blow","floor":6,"key":"SMITH"},{"data":"Searing Blow+1","floor":8,"key":"SMITH"},{"data":"Searing Blow+2","floor":11,"key":"SMITH"}],"circlet_count":0,"master_deck":["AscendersBane","Strike_R","Strike_R","Strike_R","Defend_R","Defend_R","Defend_R","Defend_R","Bash","Searing Blow+3","Shrug It Off","Shrug It Off","Impervious"],"relics":["Burning Blood","Champion Belt","Magic Flower","Unceasing Top"],"acts_visited":["Exordium"],"potions_floor_usage":[7,14],"damage_taken":[{"damage":11,"enemies":"Jaw Worm","floor":1,"turns":5},{"damage":0,"enemies":"Small Slimes","floor":3,"turns":3},{"damage":3,"enemies":"Cultist","floor":5,"turns":4},{"damage":47,"enemies":"3 Sentries","floor":7,"turns":13},{"damage":6,"enemies":"Exordium Wildlife","floor":10,"turns":6},{"damage":23,"enemies":"Exordium Thugs","floor":12,"turns":12},{"damage":12,"enemies":"Lagavulin","floor":14,"turns":3}],"seed_played":"-5846959510890315360","potions_obtained":[{"floor":1,"key":"Regen Potion"},{"floor":12,"key":"FearPotion"}],"is_trial":false,"path_per_floor":["M","?","M","$","M","R","E","R","T","M","R","M","?","E"],"character_chosen":"IRONCLAD","items_purchased":[],"campfire_rested":0,"item_purchase_floors":[],"current_hp_per_floor":[45,38,44,44,47,47,21,21,21,24,24,10,10,0,0],"gold":125,"neow_bonus":"ONE_RARE_RELIC","is_daily":false,"chose_seed":false,"campfire_upgraded":3,"win_rate":0.0,"timestamp":1611762970,"path_taken":["M","?","M","$","M","R","E","R","T","M","R","M","?","E"],"items_purchased_type":[],"build_version":"2020-12-22","purchased_purges":1,"victory":false,"max_hp_per_floor":[75,75,75,75,75,75,75,75,75,75,75,75,75,75,75],"card_choices":[{"not_picked":["Headbutt","Pommel Strike"],"picked":"Searing Blow","floor":1},{"not_picked":["Feel No Pain","Metallicize","Perfected Strike"],"picked":"SKIP","floor":3},{"not_picked":["Twin Strike","Iron Wave"],"picked":"Shrug It Off","floor":5},{"not_picked":["Exhume","True Grit","Havoc"],"picked":"SKIP","floor":7},{"not_picked":["Heavy Blade","Combust"],"picked":"Shrug It Off","floor":10},{"not_picked":["Wild Strike","Twin Strike"],"picked":"Impervious","floor":12}],"player_experience":316824,"relics_obtained":[{"floor":7,"key":"Magic Flower"},{"floor":9,"key":"Unceasing Top"}],"event_choices":[{"cards_removed":["Strike_R"],"damage_healed":0,"gold_gain":0,"player_choice":"Card Removal","damage_taken":7,"max_hp_gain":0,"max_hp_loss":0,"event_name":"Golden Wing","floor":2,"gold_loss":0},{"damage_healed":0,"gold_gain":0,"player_choice":"Fled","damage_taken":0,"max_hp_gain":0,"max_hp_loss":0,"event_name":"Scrap Ooze","floor":13,"gold_loss":0}],"is_beta":false,"boss_relics":[],"items_purged_floors":[4],"is_endless":false,"potions_floor_spawned":[1,12],"killed_by":"Lagavulin","ascension_level":16}}