{"host":"c97twqu0op5dg8i4","time":1611718069,"event":{"mods":["AchievementEnabler","BaseMod","Colored Map","Minty Spire (QoL Compilation)","Permanent Neow"],"gold_per_floor":[114,114,114,134,134,134,168,184,211,21,21,21],"floor_reached":11,"language":"ENG","playtime":296,"items_purged":[],"score":96,"play_id":"5640eb3c-9ad0-4c36-bd49-85f559bb2175","local_time":"20210126222749","is_ascension_mode":true,"campfire_choices":[{"data":"FlyingSleeves","floor":6,"key":"SMITH"}],"circlet_count":0,"master_deck":["Strike_P","Strike_P","Strike_P","Strike_P","Defend_P","Defend_P+1","Defend_P","Defend_P","Eruption+1","Vigilance","Omniscience","FlyingSleeves+1","Halt","LessonLearned","WreathOfFlame","EmptyBody"],"relics":["PureWater","Toy Ornithopter","Bag of Marbles","Lantern"],"acts_visited":["Exordium"],"potions_floor_usage":[11],"damage_taken":[{"damage":1,"enemies":"Small Slimes","floor":1,"turns":4},{"damage":0,"enemies":"Jaw Worm","floor":4,"turns":3},{"damage":27,"enemies":"Gremlin Nob","floor":7,"turns":3},{"damage":0,"enemies":"Cultist","floor":8,"turns":2},{"damage":49,"enemies":"3 Sentries","floor":11,"turns":5}],"seed_played":"5005964856087139012","potions_obtained":[{"floor":7,"key":"Explosive Potion"},{"floor":8,"key":"Ancient Potion"}],"is_trial":false,"path_per_floor":["M","?","?","M","$","R","E","M","T","$","E"],"character_chosen":"WATCHER","items_purchased":["EmptyBody","Lantern"],"campfire_rested":0,"item_purchase_floors":[10,10],"current_hp_per_floor":[64,64,64,64,64,64,37,37,37,37,0,0],"gold":21,"neow_bonus":"ONE_RANDOM_RARE_CARD","is_daily":false,"chose_seed":false,"campfire_upgraded":1,"win_rate":0.0,"timestamp":1611718069,"path_taken":["M","?","?","M","$","R","E","?","T","?","E"],"items_purchased_type":["Card","Relic"],"build_version":"2020-12-22","purchased_purges":0,"victory":false,"max_hp_per_floor":[72,72,72,72,72,72,72,72,72,72,72,72],"card_choices":[{"not_picked":["ClearTheMind","Perseverance"],"picked":"FlyingSleeves","floor":1},{"not_picked":["Weave","ThirdEye"],"picked":"Halt","floor":4},{"not_picked":["Consecrate","CrushJoints"],"picked":"LessonLearned","floor":7},{"not_picked":["JustLucky","CrushJoints"],"picked":"WreathOfFlame","floor":8}],"player_experience":309923,"relics_obtained":[{"floor":7,"key":"Toy Ornithopter"},{"floor":9,"key":"Bag of Marbles"}],"event_choices":[{"damage_healed":0,"gold_gain":0,"player_choice":"Ignored","damage_taken":0,"max_hp_gain":0,"max_hp_loss":0,"event_name":"Golden Wing","floor":2,"gold_loss":0},{"damage_healed":0,"gold_gain":0,"player_choice":"Upgraded","damage_taken":0,"max_hp_gain":0,"max_hp_loss":0,"event_name":"Upgrade Shrine","floor":3,"gold_loss":0,"cards_upgraded":["Eruption"]}],"is_beta":false,"boss_relics":[],"items_purged_floors":[],"is_endless":false,"potions_floor_spawned":[7,8],"killed_by":"3 Sentries","ascension_level":7}}