{"host":"njo8qgvy2a57fcny","time":1611730278,"event":{"mods":["Aspiration","BaseMod","BetterRewards","CCEM2","Colored Map","Colored Powertips","Conspire","Custom Start","Downfall","Energized Spire","GifTheSpireLib","Halation","Hermit","Hubris","Infinite Spire","Jedi Mod","Jorbs\u0027s Wanderer Trilogy","Mimic Mod","Minty Spire (QoL Compilation)","Quick Restart","Random Character Button","Random Character Mod","Rare Cards Sparkle","Relic Sorter","Replay The Spire","Shop Mod","StSLib","Stuff the Spire","The Animator","The Jungle","The Runesmith","The Servant 0.9.4","Unceasing Turn Reminder","thorton"],"gold_per_floor":[99,117,136,148,160,186,186,197,208,240,258,208,208,47,79,201,201,101,124,124,160,179,211,211,241,241,277,277,277,277],"floor_reached":28,"language":"ENG","playtime":1969,"items_purged":[],"score":357,"play_id":"bf2f577a-7b0d-402e-8dc9-b345a7b128c3","local_time":"20210127175118","is_ascension_mode":true,"campfire_choices":[{"data":"Slimebound:OozeBath","floor":1,"key":"SMITH"},{"floor":13,"key":"REST"},{"floor":18,"key":"RECALL"}],"circlet_count":0,"master_deck":["Slimebound:Strike_Slimebound","Slimebound:Strike_Slimebound","Slimebound:Strike_Slimebound","Slimebound:Tackle","Slimebound:Defend_Slimebound","Slimebound:Defend_Slimebound","Slimebound:Defend_Slimebound","Slimebound:Defend_Slimebound","Slimebound:Split","Slimebound:CorrosiveSpit","Slimebound:OozeBath+1","Slimebound:RainOfGoop","Slimebound:Equalize","Slimebound:SplitLeeching","Slimebound:SlimeSpikes","Slimebound:Overexert","Slimebound:Equalize","Slimebound:SplitMire","Slimebound:Schlurp","Slimebound:Schlurp","conspire:SpireCoStock","Slimebound:Nibble","Slimebound:SlimeSpikes","Slimebound:SelfFormingGoo+1","Slimebound:ItLooksTasty","Slimebound:LeechingTouch","Slimebound:Prepare","Slimebound:SplitMire+1","Slimebound:LivingWall","StuffTheSpire:Deluminance","StuffTheSpire:Deluminance","StuffTheSpire:Deluminance","StuffTheSpire:Deluminance","StuffTheSpire:Deluminance","Slimebound:SlimeSpikes+1"],"relics":["Slimebound:AbsorbEndCombat","ReplayFunnel","aspiration:SeaSaltIceCream","StuffTheSpire:SapphireSignet","Quantum Egg","halation:LettersToHer","Honey Jar","downfall:HeartBlessingGreen","infinitespire:EmpoweringShard","StuffTheSpire:BlackoutCurse"],"acts_visited":["Exordium","TheCity"],"potions_floor_usage":[6,9,10,16,16,23,28],"damage_taken":[{"damage":5,"enemies":"Small Slimes","floor":2,"turns":3},{"damage":8,"enemies":"2 Louse","floor":3,"turns":2},{"damage":12,"enemies":"Jaw Worm","floor":4,"turns":2},{"damage":8,"enemies":"Blue Slaver","floor":5,"turns":3},{"damage":8,"enemies":"Lagavulin","floor":6,"turns":7},{"damage":8,"enemies":"3 Louse","floor":8,"turns":4},{"damage":35,"enemies":"Exordium Thugs","floor":9,"turns":4},{"damage":22,"enemies":"3 Sentries","floor":10,"turns":6},{"damage":30,"enemies":"Exordium Wildlife","floor":11,"turns":5},{"damage":4,"enemies":"downfall:FleeingMerchant","floor":14,"turns":4},{"damage":4,"enemies":"Blue Slaver","floor":15,"turns":4},{"damage":35,"enemies":"WA_ARCHETYPE_RETAIN","floor":16,"turns":6},{"damage":15,"enemies":"Shell Parasite","floor":19,"turns":5},{"damage":39,"enemies":"3 Cultists","floor":21,"turns":5},{"damage":25,"enemies":"Centurion and Healer","floor":22,"turns":6},{"damage":28,"enemies":"Chosen and Byrds","floor":23,"turns":7},{"damage":59,"enemies":"Slavers","floor":25,"turns":7},{"damage":15,"enemies":"Sentry and Sphere","floor":27,"turns":5},{"damage":16,"enemies":"Gremlin Leader","floor":28,"turns":2}],"seed_played":"7288934658756711000","potions_obtained":[{"floor":5,"key":"ColorlessPotion"},{"floor":6,"key":"SpeedPotion"},{"floor":8,"key":"DistilledChaos"},{"floor":15,"key":"SkillPotion"},{"floor":16,"key":"Fruit Juice"},{"floor":22,"key":"Block Potion"},{"floor":27,"key":"Ancient Potion"}],"is_trial":false,"path_per_floor":["R_BF","M","M","M","M","E","T","M","M","E","M","?","R","$","M","B",null,"R","M","?","M","M","M","T","E","?","M","E"],"character_chosen":"SLIMEBOUND","items_purchased":["halation:LettersToHer"],"campfire_rested":1,"item_purchase_floors":[14],"current_hp_per_floor":[65,64,60,55,59,63,63,65,32,20,10,10,29,39,43,29,70,70,70,70,51,54,44,44,5,5,14,0,0,0],"gold":277,"neow_bonus":"ONE_RANDOM_RARE_CARD","is_daily":false,"chose_seed":false,"campfire_upgraded":1,"win_rate":0.0,"timestamp":1611730278,"path_taken":["R_BF","M","M","M","M","E","T","M","M","E","M","?","R","$","M","BOSS","R","M","?","M","M","M","T","E","?","?","E"],"items_purchased_type":["Relic"],"build_version":"2020-12-22","purchased_purges":0,"victory":false,"max_hp_per_floor":[65,65,65,65,65,65,65,65,65,65,65,65,65,65,65,70,70,70,70,70,70,70,70,70,70,70,70,70,70,70],"card_choices":[{"not_picked":["Slimebound:Schlurp","Slimebound:LivingWall"],"picked":"Slimebound:RainOfGoop","floor":2},{"not_picked":["Slimebound:SlimeBrawl","Slimebound:SlimeBarrage"],"picked":"Slimebound:Equalize","floor":3},{"not_picked":["Slimebound:GoopTackle","Slimebound:HauntingLick"],"picked":"Slimebound:SplitLeeching","floor":4},{"not_picked":["Slimebound:RollThrough","Slimebound:SamplingLick"],"picked":"Slimebound:SlimeSpikes","floor":5},{"not_picked":["Slimebound:Repurpose","Slimebound:HauntingLick"],"picked":"Slimebound:Overexert","floor":6},{"not_picked":["Slimebound:RollThrough","Slimebound:LeechEnergy"],"picked":"Slimebound:Equalize","floor":8},{"not_picked":["Slimebound:RainOfGoop","Slimebound:Gluttony"],"picked":"Slimebound:SplitMire","floor":9},{"not_picked":["Slimebound:ItLooksTasty","Slimebound:Recycling"],"picked":"Slimebound:Schlurp","floor":10},{"not_picked":["Slimebound:SamplingLick","Slimebound:LeechEnergy"],"picked":"Slimebound:Schlurp","floor":11},{"not_picked":["Slimebound:RollThrough","Slimebound:Schlurp"],"picked":"Slimebound:Nibble","floor":14},{"not_picked":["Slimebound:DisruptingSlam","Slimebound:Dissolve"],"picked":"Slimebound:SlimeSpikes","floor":15},{"not_picked":["Slimebound:Overexert","Slimebound:OozeBath"],"picked":"Slimebound:SelfFormingGoo","floor":16},{"not_picked":["Slimebound:LeechEnergy","Slimebound:SplitAcid","Slimebound:PressTheAttack"],"picked":"Slimebound:ItLooksTasty","floor":19},{"not_picked":["Slimebound:Schlurp","Slimebound:Dissolve","Slimebound:PressTheAttack"],"picked":"Slimebound:LeechingTouch","floor":21},{"not_picked":["Slimebound:FlameTackle","Slimebound:RainOfGoop","Slimebound:SamplingLick"],"picked":"Slimebound:Prepare","floor":22},{"not_picked":["Slimebound:Overexert","Slimebound:Schlurp","Slimebound:SplitAcid"],"picked":"Slimebound:SplitMire+1","floor":23},{"not_picked":["Slimebound:RollThrough","Slimebound:ComboTackle","Slimebound:Schlurp+1"],"picked":"Slimebound:LivingWall","floor":25},{"not_picked":["Slimebound:Recollect","Slimebound:SplitAcid+1","Slimebound:PressTheAttack+1"],"picked":"Slimebound:SlimeSpikes+1","floor":27}],"player_experience":725375,"relics_obtained":[{"floor":6,"key":"ReplayFunnel"},{"floor":7,"key":"aspiration:SeaSaltIceCream"},{"floor":10,"key":"Quantum Egg"},{"floor":24,"key":"halation:LettersToHer"},{"floor":25,"key":"infinitespire:EmpoweringShard"}],"event_choices":[{"damage_healed":0,"gold_gain":0,"player_choice":"Invest 1","damage_taken":0,"max_hp_gain":0,"max_hp_loss":0,"event_name":"conspire:Investor","floor":12,"gold_loss":0}],"is_beta":false,"boss_relics":[{"not_picked":["Cursed Key","Empty Cage"],"picked":"Honey Jar"}],"items_purged_floors":[],"is_endless":false,"potions_floor_spawned":[5,6,8,15,16,22,27],"killed_by":"Gremlin Leader","ascension_level":4}}