{"host":"vyjryxuuuxkt43k4","time":1611708312,"event":{"mods":["AchievementEnabler","BaseMod","Colored Map","DeckTracker","Keyboard Shortcuts","Minty Spire (QoL Compilation)","Permanent Neow","Quick Restart","Rare Cards Sparkle","StSLib","SuperFastMode","everything is the same but u backflip on backflip"],"gold_per_floor":[118,268,24,36,36,36,36,36,36,106,106,121,21,21,21,21,21],"floor_reached":16,"language":"KOR","playtime":241,"items_purged":["Doubt","Strike_R"],"score":172,"play_id":"329fe1f9-4593-4d4a-b6aa-b645282280ae","local_time":"20210127094512","is_ascension_mode":true,"campfire_choices":[{"data":"Wild Strike","floor":6.0,"key":"SMITH"},{"floor":8.0,"key":"REST"},{"data":"Ghostly Armor","floor":11,"key":"SMITH"},{"data":"Bash","floor":15,"key":"SMITH"}],"circlet_count":0,"master_deck":["AscendersBane","Strike_R","Strike_R","Defend_R","Defend_R","Defend_R","Defend_R","Bash+1","Wild Strike+1","Ghostly Armor+1","Battle Trance"],"relics":["Burning Blood","Tiny Chest","Dream Catcher","Omamori","Darkstone Periapt","Toxic Egg 2"],"acts_visited":["Exordium"],"potions_floor_usage":[16,16],"damage_taken":[{"damage":16.0,"enemies":"Jaw Worm","floor":1.0,"turns":5.0},{"damage":8.0,"enemies":"2 Louse","floor":4.0,"turns":2.0},{"damage":0,"enemies":"Small Slimes","floor":12,"turns":4},{"damage":79,"enemies":"Hexaghost","floor":16,"turns":9}],"seed_played":"-2068818428019797592","potions_obtained":[{"floor":1.0,"key":"Strength Potion"},{"floor":12,"key":"Swift Potion"}],"is_trial":false,"path_per_floor":["M","?","$","M","?","R","?","R","T","T","R","M","$","T","R","B"],"character_chosen":"IRONCLAD","items_purchased":["Tiny Chest"],"campfire_rested":1,"item_purchase_floors":[3],"current_hp_per_floor":[40,40,40,38,63,63,52,74,74,74,74,75,75,75,75,0,0],"gold":21,"neow_bonus":"REMOVE_TWO","is_daily":false,"chose_seed":false,"campfire_upgraded":3,"win_rate":0.0,"timestamp":1611708312,"path_taken":["M","?","$","M","?","R","?","R","T","?","R","M","$","?","R","BOSS"],"items_purchased_type":["Relic"],"build_version":"2020-12-22","purchased_purges":2,"victory":false,"max_hp_per_floor":[75,75,75,75,75,75,75,75,75,75,75,75,75,75,75,75,75],"card_choices":[{"not_picked":["Spot Weakness","Sword Boomerang"],"picked":"Wild Strike","floor":1.0},{"not_picked":["Heavy Blade","Clash","Wild Strike"],"picked":"SKIP","floor":4.0},{"not_picked":["True Grit","Havoc"],"picked":"Ghostly Armor","floor":8.0},{"not_picked":["Second Wind","Flex"],"picked":"Battle Trance","floor":12}],"player_experience":388749,"relics_obtained":[{"floor":9.0,"key":"Omamori"},{"floor":10.0,"key":"Darkstone Periapt"},{"floor":14,"key":"Toxic Egg 2"}],"event_choices":[{"damage_healed":0.0,"max_hp_gain":0.0,"max_hp_loss":0.0,"gold_gain":150.0,"event_name":"Liars Game","player_choice":"AGREE","floor":2.0,"gold_loss":0.0,"damage_taken":0.0,"cards_obtained":["Doubt"]},{"damage_healed":25.0,"max_hp_gain":0.0,"max_hp_loss":0.0,"gold_gain":0.0,"event_name":"Big Fish","player_choice":"Banana","floor":5.0,"gold_loss":0.0,"damage_taken":0.0},{"damage_healed":0.0,"max_hp_gain":0.0,"max_hp_loss":0.0,"gold_gain":0.0,"event_name":"Scrap Ooze","player_choice":"Success","floor":7.0,"gold_loss":0.0,"damage_taken":11.0,"relics_obtained":["Dream Catcher"]}],"is_beta":false,"boss_relics":[],"items_purged_floors":[3,13],"is_endless":false,"potions_floor_spawned":[1,12],"killed_by":"Hexaghost","ascension_level":20}}