{"host":"d9m9v0h6vo0edadb","time":1611734617,"event":{"mods":["BaseMod","Hermit","Keyboard Shortcuts","Minty Spire (QoL Compilation)","StSLib","SuperFastMode","The Cursed"],"gold_per_floor":[115,130,144,161,161,193,209,209,209],"floor_reached":8,"language":"KOR","playtime":129,"items_purged":[],"score":120,"play_id":"6fbdc5bf-e072-47b0-bb9b-33a2b2648c5c","local_time":"20210127170337","is_ascension_mode":true,"campfire_choices":[],"circlet_count":0,"master_deck":["AscendersBane","Strike_G","Strike_G","Strike_G","Strike_G","Defend_G","Defend_G","Defend_G","Defend_G","Defend_G","Survivor","Neutralize","Dagger Throw","Blade Dance","Riddle With Holes+1","Malaise","PiercingWail"],"relics":["Ring of the Snake","Juzu Bracelet"],"acts_visited":["Exordium"],"potions_floor_usage":[6,8],"damage_taken":[{"damage":6.0,"enemies":"Cultist","floor":1.0,"turns":4.0},{"damage":0.0,"enemies":"2 Louse","floor":2.0,"turns":3.0},{"damage":1,"enemies":"Jaw Worm","floor":3,"turns":3},{"damage":4,"enemies":"Blue Slaver","floor":4,"turns":3},{"damage":25,"enemies":"3 Sentries","floor":6,"turns":7},{"damage":11,"enemies":"Large Slime","floor":7,"turns":7},{"damage":25,"enemies":"Gremlin Nob","floor":8,"turns":3}],"seed_played":"-7010459237206228596","potions_obtained":[{"floor":1.0,"key":"SneckoOil"},{"floor":3,"key":"SteroidPotion"},{"floor":7,"key":"LiquidBronze"}],"is_trial":false,"path_per_floor":["M","M","M","M","?","E","M","E"],"character_chosen":"THE_SILENT","items_purchased":[],"campfire_rested":0,"item_purchase_floors":[],"current_hp_per_floor":[53,53,52,48,48,23,12,0,0],"gold":209,"neow_bonus":"REMOVE_CARD","is_daily":false,"chose_seed":false,"campfire_upgraded":0,"win_rate":0.0,"timestamp":1611734617,"path_taken":["M","M","M","M","?","E","M","E"],"items_purchased_type":[],"build_version":"2020-12-22","purchased_purges":0,"victory":false,"max_hp_per_floor":[66,66,66,66,66,66,66,66,66],"card_choices":[{"not_picked":["Leg Sweep","Backflip"],"picked":"Dagger Throw","floor":1.0},{"not_picked":["Backflip","Deflect"],"picked":"Blade Dance","floor":2.0},{"not_picked":["Deadly Poison","Expertise"],"picked":"Riddle With Holes","floor":3},{"not_picked":["Quick Slash","Underhanded Strike","Dagger Throw"],"picked":"SKIP","floor":4},{"not_picked":["Footwork","Bane"],"picked":"Malaise","floor":6},{"not_picked":["Caltrops","Reflex"],"picked":"PiercingWail","floor":7}],"player_experience":992240,"relics_obtained":[{"floor":6,"key":"Juzu Bracelet"}],"event_choices":[{"damage_healed":0,"gold_gain":0,"player_choice":"Grow","damage_taken":0,"max_hp_gain":0,"max_hp_loss":0,"event_name":"Living Wall","floor":5,"gold_loss":0,"cards_upgraded":["Riddle With Holes"]}],"is_beta":false,"boss_relics":[],"items_purged_floors":[],"is_endless":false,"potions_floor_spawned":[1,3,7],"killed_by":"Gremlin Nob","ascension_level":20}}