{"host":"kydqlojjt9mno5rv","time":1611728015,"event":{"mods":["AchievementEnabler","BaseMod","Colored Powertips","DeckTracker","Minty Spire (QoL Compilation)","Spicy Shops","Spire Arcade","StSLib","SuperFastMode","Synergy Search","Weighted Paths"],"gold_per_floor":[114,125,152,152,152,190,211,211,211,211,249,249,249,269,269,393,393,413,429,202,227,84,84,103,121,121,121,121,121,146,171,171,294,294,308,332,345,678,690,690,690],"floor_reached":40,"language":"ENG","playtime":1426,"items_purged":["Injury"],"score":440,"play_id":"71fd4f34-a098-4937-8844-183bb26f7acc","local_time":"20210127011335","is_ascension_mode":false,"campfire_choices":[{"floor":8,"key":"DIG"},{"floor":10,"key":"DIG"},{"floor":13,"key":"DIG"},{"floor":15,"key":"DIG"},{"floor":23,"key":"DIG"},{"floor":27,"key":"DIG"},{"floor":29,"key":"DIG"},{"floor":32,"key":"REST"}],"circlet_count":0,"master_deck":["Bash","Iron Wave","Reckless Charge","Wild Strike","Carnage","Flex","Limit Break","Pommel Strike","Immolate","Dropkick","Pommel Strike","Second Wind","Bludgeon","Sever Soul","Reckless Charge","Evolve","Pummel","Infernal Blade","Carnage","Burning Pact","Anger+1","Seeing Red+1","Flame Barrier","Inflame","Iron Wave","Offering","CurseOfTheBell","Headbutt+1","Heavy Blade+1","Heavy Blade+1","Shrug It Off"],"relics":["Burning Blood","NeowsBlessing","Strawberry","Shovel","Bronze Scales","Regal Pillow","Shuriken","FossilizedHelix","Odd Mushroom","Tiny Chest","Oddly Smooth Stone","Pandora\u0027s Box","Frozen Eye","Lantern","Bag of Preparation","Letter Opener","Self Forming Clay","Orichalcum","Boot","Calling Bell","Peace Pipe","Pantograph","Centennial Puzzle"],"acts_visited":["Exordium","TheCity","TheBeyond"],"potions_floor_usage":[11],"damage_taken":[{"damage":0,"enemies":"Cultist","floor":1,"turns":1},{"damage":0,"enemies":"Jaw Worm","floor":2,"turns":1},{"damage":0,"enemies":"3 Sentries","floor":6,"turns":1},{"damage":2,"enemies":"Small Slimes","floor":7,"turns":3},{"damage":13,"enemies":"The Mushroom Lair","floor":11,"turns":3},{"damage":12,"enemies":"3 Louse","floor":14,"turns":2},{"damage":37,"enemies":"Slime Boss","floor":16,"turns":9},{"damage":0,"enemies":"Spheric Guardian","floor":18,"turns":3},{"damage":14,"enemies":"2 Thieves","floor":19,"turns":3},{"damage":14,"enemies":"Snake Plant","floor":21,"turns":3},{"damage":0,"enemies":"3 Cultists","floor":24,"turns":3},{"damage":31,"enemies":"Shelled Parasite and Fungi","floor":25,"turns":4},{"damage":0,"enemies":"Chosen and Byrds","floor":30,"turns":2},{"damage":14,"enemies":"Snake Plant","floor":31,"turns":2},{"damage":49,"enemies":"Champ","floor":33,"turns":10},{"damage":6,"enemies":"3 Shapes","floor":35,"turns":2},{"damage":12,"enemies":"Orb Walker","floor":36,"turns":3},{"damage":6,"enemies":"Spire Growth","floor":37,"turns":3},{"damage":33,"enemies":"Transient","floor":39,"turns":5},{"damage":84,"enemies":"Giant Head","floor":40,"turns":7}],"seed_played":"-4459563786905836498","potions_obtained":[{"floor":2,"key":"ColorlessPotion"},{"floor":7,"key":"Energy Potion"},{"floor":11,"key":"Energy Potion"},{"floor":18,"key":"FearPotion"}],"is_trial":false,"path_per_floor":["M","M","T","?","?","E","M","R","T","R","?","?","R","M","R","B",null,"M","M","$","M","$","R","M","M","T","R","?","R","M","M","R","B",null,"M","M","M","?","M","E"],"character_chosen":"IRONCLAD","items_purchased":["Frozen Eye","Burning Pact","Lantern"],"campfire_rested":1,"item_purchase_floors":[20,20,22],"current_hp_per_floor":[80,80,87,87,69,75,79,79,79,79,72,72,72,66,66,35,87,87,79,79,71,71,71,77,52,52,52,52,52,58,50,87,44,87,87,81,81,81,54,0,0],"gold":690,"neow_bonus":"THREE_ENEMY_KILL","is_daily":false,"chose_seed":false,"campfire_upgraded":0,"win_rate":0.0,"timestamp":1611728015,"path_taken":["M","M","?","?","?","E","M","R","T","R","?","?","R","M","R","BOSS","M","M","$","M","$","R","M","M","T","R","?","R","M","M","R","BOSS","M","M","M","?","M","E"],"items_purchased_type":["Relic","Card","Relic"],"build_version":"2020-12-22","purchased_purges":1,"victory":false,"max_hp_per_floor":[80,80,87,87,87,87,87,87,87,87,87,87,87,87,87,87,87,87,87,87,87,87,87,87,87,87,87,87,87,87,87,87,87,87,87,87,87,87,87,87,87],"card_choices":[{"not_picked":["Warcry","Dual Wield"],"picked":"Iron Wave","floor":1},{"not_picked":["Sever Soul","Perfected Strike"],"picked":"Reckless Charge","floor":2},{"not_picked":["Anger","Clash"],"picked":"Wild Strike","floor":6},{"not_picked":["Shrug It Off","Hemokinesis"],"picked":"Carnage","floor":7},{"not_picked":["Evolve","Thunderclap"],"picked":"Flex","floor":11},{"not_picked":["Flame Barrier","Flex"],"picked":"Pommel Strike","floor":14},{"not_picked":["Reaper","Impervious"],"picked":"Immolate","floor":16},{"not_picked":["Body Slam","Entrench"],"picked":"Infernal Blade","floor":18},{"not_picked":["Sever Soul","Body Slam"],"picked":"Carnage","floor":19},{"not_picked":["Blood for Blood","Rupture"],"picked":"Anger+1","floor":21},{"not_picked":["Metallicize","Whirlwind"],"picked":"Seeing Red+1","floor":24},{"not_picked":["Clothesline","Perfected Strike"],"picked":"Flame Barrier","floor":25},{"not_picked":["Clothesline","Entrench+1"],"picked":"Inflame","floor":30},{"not_picked":["Clash+1","Burning Pact"],"picked":"Iron Wave","floor":31},{"not_picked":["Reaper","Immolate"],"picked":"Offering","floor":33},{"not_picked":["Heavy Blade+1","Cleave+1"],"picked":"Headbutt+1","floor":35},{"not_picked":["Shrug It Off+1","Sever Soul+1"],"picked":"Heavy Blade+1","floor":36},{"not_picked":["Body Slam","Dual Wield+1"],"picked":"Heavy Blade+1","floor":37},{"not_picked":["Dual Wield","Corruption"],"picked":"Shrug It Off","floor":39}],"player_experience":123006,"relics_obtained":[{"floor":3,"key":"Strawberry"},{"floor":6,"key":"Bronze Scales"},{"floor":8,"key":"Regal Pillow"},{"floor":9,"key":"Shuriken"},{"floor":10,"key":"FossilizedHelix"},{"floor":11,"key":"Odd Mushroom"},{"floor":13,"key":"Tiny Chest"},{"floor":15,"key":"Oddly Smooth Stone"},{"floor":23,"key":"Bag of Preparation"},{"floor":26,"key":"Letter Opener"},{"floor":27,"key":"Self Forming Clay"},{"floor":29,"key":"Boot"},{"floor":34,"key":"Peace Pipe"},{"floor":34,"key":"Pantograph"},{"floor":34,"key":"Centennial Puzzle"}],"event_choices":[{"damage_healed":0,"gold_gain":0,"player_choice":"Take Wound","damage_taken":0,"relics_obtained":["Golden Idol"],"max_hp_gain":0,"max_hp_loss":0,"event_name":"Golden Idol","floor":4,"gold_loss":0,"cards_obtained":["Injury"]},{"damage_healed":0,"gold_gain":0,"player_choice":"Success","damage_taken":18,"relics_obtained":["Shovel"],"max_hp_gain":0,"max_hp_loss":0,"event_name":"Scrap Ooze","floor":5,"gold_loss":0},{"damage_healed":0,"gold_gain":0,"player_choice":"Fought Mushrooms","damage_taken":0,"max_hp_gain":0,"max_hp_loss":0,"event_name":"Mushrooms","floor":11,"gold_loss":0},{"damage_healed":0,"gold_gain":0,"cards_transformed":["Defend_R"],"player_choice":"Transformed","damage_taken":0,"max_hp_gain":0,"max_hp_loss":0,"event_name":"Transmorgrifier","floor":12,"gold_loss":0,"cards_obtained":["Limit Break"]},{"damage_healed":0,"gold_gain":0,"player_choice":"Opened","damage_taken":0,"relics_obtained":["Orichalcum"],"max_hp_gain":0,"max_hp_loss":0,"event_name":"The Mausoleum","floor":28,"gold_loss":0},{"damage_healed":0,"gold_gain":333,"player_choice":"Gave Idol","damage_taken":0,"max_hp_gain":0,"max_hp_loss":0,"event_name":"The Moai Head","floor":38,"relics_lost":["Golden Idol"],"gold_loss":0}],"is_beta":false,"boss_relics":[{"not_picked":["Black Star","Coffee Dripper"],"picked":"Pandora\u0027s Box"},{"not_picked":["Runic Dome","Runic Cube"],"picked":"Calling Bell"}],"items_purged_floors":[20],"is_endless":false,"potions_floor_spawned":[2,7,11,18,19,30,35,36],"killed_by":"Giant Head","ascension_level":0}}