{"host":"ctlqibkg0sskiu65","time":1611731928,"event":{"mods":["AchievementEnabler","Aspiration","BaseMod","BetterRewards","Colored Map","Colored Powertips","Conspire","Fiend Mod","Infinite Spire","Minty Spire (QoL Compilation)","Quick Restart","Replay The Spire","Shop Mod","StSLib","The Bladedancer","The Cursed","The Hierophant","The Jungle","The Kombatant","The Servant 0.9.4","TheBandit"],"gold_per_floor":[112,16,16,16,34,34,34],"floor_reached":6,"language":"ENG","playtime":175,"items_purged":[],"score":115,"play_id":"8e8b1398-0858-475e-8bb1-bed8da82602d","local_time":"20210127011848","is_ascension_mode":true,"campfire_choices":[],"circlet_count":0,"master_deck":["AscendersBane","conspire:GhostlyStrike","conspire:GhostlyStrike","conspire:GhostlyStrike","conspire:GhostlyStrike","conspire:GhostlyStrike","conspire:GhostlyDefend","conspire:GhostlyDefend","conspire:GhostlyDefend","conspire:GhostlyDefend","Survivor","Neutralize","Dodge and Roll","ReplayTheSpireMod:Private Reserves","Deadly Poison"],"relics":["Ring of the Snake"],"acts_visited":["Exordium"],"potions_floor_usage":[5],"damage_taken":[{"damage":6,"enemies":"Cultist","floor":1,"turns":6},{"damage":8,"enemies":"Jaw Worm","floor":5,"turns":6},{"damage":56,"enemies":"Gremlin Nob","floor":6,"turns":5}],"seed_played":"3248892627004163177","potions_obtained":[{"floor":1,"key":"GamblersBrew"},{"floor":5,"key":"Fruit Juice"}],"is_trial":false,"path_per_floor":["M","$","?","?","M","E"],"character_chosen":"THE_SILENT","items_purchased":["ReplayTheSpireMod:Private Reserves"],"campfire_rested":0,"item_purchase_floors":[2],"current_hp_per_floor":[53,53,53,53,50,0,0],"gold":34,"neow_bonus":"","is_daily":false,"chose_seed":false,"campfire_upgraded":0,"win_rate":0.0,"timestamp":1611731928,"path_taken":["M","$","?","?","?","E"],"items_purchased_type":["Card"],"build_version":"2020-12-22","purchased_purges":0,"victory":false,"max_hp_per_floor":[66,66,66,66,71,71,71],"card_choices":[{"not_picked":["ReplayTheSpireMod:Shiv Toss","Prepared"],"picked":"Dodge and Roll","floor":1},{"not_picked":["ReplayTheSpireMod:The Works","Sneak Up"],"picked":"Deadly Poison","floor":5}],"player_experience":251749,"relics_obtained":[],"event_choices":[{"damage_healed":0,"gold_gain":0,"player_choice":"Agree","damage_taken":0,"max_hp_gain":0,"max_hp_loss":0,"event_name":"conspire:LoneGhost","floor":3,"gold_loss":0},{"cards_removed":["conspire:GhostlyDefend"],"damage_healed":0,"gold_gain":0,"player_choice":"Purged","damage_taken":0,"max_hp_gain":0,"max_hp_loss":0,"event_name":"Purifier","floor":4,"gold_loss":0}],"is_beta":false,"boss_relics":[],"items_purged_floors":[],"is_endless":false,"potions_floor_spawned":[1,5],"killed_by":"Gremlin Nob","ascension_level":18}}