{"host":"test","time":1611767906,"event":{"mods":["BaseMod","Colored Map","Colored Powertips","Minty Spire (QoL Compilation)","Relic Stats","Slay the Relics Exporter","SpireBot","StSLib","ojb\u0027s Better Paths Mod","ojb\u0027s Info Mod"],"gold_per_floor":[116,116,131,143,143,143,169,169,169,169,194,22,36,36,36,110,110,126,140,153,153,153,187,207,239,292,321,341,354,354,388,388,462,462,477,477,491,564,259,290,290,321,333,345,376,388,416,442,454,466,478,490,502,104,131,131],"floor_reached":57,"language":"JPN","playtime":3572,"items_purged":["Perfected Strike+1","Sword Boomerang"],"score":3525,"play_id":"7e7a5cd9-cab4-4a52-b7c4-676a4439b724","local_time":"20210128021826","is_ascension_mode":true,"campfire_choices":[{"data":"Inflame","floor":6,"key":"SMITH"},{"data":"Bash","floor":8,"key":"SMITH"},{"data":"True Grit","floor":15,"key":"SMITH"},{"data":"Ragnarok","floor":30,"key":"SMITH"},{"data":"SpiritShield","floor":32,"key":"SMITH"},{"data":"Feel No Pain","floor":41,"key":"SMITH"},{"data":"Impervious","floor":44,"key":"SMITH"},{"floor":46,"key":"RECALL"},{"data":"Hologram","floor":49,"key":"SMITH"},{"data":"Second Wind","floor":53,"key":"SMITH"}],"circlet_count":0,"master_deck":["AscendersBane","Bash+1","Inflame+1","Reckless Charge+1","Headbutt","Impervious+1","True Grit+1","Creative AI","Acrobatics+1","Second Wind+1","RitualDagger","Dash","Sucker Punch+1","Eviscerate","Ragnarok+1","Clothesline","SpiritShield+1","Ragnarok","Shrug It Off","Dropkick","True Grit","Seeing Red","Second Wind+1","Entrench","Fire Breathing","Wild Strike","Feel No Pain+1","Apotheosis","Hologram+1","Dark Shackles+1","Collect+1","Entrench","Evolve"],"relics":["Black Star","Eternal Feather","Lantern","Gambling Chip","Mummified Hand","Ancient Tea Set","Blue Candle","PrismaticShard","InkBottle","Snecko Eye","Calipers","Bottled Tornado","HornCleat","Self Forming Clay","War Paint","PreservedInsect","TungstenRod","Thread and Needle","Whetstone","Pandora\u0027s Box","Strawberry","Omamori","Bag of Preparation","MawBank","Kunai","DollysMirror","Ginger","Centennial Puzzle"],"acts_visited":["Exordium","TheCity","TheBeyond","TheEnding"],"potions_floor_usage":[7,11,23,25,27,40,56],"damage_taken":[{"damage":19,"enemies":"Jaw Worm","floor":1,"turns":6},{"damage":2,"enemies":"Cultist","floor":3,"turns":4},{"damage":2,"enemies":"2 Louse","floor":4,"turns":3},{"damage":8,"enemies":"Gremlin Nob","floor":7,"turns":3},{"damage":0,"enemies":"Lagavulin","floor":11,"turns":3},{"damage":1,"enemies":"2 Fungi Beasts","floor":13,"turns":3},{"damage":37,"enemies":"The Guardian","floor":16,"turns":11},{"damage":15,"enemies":"Shell Parasite","floor":18,"turns":4},{"damage":15,"enemies":"2 Thieves","floor":19,"turns":4},{"damage":0,"enemies":"Snake Plant","floor":20,"turns":2},{"damage":7,"enemies":"Book of Stabbing","floor":23,"turns":4},{"damage":3,"enemies":"Snecko","floor":24,"turns":4},{"damage":4,"enemies":"Gremlin Leader","floor":25,"turns":6},{"damage":17,"enemies":"Slavers","floor":27,"turns":4},{"damage":0,"enemies":"3 Cultists","floor":28,"turns":4},{"damage":0,"enemies":"Centurion and Healer","floor":29,"turns":4},{"damage":0,"enemies":"Book of Stabbing","floor":31,"turns":1},{"damage":7,"enemies":"Champ","floor":33,"turns":8},{"damage":0,"enemies":"Orb Walker","floor":35,"turns":5},{"damage":0,"enemies":"3 Darklings","floor":37,"turns":6},{"damage":0,"enemies":"Reptomancer","floor":40,"turns":7},{"damage":0,"enemies":"Giant Head","floor":42,"turns":8},{"damage":0,"enemies":"Maw","floor":45,"turns":5},{"damage":0,"enemies":"Jaw Worm Horde","floor":47,"turns":2},{"damage":0,"enemies":"Sphere and 2 Shapes","floor":48,"turns":4},{"damage":0,"enemies":"Awakened One","floor":50,"turns":14},{"damage":0,"enemies":"Donu and Deca","floor":51,"turns":7},{"damage":0,"enemies":"Shield and Spear","floor":55,"turns":6},{"damage":0,"enemies":"The Heart","floor":56,"turns":12}],"seed_played":"8723943882355921404","potions_obtained":[{"floor":1,"key":"SkillPotion"},{"floor":4,"key":"LiquidMemories"},{"floor":7,"key":"LiquidMemories"},{"floor":16,"key":"AttackPotion"},{"floor":19,"key":"FairyPotion"},{"floor":24,"key":"Fire Potion"},{"floor":25,"key":"AttackPotion"},{"floor":28,"key":"Energy Potion"},{"floor":33,"key":"ElixirPotion"},{"floor":37,"key":"Block Potion"},{"floor":45,"key":"Explosive Potion"}],"is_trial":false,"path_per_floor":["M","?","M","M","?","R","E","R","T","$","E","$","M","?","R","B",null,"M","M","M","?","?","E","M","E","T","E","M","M","R","E","R","B",null,"M","?","M","T","$","E","R","E","T","R","M","R","M","M","R","B","B",null,"R","$","E","B",null],"character_chosen":"IRONCLAD","items_purchased":["PrismaticShard","Feel No Pain","Apotheosis","DollysMirror","Evolve","PowerPotion"],"campfire_rested":0,"item_purchase_floors":[12,39,39,54,54,54],"current_hp_per_floor":[49,49,47,45,45,51,43,52,52,52,52,52,51,46,55,18,61,46,31,31,25,25,18,15,11,11,22,22,22,37,37,52,45,68,68,68,68,68,68,75,78,78,78,78,78,78,78,78,78,78,78,78,78,78,78,78],"gold":131,"neow_bonus":"BOSS_RELIC","is_daily":false,"chose_seed":true,"campfire_upgraded":9,"win_rate":0.0,"timestamp":1611767906,"path_taken":["M","?","M","?","?","R","E","R","T","$","E","$","M","?","R","BOSS","M","M","M","?","?","E","M","E","T","E","M","?","R","E","R","BOSS","M","?","M","?","$","E","R","E","T","R","?","R","M","M","R","BOSS","BOSS","R","$","E","BOSS"],"items_purchased_type":["Relic","Card","Card","Relic","Card","Potion"],"build_version":"2020-12-18","purchased_purges":2,"victory":true,"max_hp_per_floor":[75,75,75,75,75,75,75,75,75,75,75,75,75,75,75,75,75,75,75,75,75,75,75,75,75,75,75,75,75,75,75,75,75,75,75,71,71,71,71,78,78,78,78,78,78,78,78,78,78,78,78,78,78,78,78,78],"relic_stats":{"counters":[29,154],"Self Forming Clay":[12],"Blue Candle":[0],"Eternal Feather":57,"PreservedInsect":312,"Bag of Preparation":[14],"Whetstone":["Strike_R","Reckless Charge"],"Ginger":[2],"War Paint":["Defend_R","Acrobatics"],"MawBank":144,"Centennial Puzzle":[0],"Mummified Hand":[180],"Gambling Chip":[129],"Snecko Eye":[300,260,255,263],"Pandora\u0027s Box":["Shrug It Off","Dropkick","True Grit","Seeing Red","Second Wind","Entrench","Fire Breathing","Wild Strike"],"Black Star":9,"Kunai":[22],"obtain_stats":[{"Lantern":7,"Calipers":23,"Bag of Preparation":42,"Whetstone":31,"Ginger":55,"Bottled Tornado":23,"Ancient Tea Set":11,"PrismaticShard":12,"Burning Blood":0,"Centennial Puzzle":55,"HornCleat":25,"Mummified Hand":9,"DollysMirror":54,"Gambling Chip":7,"Strawberry":40,"Kunai":43,"InkBottle":14,"Self Forming Clay":25,"Blue Candle":11,"Eternal Feather":2,"Thread and Needle":31,"PreservedInsect":27,"Omamori":40,"War Paint":26,"MawBank":42,"Snecko Eye":17,"Pandora\u0027s Box":34,"Black Star":0,"TungstenRod":27},{"Lantern":4,"Calipers":11,"Bag of Preparation":22,"Whetstone":17,"Ginger":28,"Bottled Tornado":11,"Ancient Tea Set":5,"PrismaticShard":5,"Burning Blood":0,"Centennial Puzzle":28,"HornCleat":13,"Mummified Hand":4,"DollysMirror":27,"Gambling Chip":4,"Strawberry":21,"Kunai":22,"InkBottle":6,"Self Forming Clay":13,"Blue Candle":5,"Eternal Feather":1,"Thread and Needle":17,"PreservedInsect":14,"Omamori":21,"War Paint":13,"MawBank":22,"Snecko Eye":7,"Pandora\u0027s Box":18,"Black Star":0,"TungstenRod":14},{"Lantern":16,"Calipers":47,"Bag of Preparation":104,"Whetstone":70,"Ginger":142,"Bottled Tornado":47,"Ancient Tea Set":19,"PrismaticShard":19,"Burning Blood":0,"Centennial Puzzle":142,"HornCleat":57,"Mummified Hand":16,"DollysMirror":136,"Gambling Chip":16,"Strawberry":96,"Kunai":104,"InkBottle":22,"Self Forming Clay":57,"Blue Candle":19,"Eternal Feather":6,"Thread and Needle":70,"PreservedInsect":61,"Omamori":96,"War Paint":57,"MawBank":104,"Snecko Eye":33,"Pandora\u0027s Box":78,"Black Star":0,"TungstenRod":61}],"InkBottle":[60],"TungstenRod":1},"card_choices":[{"not_picked":["Cleave","Rampage"],"picked":"Inflame","floor":1},{"not_picked":["Warcry","Armaments"],"picked":"Perfected Strike","floor":3},{"not_picked":["Clash","Bloodletting"],"picked":"Reckless Charge","floor":4},{"not_picked":["Dropkick","Shrug It Off"],"picked":"Headbutt","floor":7},{"not_picked":["Clothesline","Whirlwind"],"picked":"Impervious","floor":11},{"not_picked":["Sucker Punch","CrushJoints"],"picked":"True Grit","floor":13},{"not_picked":["Master of Strategy","Amplify"],"picked":"Creative AI","floor":16},{"not_picked":["Quick Slash","Beam Cell","Rampage+1"],"picked":"SKIP","floor":18},{"not_picked":["Flash of Steel","FlyingSleeves"],"picked":"Acrobatics","floor":19},{"not_picked":["Clash","Battle Trance"],"picked":"Second Wind+1","floor":20},{"not_picked":["Auto Shields","Deadly Poison"],"picked":"Dash","floor":23},{"not_picked":["Conclude","CrushJoints"],"picked":"Sucker Punch+1","floor":24},{"not_picked":["Leap","Deadly Poison"],"picked":"Eviscerate","floor":25},{"not_picked":["Dark Shackles","Dagger Throw"],"picked":"Ragnarok","floor":27},{"not_picked":["Cloak And Dagger","Body Slam"],"picked":"Clothesline","floor":28},{"not_picked":["Cloak And Dagger","Iron Wave+1","JustLucky+1"],"picked":"SKIP","floor":29},{"not_picked":["Crescendo+1","DeceiveReality"],"picked":"SpiritShield","floor":31},{"not_picked":["Chrysalis","Transmutation"],"picked":"Ragnarok","floor":33},{"not_picked":["Turbo","PathToVictory","Distraction"],"picked":"SKIP","floor":35},{"not_picked":["ClearTheMind","Prostrate","Conclude"],"picked":"SKIP","floor":37},{"not_picked":["Quick Slash","EmptyBody"],"picked":"Hologram","floor":40},{"not_picked":["Dark Shackles+1","Deep Breath+1","Clash"],"picked":"SKIP","floor":42},{"not_picked":["Deep Breath+1","Clash"],"picked":"Dark Shackles+1","floor":42},{"not_picked":["Weave","Thunderclap+1","Rainbow"],"picked":"SKIP","floor":45},{"not_picked":["Backstab","Streamline+1","Sweeping Beam"],"picked":"SKIP","floor":47},{"not_picked":["Halt","Hologram"],"picked":"Collect+1","floor":48},{"not_picked":["Judgement","Swift Strike+1","Rage+1"],"picked":"SKIP","floor":55}],"player_experience":1998475,"relics_obtained":[{"floor":7,"key":"Lantern"},{"floor":7,"key":"Gambling Chip"},{"floor":9,"key":"Mummified Hand"},{"floor":11,"key":"Ancient Tea Set"},{"floor":11,"key":"Blue Candle"},{"floor":23,"key":"Calipers"},{"floor":23,"key":"Bottled Tornado"},{"floor":25,"key":"HornCleat"},{"floor":25,"key":"Self Forming Clay"},{"floor":26,"key":"War Paint"},{"floor":27,"key":"PreservedInsect"},{"floor":27,"key":"TungstenRod"},{"floor":31,"key":"Thread and Needle"},{"floor":31,"key":"Whetstone"},{"floor":40,"key":"Strawberry"},{"floor":40,"key":"Omamori"},{"floor":42,"key":"Bag of Preparation"},{"floor":42,"key":"MawBank"},{"floor":43,"key":"Kunai"},{"floor":55,"key":"Ginger"},{"floor":55,"key":"Centennial Puzzle"}],"event_choices":[{"damage_healed":0,"gold_gain":0,"player_choice":"Gave Potion","damage_taken":0,"relics_obtained":["Eternal Feather"],"max_hp_gain":0,"max_hp_loss":0,"event_name":"WeMeetAgain","floor":2,"gold_loss":0},{"damage_healed":0,"gold_gain":0,"player_choice":"Grow","damage_taken":0,"max_hp_gain":0,"max_hp_loss":0,"event_name":"Living Wall","floor":5,"gold_loss":0,"cards_upgraded":["Perfected Strike"]},{"damage_healed":0,"gold_gain":0,"player_choice":"Success","damage_taken":5,"relics_obtained":["InkBottle"],"max_hp_gain":0,"max_hp_loss":0,"event_name":"Scrap Ooze","floor":14,"gold_loss":0},{"damage_healed":0,"gold_gain":0,"player_choice":"Joined the Cult","damage_taken":6,"max_hp_gain":0,"max_hp_loss":0,"event_name":"Nest","floor":21,"gold_loss":0,"cards_obtained":["RitualDagger"]},{"damage_healed":0,"gold_gain":0,"cards_transformed":["Strike_R"],"player_choice":"Transformed","damage_taken":0,"max_hp_gain":0,"max_hp_loss":0,"event_name":"Transmorgrifier","floor":22,"gold_loss":0,"cards_obtained":["Sword Boomerang"]},{"damage_healed":0,"gold_gain":0,"player_choice":"Max HP","damage_taken":0,"max_hp_gain":0,"max_hp_loss":4,"event_name":"Winding Halls","floor":36,"gold_loss":0}],"is_beta":true,"boss_relics":[{"not_picked":["Cursed Key","SlaversCollar"],"picked":"Snecko Eye"},{"not_picked":["Velvet Choker","Astrolabe"],"picked":"Pandora\u0027s Box"}],"items_purged_floors":[39,54],"is_endless":false,"potions_floor_spawned":[1,4,7,16,19,24,25,28,33,37,45],"ascension_level":20}}