{"host":"0m9qzqwuh9r40nrk","time":1611787885,"event":{"mods":["BaseMod","Conspire","Downfall","Hermit","Hubris","Infinite Spire","Jorbs\u0027s Wanderer Trilogy","Minty Spire (QoL Compilation)","Quick Restart","Replay The Spire","Shop Mod","StSLib","The Animator","The Construct","The Cursed","The Disciple","The Hierophant","The Necromancer","The Runesmith","everything is the same but u backflip on backflip"],"gold_per_floor":[111,111,124,124,144,173,173,173,173,190,216,216,244,258,258,356,356,370,390,410,430,444,470,499,499,499,516,529,559,571,143,143,246,246,274,299,521,521,521,521,558,578,578,171,171,211,236,272,272,276,276,276,19,64,68],"floor_reached":56,"language":"ENG","playtime":11922,"items_purged":["Spectral_Armor"],"score":1366,"play_id":"062d5e79-043c-4747-a960-5a2e989b696b","local_time":"20210127145125","daily_mods":["SealedDeck","Elite Swarm"],"is_ascension_mode":true,"campfire_choices":[{"data":"Cloudkill","floor":7,"key":"SMITH"},{"data":"Reap_The_Weak","floor":12,"key":"SMITH"},{"data":"Negative_Energy_Mist","floor":15,"key":"PURGE"},{"data":"Summon_Vampire_Lady","floor":30,"key":"SMITH"},{"data":"Summon_Undead","floor":32,"key":"SMITH"},{"data":"Summon_Vampire_Lady","floor":40,"key":"SMITH"},{"floor":49,"key":"RECALL"},{"data":"ReplayUltimateDefense","floor":52,"key":"SMITH"}],"circlet_count":0,"master_deck":["Scare","Negative_Energy_Sphere","Uncharnel","Negative_Energy_Burst","Negative_Energy_Burst","Toxic_Smoke_Screen","Necrotic_Claws","Summon_Lich","Uncharnel","Consume_Illness","infinitespire:Starlight+1","Cloudkill+1","Reap_The_Weak+1","Bone_Prison","Blood_Magic","Summon_Vampire_Lady+1","Blood_Curse","Summon_Vampire_Lady+1","Toxic_Smoke_Screen","Shade_Step","Toxic_Smoke_Screen","Spectral_Walk","Summon_Undead+1","Negative_Energy_Bomb","hubris:Fate","Negative_Energy_Shield","Summon_Undead+1","Requiem","Negative_Energy_Shield","Cloudkill","Pandemic+1","ReplayUltimateDefense+1","Grasp_Heart","Blood_Magic","Thinking Ahead","Hellfire"],"relics":["Vampire_Amulet","replay:Trail_Library","Darkstone Periapt","hubris:BottledRain","hubris:CuriousFeather","FossilizedHelix","sneckomod:SneckoTalon","Red Mask","MealTicket","Strange Spoon","Replay:WaspNest","MawBank","Runesmith:Nanobots","Replay:Bandana","conspire:SpecialSausage","hubris:Icosahedron","ReplayTheSpireMod:Ring of Collecting","Runesmith:AutoHammer","ReplayTheSpireMod:Ring of Addiction","Toy Ornithopter","White Beast Statue","bronze:BronzeIdol","hubris:DeckOfHolding","hubris:ToyBattleship","hubris:SphereOfDissonance","Bag of Marbles"],"acts_visited":["Exordium","TheCity","TheBeyond","TheEnding"],"potions_floor_usage":[13,16,16,23,23,35,41,41,46,47,48,50,50,55,55],"damage_taken":[{"damage":4,"enemies":"Jaw Worm","floor":1,"turns":3},{"damage":4,"enemies":"2 Louse","floor":3,"turns":2},{"damage":0,"enemies":"Cultist","floor":5,"turns":4},{"damage":24,"enemies":"Lagavulin","floor":6,"turns":6},{"damage":0,"enemies":"3 Louse","floor":10,"turns":1},{"damage":29,"enemies":"3 Sentries","floor":11,"turns":3},{"damage":34,"enemies":"Gremlin Nob","floor":13,"turns":5},{"damage":1,"enemies":"Looter","floor":14,"turns":4},{"damage":42,"enemies":"Fading Forest","floor":16,"turns":11},{"damage":19,"enemies":"Chosen","floor":18,"turns":3},{"damage":18,"enemies":"Spheric Guardian","floor":19,"turns":3},{"damage":34,"enemies":"Shelled Parasite and Fungi","floor":20,"turns":3},{"damage":11,"enemies":"3 Cultists","floor":21,"turns":4},{"damage":33,"enemies":"conspire:HollyBat","floor":22,"turns":6},{"damage":8,"enemies":"Masked Bandits","floor":23,"turns":3},{"damage":34,"enemies":"conspire:SneckoGhost","floor":24,"turns":4},{"damage":31,"enemies":"Snecko","floor":27,"turns":5},{"damage":4,"enemies":"Snake Plant","floor":28,"turns":4},{"damage":48,"enemies":"Book of Stabbing","floor":29,"turns":4},{"damage":49,"enemies":"Champ","floor":33,"turns":8},{"damage":1,"enemies":"3 Shapes","floor":35,"turns":3},{"damage":52,"enemies":"3 Darklings","floor":36,"turns":3},{"damage":45,"enemies":"Reptomancer","floor":41,"turns":6},{"damage":24,"enemies":"Transient","floor":42,"turns":5},{"damage":22,"enemies":"R_Hoarder","floor":46,"turns":7},{"damage":28,"enemies":"4 Shapes","floor":47,"turns":3},{"damage":43,"enemies":"Giant Head","floor":48,"turns":8},{"damage":21,"enemies":"Replay:Hell Engine","floor":50,"turns":3},{"damage":16,"enemies":"Shield and Spear","floor":54,"turns":4},{"damage":108,"enemies":"The Heart","floor":55,"turns":7}],"seed_played":"6695259854264341103","potions_obtained":[{"floor":6,"key":"CultistPotion"},{"floor":11,"key":"Elixir"},{"floor":13,"key":"EssenceOfSteel"},{"floor":19,"key":"Languid Potion"},{"floor":21,"key":"Weak Potion"},{"floor":22,"key":"FairyPotion"},{"floor":27,"key":"ColorlessPotion"},{"floor":29,"key":"Adrenaline Potion"},{"floor":36,"key":"Block Potion"},{"floor":41,"key":"sneckomod:MuddlingPotion"},{"floor":42,"key":"hexamod:SoulburnPotion"},{"floor":43,"key":"DistilledChaos"},{"floor":43,"key":"FearPotion"},{"floor":46,"key":"EssenceOfSteel"},{"floor":47,"key":"Doom Potion"},{"floor":48,"key":"Energy Potion"},{"floor":54,"key":"Death Potion"}],"is_trial":true,"path_per_floor":["M","?","M","?","M","E","R","?","T","M","E","R","E","M","R","B",null,"M","M","M","M","M","?","E","AVR","T","M","M","E","R","$","R","B",null,"M","M","?","?","?","R","E","M","T","$","AVR","E","M","E","R","B",null,"R","$","E","B",null],"character_chosen":"NECROMANCER","items_purchased":["Runesmith:Nanobots","Replay:Bandana","Swift Potion","bronze:BronzeIdol","ReplayUltimateDefense","Thinking Ahead","Regen Potion"],"campfire_rested":0,"item_purchase_floors":[31,31,31,44,44,53,53],"current_hp_per_floor":[73,54,54,54,56,64,64,64,64,70,61,61,47,75,75,70,75,67,60,48,58,63,67,59,59,59,66,75,59,59,74,74,65,75,75,49,49,49,49,49,72,75,75,75,75,75,75,61,61,62,75,75,75,67,36],"gold":68,"neow_bonus":"","is_daily":false,"chose_seed":false,"campfire_upgraded":6,"win_rate":0.0,"timestamp":1611787885,"path_taken":["M","?","M","?","M","E","R","?","T","?","E","R","E","M","R","BOSS","M","M","M","M","M","?","E","AVR","T","M","M","E","R","$","R","BOSS","M","M","?","?","?","R","E","M","T","?","AVR","E","M","E","R","BOSS","R","$","E","BOSS"],"items_purchased_type":["Relic","Relic","Potion","Relic","Card","Card","Potion"],"build_version":"2020-12-22","purchased_purges":1,"victory":true,"max_hp_per_floor":[75,75,75,75,75,75,75,75,75,75,75,75,75,75,75,75,75,75,75,75,75,75,75,75,75,75,75,75,75,75,75,75,75,75,75,75,75,75,75,75,75,75,75,75,75,75,75,75,75,75,75,75,75,73,73],"card_choices":[{"not_picked":["Negative_Energy_Sphere","Whirlwind_of_Bones"],"picked":"Consume_Illness","floor":1},{"not_picked":["infinitespire:Execution","infinitespire:TheBestDefense"],"picked":"infinitespire:Starlight","floor":2},{"not_picked":["Bone_Bullets","Death_March_Dance"],"picked":"Negative_Energy_Mist","floor":3},{"not_picked":["Shackles_Of_Pain","Blood_Curse","Consume_Illness"],"picked":"SKIP","floor":5},{"not_picked":["Reap_The_Weak","Summon_Death_Knight"],"picked":"Cloudkill","floor":6},{"not_picked":["Finger_Of_Death","Scare"],"picked":"Bone_Prison","floor":10},{"not_picked":["Negative_Energy_Bomb","Blood_Wake"],"picked":"Blood_Magic","floor":11},{"not_picked":["Cloudkill","Requiem"],"picked":"Summon_Vampire_Lady","floor":13},{"not_picked":["Strike_from_Beyond","Bone_Armor"],"picked":"Blood_Curse","floor":14},{"not_picked":["Skeleton_Dragon","Summon_Death_Knight"],"picked":"Summon_Vampire_Lady","floor":16},{"not_picked":["Death_Coil+1","Bone_Armor"],"picked":"Toxic_Smoke_Screen","floor":18},{"not_picked":["Blood_Shield","Negative_Energy_Mist","Life_Drain"],"picked":"SKIP","floor":19},{"not_picked":["Blood_Shield","Negative_Energy_Mist","Life_Drain"],"picked":"SKIP","floor":19},{"not_picked":["Flesh_Made_Foul","Whirlwind_of_Bones"],"picked":"Shade_Step","floor":20},{"not_picked":["Vampiric_Strike+1","Negative_Energy_Bomb"],"picked":"Toxic_Smoke_Screen","floor":21},{"not_picked":["Slay_Living","Chill_Blood"],"picked":"Spectral_Walk","floor":22},{"not_picked":["Chill_Blood","Bone_Spikes"],"picked":"Summon_Undead+1","floor":23},{"not_picked":["Cloudkill","Grasp_Heart"],"picked":"Negative_Energy_Bomb","floor":24},{"not_picked":["Negative_Energy_Mist","Shade_Step+1"],"picked":"Negative_Energy_Shield","floor":27},{"not_picked":["Consume_Illness+1","Epidemic+1"],"picked":"Summon_Undead","floor":28},{"not_picked":["Skeleton_Dragon","Grasp_Heart"],"picked":"Requiem","floor":29},{"not_picked":["Requiem","Blood_Wake"],"picked":"Cloudkill","floor":33},{"not_picked":["Chill_Blood","Finger_Of_Death+1","Scare"],"picked":"SKIP","floor":35},{"not_picked":["Bones_to_Steel","Shackles_Of_Pain","Bone_Armor+1"],"picked":"SKIP","floor":36},{"not_picked":["Reap_The_Weak","Cloudkill","Requiem"],"picked":"SKIP","floor":41},{"not_picked":["Reap_The_Weak","Cloudkill","Requiem"],"picked":"SKIP","floor":41},{"not_picked":["Finger_Of_Death","Slay_Living+1"],"picked":"Pandemic+1","floor":42},{"not_picked":["Negative_Energy_Bomb","Cloudkill"],"picked":"Grasp_Heart","floor":46},{"not_picked":["Vampiric_Strike","Consume_Illness","Negative_Energy_Mist"],"picked":"SKIP","floor":47},{"not_picked":["Negative_Energy_Bomb","Reap_The_Weak"],"picked":"Blood_Magic","floor":48},{"not_picked":["Blood_Magic","Summon_Death_Knight"],"picked":"Hellfire","floor":54}],"player_experience":467313,"relics_obtained":[{"floor":6,"key":"Darkstone Periapt"},{"floor":9,"key":"hubris:BottledRain"},{"floor":11,"key":"hubris:CuriousFeather"},{"floor":13,"key":"FossilizedHelix"},{"floor":23,"key":"Red Mask"},{"floor":24,"key":"MealTicket"},{"floor":26,"key":"Replay:WaspNest"},{"floor":29,"key":"MawBank"},{"floor":39,"key":"ReplayTheSpireMod:Ring of Collecting"},{"floor":41,"key":"Runesmith:AutoHammer"},{"floor":43,"key":"ReplayTheSpireMod:Ring of Addiction"},{"floor":43,"key":"Toy Ornithopter"},{"floor":43,"key":"White Beast Statue"},{"floor":46,"key":"hubris:ToyBattleship"},{"floor":48,"key":"hubris:SphereOfDissonance"},{"floor":54,"key":"Bag of Marbles"}],"event_choices":[{"damage_healed":0,"gold_gain":0,"cards_transformed":["Negative_Energy_Mist"],"player_choice":"Transformed","damage_taken":0,"max_hp_gain":0,"max_hp_loss":0,"event_name":"Transmorgrifier","floor":8,"gold_loss":0,"cards_obtained":["Reap_The_Weak"]},{"damage_healed":0,"gold_gain":0,"player_choice":"Fought Bandits","damage_taken":0,"max_hp_gain":0,"max_hp_loss":0,"event_name":"Masked Bandits","floor":23,"gold_loss":0},{"damage_healed":0,"gold_gain":222,"player_choice":"Wore Mask","damage_taken":0,"max_hp_gain":0,"max_hp_loss":0,"event_name":"Tomb of Lord Red Mask","floor":37,"gold_loss":0}],"is_beta":false,"boss_relics":[{"not_picked":["hubris:VirtuousBlindfold","Astrolabe"],"picked":"sneckomod:SneckoTalon"},{"not_picked":["Runesmith:UraniumAnvil","Honey Jar"],"picked":"conspire:SpecialSausage"}],"items_purged_floors":[44],"is_endless":false,"potions_floor_spawned":[6,11,13,19,21,22,27,29,36,41,42,46,47,48,54],"ascension_level":4}}