{"host":"8xi53560pl5zaoq2","time":1611717833,"event":{"mods":["BaseMod","Bestiary","Colored Map","Highlight Path","Minty Spire (QoL Compilation)","StSLib","Synergy Search"],"gold_per_floor":[11,24,38,38,52,52,80,80,80,90,119,119,134,147,147,243,243,261,293,91,104,114,114,146,146,146],"floor_reached":25,"language":"ENG","playtime":1857,"items_purged":[],"score":390,"play_id":"f29969cb-79ac-4e15-a9f2-f3f3f2312f84","local_time":"20210126202353","is_ascension_mode":true,"campfire_choices":[{"data":"Study","floor":6.0,"key":"SMITH"},{"data":"Eruption","floor":8.0,"key":"SMITH"},{"data":"Vigilance","floor":12.0,"key":"SMITH"},{"data":"Vault","floor":15.0,"key":"SMITH"},{"data":"Omniscience","floor":23,"key":"SMITH"}],"circlet_count":0,"master_deck":["AscendersBane","Strike_P","Defend_P","Defend_P","Eruption+1","Vigilance+1","Consecrate","BattleHymn","CutThroughFate","Study+1","Prostrate","EmptyBody","Protect","Vault+1","Establishment","ThirdEye+1","SpiritShield+1","SignatureMove+1","CrushJoints+1","Protect","FlyingSleeves","Omniscience+1","Halt+1"],"relics":["PureWater","Darkstone Periapt","Ornamental Fan","Meat on the Bone","Astrolabe","Red Mask","Akabeko","Turnip"],"acts_visited":["Exordium","TheCity"],"potions_floor_usage":[19,25],"damage_taken":[{"damage":0.0,"enemies":"Cultist","floor":1.0,"turns":3.0},{"damage":2.0,"enemies":"Jaw Worm","floor":2.0,"turns":3.0},{"damage":0.0,"enemies":"Small Slimes","floor":3.0,"turns":2.0},{"damage":0.0,"enemies":"Blue Slaver","floor":5.0,"turns":3.0},{"damage":16.0,"enemies":"Gremlin Nob","floor":7.0,"turns":3.0},{"damage":0.0,"enemies":"Exordium Thugs","floor":10.0,"turns":3.0},{"damage":7.0,"enemies":"Lagavulin","floor":11.0,"turns":6.0},{"damage":30.0,"enemies":"3 Louse","floor":13.0,"turns":3.0},{"damage":6.0,"enemies":"Blue Slaver","floor":14.0,"turns":4.0},{"damage":17.0,"enemies":"The Guardian","floor":16.0,"turns":7.0},{"damage":8,"enemies":"Chosen","floor":18,"turns":6},{"damage":33,"enemies":"Masked Bandits","floor":19,"turns":7},{"damage":0,"enemies":"Spheric Guardian","floor":21,"turns":6},{"damage":11,"enemies":"Shelled Parasite and Fungi","floor":22,"turns":5},{"damage":2,"enemies":"Gremlin Leader","floor":24,"turns":6},{"damage":16,"enemies":"3 Cultists","floor":25,"turns":6}],"seed_played":"-728783881514374848","potions_obtained":[{"floor":5.0,"key":"EntropicBrew"},{"floor":7.0,"key":"Energy Potion"},{"floor":13.0,"key":"Regen Potion"},{"floor":14.0,"key":"EssenceOfSteel"},{"floor":16.0,"key":"CultistPotion"},{"floor":22,"key":"SpeedPotion"}],"is_trial":false,"path_per_floor":["M","M","M","$","M","R","E","R","T","M","E","R","M","M","R","B",null,"M","?","$","M","M","R","E","M"],"character_chosen":"WATCHER","items_purchased":["Akabeko","FlyingSleeves"],"campfire_rested":0,"item_purchase_floors":[20,20],"current_hp_per_floor":[65,63,63,63,63,63,47,47,47,47,40,40,22,40,40,35,63,55,34,34,46,47,47,45,29,29],"gold":146,"neow_bonus":"REMOVE_TWO","is_daily":false,"chose_seed":false,"campfire_upgraded":5,"win_rate":0.0,"timestamp":1611717833,"path_taken":["M","M","M","$","?","R","E","R","T","M","E","R","M","M","R","BOSS","M","?","?","M","?","R","E","M"],"items_purchased_type":["Relic","Card"],"build_version":"2020-12-22","purchased_purges":0,"victory":false,"max_hp_per_floor":[72,72,72,72,72,72,72,72,72,72,72,72,72,72,72,72,72,72,72,72,72,72,72,72,72,72],"card_choices":[{"not_picked":["Halt","CutThroughFate"],"picked":"Consecrate","floor":1.0},{"not_picked":["Halt","CutThroughFate"],"picked":"BattleHymn","floor":2.0},{"not_picked":["Crescendo","Consecrate"],"picked":"CutThroughFate","floor":3.0},{"not_picked":["WheelKick","Protect"],"picked":"Study","floor":5.0},{"not_picked":["Consecrate","JustLucky"],"picked":"Prostrate","floor":7.0},{"not_picked":["Tantrum","SashWhip"],"picked":"EmptyBody","floor":10.0},{"not_picked":["Study","WheelKick","InnerPeace"],"picked":"SKIP","floor":11.0},{"not_picked":["ClearTheMind","Evaluate"],"picked":"Protect","floor":13.0},{"not_picked":["Fasting2","Crescendo"],"picked":"Vault","floor":14.0},{"not_picked":["Vault","Blasphemy"],"picked":"Establishment","floor":16.0},{"not_picked":["JustLucky","Meditate"],"picked":"CrushJoints+1","floor":18},{"not_picked":["CutThroughFate","BowlingBash"],"picked":"Protect","floor":19},{"not_picked":["FlurryOfBlows","EmptyFist+1"],"picked":"Omniscience","floor":21},{"not_picked":["FlurryOfBlows","Fasting2+1"],"picked":"Halt+1","floor":22},{"not_picked":["FollowUp","Swivel","Halt"],"picked":"SKIP","floor":24}],"player_experience":1308529,"relics_obtained":[{"floor":7.0,"key":"Darkstone Periapt"},{"floor":9.0,"key":"Ornamental Fan"},{"floor":11.0,"key":"Meat on the Bone"},{"floor":19,"key":"Red Mask"},{"floor":24,"key":"Turnip"}],"event_choices":[{"damage_healed":0,"gold_gain":0,"player_choice":"Fought Bandits","damage_taken":0,"max_hp_gain":0,"max_hp_loss":0,"event_name":"Masked Bandits","floor":19,"gold_loss":0}],"is_beta":false,"boss_relics":[{"not_picked":["SacredBark","Velvet Choker"],"picked":"Astrolabe"}],"items_purged_floors":[],"is_endless":false,"potions_floor_spawned":[5,7,13,14,16,22],"killed_by":"3 Cultists","ascension_level":10}}