{"host":"eswokialmqjd9jwx","time":1611736343,"event":{"mods":["AchievementEnabler","BaseMod","Colored Map","DeckTracker","KOR Keyword Fix","Minty Spire (QoL Compilation)","StSLib","SuperFastMode"],"gold_per_floor":[117,136,153,168,185,185,210,223,269,286,301,62,62,95,95,95,95],"floor_reached":16,"language":"KOR","playtime":462,"items_purged":["Strike_R"],"score":232,"play_id":"a5d52e7f-191e-4888-94a0-c219695cee37","local_time":"20210127173223","is_ascension_mode":true,"campfire_choices":[{"data":"Carnage","floor":6,"key":"SMITH"},{"data":"Pommel Strike","floor":15,"key":"SMITH"}],"circlet_count":0,"master_deck":["AscendersBane","Strike_R","Strike_R","Defend_R","Defend_R","Defend_R","Bash","Ghostly Armor","Feel No Pain","Anger","Carnage+1","Shrug It Off","Power Through","Blood for Blood","Twin Strike","Double Tap","Pommel Strike+1","Cleave"],"relics":["Burning Blood","Omamori","MealTicket","Art of War"],"acts_visited":["Exordium"],"potions_floor_usage":[5,7,8,14],"damage_taken":[{"damage":9,"enemies":"Small Slimes","floor":1,"turns":5},{"damage":10,"enemies":"2 Louse","floor":2,"turns":2},{"damage":7,"enemies":"Jaw Worm","floor":3,"turns":2},{"damage":1,"enemies":"3 Louse","floor":4,"turns":4},{"damage":22,"enemies":"Gremlin Gang","floor":5,"turns":4},{"damage":28,"enemies":"Gremlin Nob","floor":7,"turns":4},{"damage":13,"enemies":"Lots of Slimes","floor":8,"turns":6},{"damage":1,"enemies":"3 Louse","floor":10,"turns":4},{"damage":0,"enemies":"Blue Slaver","floor":11,"turns":4},{"damage":17,"enemies":"Lagavulin","floor":14,"turns":4},{"damage":23,"enemies":"Slime Boss","floor":16,"turns":7}],"seed_played":"6655393303145830921","potions_obtained":[{"floor":2,"key":"Energy Potion"},{"floor":4,"key":"SkillPotion"},{"floor":5,"key":"DistilledChaos"},{"floor":7,"key":"BlessingOfTheForge"}],"is_trial":false,"path_per_floor":["M","M","M","M","M","R","E","M","T","M","M","$","?","E","R","B"],"character_chosen":"IRONCLAD","items_purchased":["Double Tap"],"campfire_rested":0,"item_purchase_floors":[12],"current_hp_per_floor":[65,61,60,65,49,49,27,20,20,25,31,46,46,35,35,12,12],"gold":95,"neow_bonus":"TRANSFORM_TWO_CARDS","is_daily":false,"chose_seed":false,"campfire_upgraded":2,"win_rate":0.0,"timestamp":1611736343,"path_taken":["M","M","M","M","M","R","E","M","T","M","M","$","?","E","R","BOSS"],"items_purchased_type":["Card"],"build_version":"2020-12-22","purchased_purges":1,"victory":false,"max_hp_per_floor":[68,68,68,68,68,68,68,68,68,68,68,68,68,68,68,68,68],"card_choices":[{"not_picked":["Flex","True Grit"],"picked":"Anger","floor":1},{"not_picked":["Thunderclap","Cleave"],"picked":"Carnage","floor":2},{"not_picked":["Wild Strike","Anger"],"picked":"Shrug It Off","floor":3},{"not_picked":["Metallicize","Inflame","Infernal Blade"],"picked":"SKIP","floor":4},{"not_picked":["Clothesline","True Grit"],"picked":"Power Through","floor":5},{"not_picked":["Cleave","Reaper","Impervious"],"picked":"SKIP","floor":7},{"not_picked":["Havoc","Headbutt"],"picked":"Blood for Blood","floor":8},{"not_picked":["Rage","Heavy Blade"],"picked":"Twin Strike","floor":10},{"not_picked":["Armaments","Sword Boomerang","Power Through"],"picked":"SKIP","floor":11},{"not_picked":["Havoc","Feel No Pain"],"picked":"Cleave","floor":14}],"player_experience":1167418,"relics_obtained":[{"floor":7,"key":"Omamori"},{"floor":9,"key":"MealTicket"},{"floor":14,"key":"Art of War"}],"event_choices":[{"damage_healed":0,"gold_gain":0,"cards_transformed":["Strike_R"],"player_choice":"Change","damage_taken":0,"max_hp_gain":0,"max_hp_loss":0,"event_name":"Living Wall","floor":13,"gold_loss":0,"cards_obtained":["Pommel Strike"]}],"is_beta":false,"boss_relics":[],"items_purged_floors":[12],"is_endless":false,"potions_floor_spawned":[2,4,5,7],"killed_by":"Slime Boss","ascension_level":20}}