{"host":"fzjysjq26ryju8gm","time":1611751086,"event":{"mods":["BaseMod","BetterRewards","CapriCore","Downfall","Koishi","Minty Spire (QoL Compilation)","Replay The Spire","Shop Mod","StSLib","The Immortal","Yakumo Yukari mod","[IsaacMod]以撒尖塔","篝火指南"],"gold_per_floor":[99,99,274,291,309,329,356,411,438,470,493,32,64,89,118,229,229,129,164,190,190,190,190,190,222,253,280,288,288,288],"floor_reached":28,"language":"ZHS","playtime":1802,"items_purged":["Doubt"],"score":290,"play_id":"1ef1d756-bd30-47b3-a3cc-f8a6ec099b11","local_time":"20210127203806","is_ascension_mode":true,"campfire_choices":[{"data":"MokouMod:FusionFlare","floor":1.0,"key":"SMITH"},{"data":"MokouMod:WarmUp","floor":18,"key":"SMITH"}],"circlet_count":0,"master_deck":["MokouMod:Strike+1","MokouMod:Strike+1","MokouMod:Strike+1","MokouMod:Strike+1","MokouMod:Defend+1","MokouMod:Defend+1","MokouMod:Defend+1","MokouMod:HeatSpark","MokouMod:FusionFlare+1","MokouMod:HeatTransfer","MokouMod:ImperishableFlame","MokouMod:FlamingFireTalons","MokouMod:Scorch","MokouMod:WarmUp+1","Mayhem","Forethought","MokouMod:Meltdown","MokouMod:SearingShot","MokouMod:Geothermal","AbeCurse","MokouMod:ImperishableFlame","MokouMod:BurningDraft","MokouMod:Firecracker+1","MokouMod:RadiantBlade","MokouMod:SubterraneanCore"],"relics":["MokouMod:PhoenixFeather","HushsDoor","BookOfRevelations","Replay:Bandana","ReplayTheSpireMod:ShopPack","TheBible","Replay:Baseball","Abe\u0027s Treasure","downfall:HeartBlessingBlue","Replay:Bottled Flurry"],"acts_visited":["Exordium","TheCity"],"potions_floor_usage":[9,12,16,16,26,27,28],"damage_taken":[{"damage":0,"enemies":"2 Louse","floor":4,"turns":3},{"damage":1,"enemies":"Jaw Worm","floor":5,"turns":2},{"damage":10,"enemies":"Small Slimes","floor":6,"turns":4},{"damage":0,"enemies":"3 Louse","floor":9,"turns":3},{"damage":16,"enemies":"Large Slime","floor":10,"turns":5},{"damage":9,"enemies":"2 Fungi Beasts","floor":11,"turns":4},{"damage":10,"enemies":"downfall:FleeingMerchant","floor":12,"turns":4},{"damage":0,"enemies":"Lagavulin","floor":13,"turns":3},{"damage":16,"enemies":"Blue Slaver","floor":14,"turns":5},{"damage":8,"enemies":"Exordium Wildlife","floor":15,"turns":4},{"damage":8,"enemies":"WA_ARCHETYPE_RETAIN","floor":16,"turns":7},{"damage":5,"enemies":"Chosen","floor":19,"turns":3},{"damage":35,"enemies":"Snake Plant","floor":20,"turns":5},{"damage":38,"enemies":"Centurion and Healer","floor":25,"turns":7},{"damage":46,"enemies":"Shelled Parasite and Fungi","floor":26,"turns":8},{"damage":2,"enemies":"Sentry and Sphere","floor":27,"turns":3},{"damage":6,"enemies":"Centurion and Healer","floor":28,"turns":2}],"seed_played":"-8984945363570100701","potions_obtained":[{"floor":4,"key":"bronze:BurnAndBuffPotion"},{"floor":5,"key":"Swift Potion"},{"floor":6,"key":"AttackPotion"},{"floor":14,"key":"PowerPotion"},{"floor":15,"key":"FearPotion"},{"floor":20,"key":"Elixir"},{"floor":22,"key":"CultistPotion"}],"is_trial":false,"path_per_floor":["R","?","?","M","M","M","T","T","M","M","M","$","E","M","M","B",null,"R","M","M","?","?","?","T","M","M","M","M"],"character_chosen":"MKU","items_purchased":["ReplayTheSpireMod:ShopPack","TheBible"],"campfire_rested":0,"item_purchase_floors":[12,12],"current_hp_per_floor":[68,73,73,73,72,62,62,62,62,46,37,27,27,11,3,18,73,83,78,43,43,43,43,43,5,6,4,0,0,0],"gold":288,"neow_bonus":"TRANSFORM_TWO_CARDS","is_daily":false,"chose_seed":false,"campfire_upgraded":2,"win_rate":0.0,"timestamp":1611751086,"path_taken":["R","?","?","M","M","M","T","?","M","M","M","$","E","M","M","BOSS","R","M","M","?","?","?","T","M","?","M","M"],"items_purchased_type":["Relic","Relic"],"build_version":"2020-12-22","purchased_purges":1,"victory":false,"max_hp_per_floor":[68,73,73,73,73,73,73,73,73,73,73,73,73,73,73,73,73,83,83,83,83,83,83,83,83,83,83,83,83,83],"card_choices":[{"not_picked":["MokouMod:AdaptivePyromancy","MokouMod:HeatFactory"],"picked":"MokouMod:ImperishableFlame","floor":4},{"not_picked":["MokouMod:BurningDraft","MokouMod:BlazingComet","MokouMod:ProfanedFlare"],"picked":"SKIP","floor":5},{"not_picked":["MokouMod:TemporalFireSeal","MokouMod:SearingShot","MokouMod:UncontrollableSolarReaction"],"picked":"SKIP","floor":6},{"not_picked":["MokouMod:HeatFactory","MokouMod:EternalBurstReactor"],"picked":"MokouMod:FlamingFireTalons","floor":9},{"not_picked":["MokouMod:Extinguish","MokouMod:IndiscriminateIgnition","MokouMod:UncontrollableSolarReaction"],"picked":"SKIP","floor":10},{"not_picked":["MokouMod:TemporalFireSeal","MokouMod:FlareStarter"],"picked":"MokouMod:Scorch","floor":11},{"not_picked":["MokouMod:Sear","MokouMod:HeartofFire"],"picked":"MokouMod:WarmUp","floor":12},{"not_picked":["Panache","Thinking Ahead"],"picked":"Mayhem","floor":12},{"not_picked":["Mind Blast","Secret Technique"],"picked":"Forethought","floor":12},{"not_picked":["ReplayTheSpireMod:Trickstab","Crow Ritual"],"picked":"ChaosCard","floor":12},{"not_picked":["MokouMod:EternalBurstReactor","MokouMod:Sear"],"picked":"MokouMod:Meltdown","floor":13},{"not_picked":["MokouMod:FujiyamaVolcano","MokouMod:FlickeringFlame"],"picked":"MokouMod:SearingShot","floor":14},{"not_picked":["MokouMod:Combust","MokouMod:RoaringFlare","MokouMod:Meltdown"],"picked":"SKIP","floor":15},{"not_picked":["MokouMod:EnchantingBambooForest","MokouMod:Extinguish"],"picked":"MokouMod:Geothermal","floor":16},{"not_picked":["MokouMod:EternalBurstReactor","MokouMod:Singe"],"picked":"MokouMod:ImperishableFlame","floor":19},{"not_picked":["MokouMod:FujiyamaVolcano","MokouMod:InfernalWave"],"picked":"MokouMod:BurningDraft","floor":20},{"not_picked":["MokouMod:Meltdown","MokouMod:ResoluteFlare"],"picked":"MokouMod:Firecracker+1","floor":25},{"not_picked":["MokouMod:SearingShot","MokouMod:ScorchingColumn"],"picked":"MokouMod:RadiantBlade","floor":26},{"not_picked":["MokouMod:Singe+1","MokouMod:ProfanedFlare"],"picked":"MokouMod:SubterraneanCore","floor":27}],"player_experience":736917,"relics_obtained":[{"floor":8,"key":"Replay:Bandana"},{"floor":13,"key":"Replay:Baseball"},{"floor":24,"key":"Replay:Bottled Flurry"}],"event_choices":[{"damage_healed":0,"gold_gain":0,"player_choice":"Donut","damage_taken":0,"max_hp_gain":5,"max_hp_loss":0,"event_name":"Big Fish","floor":2,"gold_loss":0},{"damage_healed":0,"gold_gain":0,"player_choice":"Simplicity","damage_taken":0,"max_hp_gain":0,"max_hp_loss":0,"event_name":"Back to Basics","floor":21,"gold_loss":0,"cards_upgraded":["MokouMod:Strike","MokouMod:Strike","MokouMod:Strike","MokouMod:Strike","MokouMod:Defend","MokouMod:Defend","MokouMod:Defend"]},{"damage_healed":0,"gold_gain":0,"player_choice":"Ignored","damage_taken":0,"max_hp_gain":0,"max_hp_loss":0,"event_name":"Vampires","floor":23,"gold_loss":0}],"is_beta":false,"boss_relics":[{"not_picked":["Pandora\u0027s Box","SacredBark"],"picked":"Abe\u0027s Treasure"},{"not_picked":[]}],"items_purged_floors":[12],"is_endless":false,"potions_floor_spawned":[4,5,6,14,15,20,25],"killed_by":"Centurion and Healer","ascension_level":1}}