{"host":"rb2p2z6v6vieend5","time":1611766103,"event":{"mods":["BaseMod","Block Reminder","Colored Map","DeckTracker","Highlight Path","Minty Spire (QoL Compilation)","Random Character Button","Relic Stats"],"gold_per_floor":[114,189,189,204,204,204,237,248,248,56,56,88,38,65,65,162,162,181,181,25,25,0,0,0,0],"floor_reached":24,"language":"ENG","playtime":1074,"items_purged":["Strike_B","Strike_B"],"score":281,"play_id":"0decac0b-27c7-4e90-b62b-cd70a67dc542","local_time":"20210127174823","is_ascension_mode":true,"campfire_choices":[{"data":"Zap","floor":6,"key":"SMITH"},{"data":"Defragment","floor":11,"key":"SMITH"},{"floor":15,"key":"REST"},{"data":"Creative AI","floor":23,"key":"SMITH"}],"circlet_count":0,"master_deck":["Strike_B","Defend_B","Defend_B","Defend_B","Defend_B","Zap+1","Dualcast","Leap","Cold Snap","Defragment+1","BootSequence","Electrodynamics","Creative AI+1"],"relics":["Cracked Core","Smiling Mask","Symbiotic Virus","Bottled Flame","InkBottle","Orichalcum","Black Star","Toxic Egg 2","PreservedInsect","Nilry\u0027s Codex"],"acts_visited":["Exordium","TheCity"],"potions_floor_usage":[],"damage_taken":[{"damage":2,"enemies":"Jaw Worm","floor":1,"turns":4},{"damage":0,"enemies":"Small Slimes","floor":4,"turns":3},{"damage":12,"enemies":"Lagavulin","floor":7,"turns":7},{"damage":0,"enemies":"Cultist","floor":8,"turns":3},{"damage":14,"enemies":"Gremlin Nob","floor":12,"turns":4},{"damage":6,"enemies":"3 Sentries","floor":14,"turns":4},{"damage":15,"enemies":"The Guardian","floor":16,"turns":12},{"damage":13,"enemies":"Spheric Guardian","floor":18,"turns":4},{"damage":34,"enemies":"Gremlin Leader","floor":24,"turns":3}],"seed_played":"-2515666715315789159","potions_obtained":[{"floor":7,"key":"Ancient Potion"},{"floor":12,"key":"SteroidPotion"},{"floor":14,"key":"FearPotion"},{"floor":16,"key":"Regen Potion"}],"is_trial":false,"path_per_floor":["M","?","?","M","?","R","E","M","T","$","R","E","$","E","R","B",null,"M","T","$","?","?","R","E"],"character_chosen":"DEFECT","items_purchased":["Defragment","BootSequence","PreservedInsect"],"campfire_rested":1,"item_purchase_floors":[10,10,20],"current_hp_per_floor":[66,55,55,55,48,48,36,36,36,36,36,22,22,16,38,23,62,49,49,49,33,33,33,0,0],"gold":0,"neow_bonus":"RANDOM_COMMON_RELIC","is_daily":false,"chose_seed":false,"campfire_upgraded":3,"win_rate":0.0,"timestamp":1611766103,"path_taken":["M","?","?","M","?","R","E","M","T","?","R","E","$","E","R","BOSS","M","?","$","?","?","R","E"],"items_purchased_type":["Card","Card","Relic"],"build_version":"2020-12-22","purchased_purges":2,"victory":false,"max_hp_per_floor":[75,75,75,75,75,75,75,75,75,75,75,75,75,75,75,75,75,75,75,75,75,75,75,75,75],"relic_stats":{"counters":[9,44],"PreservedInsect":47,"Black Star":0,"Orichalcum":[30],"Smiling Mask":75,"obtain_stats":[{"Bottled Flame":9,"Nilry\u0027s Codex":21,"PreservedInsect":20,"Black Star":17,"Orichalcum":14,"Toxic Egg 2":19,"Cracked Core":0,"Smiling Mask":0,"Symbiotic Virus":7,"InkBottle":12},{"Bottled Flame":4,"Nilry\u0027s Codex":8,"PreservedInsect":8,"Black Star":7,"Orichalcum":6,"Toxic Egg 2":8,"Cracked Core":0,"Smiling Mask":0,"Symbiotic Virus":3,"InkBottle":5},{"Bottled Flame":17,"Nilry\u0027s Codex":41,"PreservedInsect":41,"Black Star":37,"Orichalcum":25,"Toxic Egg 2":41,"Cracked Core":0,"Smiling Mask":0,"Symbiotic Virus":14,"InkBottle":21}],"InkBottle":[6]},"card_choices":[{"not_picked":["Compile Driver","Lockon","Beam Cell"],"picked":"SKIP","floor":1},{"not_picked":["Sweeping Beam","Loop"],"picked":"Leap","floor":4},{"not_picked":["Barrage","Skim"],"picked":"Cold Snap","floor":7},{"not_picked":["Sweeping Beam","Go for the Eyes","Rebound"],"picked":"SKIP","floor":8},{"not_picked":["Lockon","FTL"],"picked":"Electrodynamics","floor":12},{"not_picked":["Hologram","Turbo","Barrage"],"picked":"SKIP","floor":14},{"not_picked":["Reboot","Amplify"],"picked":"Creative AI","floor":16},{"not_picked":["Leap","Force Field","Barrage"],"picked":"SKIP","floor":18}],"player_experience":623265,"relics_obtained":[{"floor":7,"key":"Symbiotic Virus"},{"floor":9,"key":"Bottled Flame"},{"floor":12,"key":"InkBottle"},{"floor":14,"key":"Orichalcum"},{"floor":19,"key":"Toxic Egg 2"},{"floor":21,"key":"Nilry\u0027s Codex"}],"event_choices":[{"damage_healed":0,"gold_gain":75,"player_choice":"Gather Gold","damage_taken":11,"max_hp_gain":0,"max_hp_loss":0,"event_name":"World of Goop","floor":2,"gold_loss":0},{"damage_healed":0,"gold_gain":0,"player_choice":"Ignored","damage_taken":0,"max_hp_gain":0,"max_hp_loss":0,"event_name":"Liars Game","floor":3,"gold_loss":0},{"cards_removed":["Strike_B"],"damage_healed":0,"gold_gain":0,"player_choice":"Card Removal","damage_taken":7,"max_hp_gain":0,"max_hp_loss":0,"event_name":"Golden Wing","floor":5,"gold_loss":0},{"damage_healed":0,"gold_gain":0,"player_choice":"Obtained Book","damage_taken":16,"max_hp_gain":0,"max_hp_loss":0,"event_name":"Cursed Tome","floor":21,"gold_loss":0},{"damage_healed":0,"gold_gain":0,"player_choice":"Paid Fearfully","damage_taken":0,"max_hp_gain":0,"max_hp_loss":0,"event_name":"Masked Bandits","floor":22,"gold_loss":25}],"is_beta":false,"boss_relics":[{"not_picked":["Calling Bell","Busted Crown"],"picked":"Black Star"}],"items_purged_floors":[10,13],"is_endless":false,"potions_floor_spawned":[7,12,14,16],"killed_by":"Gremlin Leader","ascension_level":7}}