{"host":"2fgwwnzqc97k7iys","time":1611770656,"event":{"mods":["BaseMod","Colored Map","Minty Spire (QoL Compilation)","Quick Restart","Relic Stats"],"gold_per_floor":[109,59,59,73,85,85,110,110,135,169,180,212,229,246,246,348,348,363,391,66,66,84,84,118,118,118,118,118,146,146,179,179,274,274,293,293,313,40,50,79,79,97,121,175,191,413,432,457,457,457],"floor_reached":51,"language":"ENG","playtime":3820,"items_purged":[],"score":1124,"play_id":"9f65adf9-6c02-4684-a841-97c15d5f38b5","local_time":"20210127120416","is_ascension_mode":true,"campfire_choices":[{"data":"Perfected Strike","floor":6,"key":"SMITH"},{"data":"Bash","floor":8,"key":"SMITH"},{"data":"Perfected Strike","floor":15,"key":"SMITH"},{"floor":23,"key":"RECALL"},{"floor":28,"key":"REST"},{"floor":32,"key":"REST"},{"floor":41,"key":"REST"},{"floor":49,"key":"REST"}],"circlet_count":0,"master_deck":["Strike_R+1","Strike_R+1","Strike_R+1","Strike_R+1","Strike_R+1","Defend_R+1","Defend_R+1","Defend_R+1","Bash+1","Perfected Strike+1","Seeing Red","Warcry","Offering","Dark Embrace","Perfected Strike+1","Pommel Strike+1","Violence","RitualDagger+1","Infernal Blade+1","Pommel Strike+1","Double Tap","Armaments+1","Madness","Madness","Warcry+1","Good Instincts","Thinking Ahead","Flame Barrier","Offering","Offering"],"relics":["Burning Blood","Red Skull","FossilizedHelix","Bag of Marbles","Vajra","Anchor","Fusion Hammer","Red Mask","Strange Spoon","Frozen Egg 2","Bottled Lightning","Bottled Flame","Bronze Scales","Smiling Mask","Runic Pyramid","Whetstone","StoneCalendar","Shuriken"],"acts_visited":["Exordium","TheCity","TheBeyond"],"potions_floor_usage":[7,50],"damage_taken":[{"damage":2,"enemies":"2 Louse","floor":1,"turns":3},{"damage":9,"enemies":"Jaw Worm","floor":4,"turns":3},{"damage":9,"enemies":"Small Slimes","floor":5,"turns":4},{"damage":16,"enemies":"Gremlin Nob","floor":7,"turns":3},{"damage":21,"enemies":"3 Sentries","floor":10,"turns":7},{"damage":0,"enemies":"3 Louse","floor":11,"turns":3},{"damage":13,"enemies":"Gremlin Nob","floor":12,"turns":3},{"damage":0,"enemies":"Exordium Thugs","floor":13,"turns":3},{"damage":6,"enemies":"Gremlin Gang","floor":14,"turns":3},{"damage":43,"enemies":"The Guardian","floor":16,"turns":8},{"damage":0,"enemies":"Shell Parasite","floor":18,"turns":2},{"damage":12,"enemies":"Masked Bandits","floor":19,"turns":3},{"damage":0,"enemies":"Chosen","floor":22,"turns":2},{"damage":17,"enemies":"Slavers","floor":24,"turns":4},{"damage":5,"enemies":"Gremlin Leader","floor":29,"turns":3},{"damage":8,"enemies":"Book of Stabbing","floor":31,"turns":3},{"damage":48,"enemies":"Automaton","floor":33,"turns":6},{"damage":0,"enemies":"3 Shapes","floor":35,"turns":1},{"damage":0,"enemies":"Orb Walker","floor":37,"turns":1},{"damage":5,"enemies":"Sphere and 2 Shapes","floor":39,"turns":3},{"damage":8,"enemies":"Giant Head","floor":40,"turns":5},{"damage":10,"enemies":"Spire Growth","floor":42,"turns":4},{"damage":2,"enemies":"2 Orb Walkers","floor":44,"turns":3},{"damage":0,"enemies":"Writhing Mass","floor":45,"turns":1},{"damage":6,"enemies":"Jaw Worm Horde","floor":47,"turns":2},{"damage":12,"enemies":"Reptomancer","floor":48,"turns":3},{"damage":89,"enemies":"Awakened One","floor":50,"turns":8}],"seed_played":"5688353987223368371","potions_obtained":[{"floor":4,"key":"SneckoOil"},{"floor":5,"key":"ColorlessPotion"},{"floor":10,"key":"SmokeBomb"},{"floor":11,"key":"FairyPotion"},{"floor":14,"key":"PowerPotion"}],"is_trial":false,"path_per_floor":["M","?","?","M","M","R","E","R","T","E","M","E","M","M","R","B",null,"M","?","$","?","M","R","E","T","T","?","R","E","$","E","R","B",null,"M","?","M","$","M","E","R","M","T","?","M","?","M","E","R","B",null],"character_chosen":"IRONCLAD","items_purchased":["Strange Spoon","Violence","Good Instincts","Thinking Ahead"],"campfire_rested":4,"item_purchase_floors":[20,20,38,38],"current_hp_per_floor":[76,76,73,70,67,67,57,57,57,42,48,41,47,47,47,10,63,69,63,63,57,63,63,52,52,52,52,76,77,77,75,80,38,70,76,66,72,72,73,71,80,76,76,80,80,80,80,74,80,30],"gold":457,"neow_bonus":"THREE_CARDS","is_daily":false,"chose_seed":false,"campfire_upgraded":3,"win_rate":0.0,"timestamp":1611770656,"path_taken":["M","?","?","M","M","R","E","R","T","E","M","E","?","M","R","BOSS","M","?","$","?","M","R","E","?","T","?","R","E","?","E","R","BOSS","M","?","M","$","M","E","R","M","T","?","M","?","?","E","R","BOSS"],"items_purchased_type":["Relic","Card","Card","Card"],"build_version":"2020-12-22","purchased_purges":0,"victory":true,"max_hp_per_floor":[80,80,80,80,80,80,80,80,80,80,80,80,80,80,80,80,80,80,80,80,80,80,80,80,80,80,80,80,80,80,80,80,80,80,80,80,80,80,80,80,80,80,80,80,80,80,80,80,80,80],"relic_stats":{"Strange Spoon":[54],"counters":[27,94],"Shuriken":[7],"Bronze Scales":[75],"StoneCalendar":[52],"Whetstone":["RitualDagger","Pommel Strike"],"Smiling Mask":0,"obtain_stats":[{"Vajra":10,"StoneCalendar":44,"Whetstone":40,"Frozen Egg 2":24,"Smiling Mask":31,"Burning Blood":0,"Strange Spoon":20,"Anchor":12,"Bottled Flame":26,"Shuriken":48,"Bronze Scales":29,"Fusion Hammer":17,"Bag of Marbles":9,"Red Mask":19,"Bottled Lightning":25,"Red Skull":3,"FossilizedHelix":7,"Runic Pyramid":34},{"Vajra":5,"StoneCalendar":23,"Whetstone":21,"Frozen Egg 2":14,"Smiling Mask":16,"Burning Blood":0,"Strange Spoon":12,"Anchor":7,"Bottled Flame":14,"Shuriken":26,"Bronze Scales":15,"Fusion Hammer":10,"Bag of Marbles":4,"Red Mask":12,"Bottled Lightning":14,"Red Skull":1,"FossilizedHelix":4,"Runic Pyramid":17},{"Vajra":20,"StoneCalendar":80,"Whetstone":73,"Frozen Egg 2":51,"Smiling Mask":57,"Burning Blood":0,"Strange Spoon":45,"Anchor":26,"Bottled Flame":51,"Shuriken":86,"Bronze Scales":54,"Fusion Hammer":40,"Bag of Marbles":13,"Red Mask":45,"Bottled Lightning":51,"Red Skull":3,"FossilizedHelix":13,"Runic Pyramid":63}],"Burning Blood":156},"card_choices":[{"not_picked":["True Grit","Flex"],"picked":"Perfected Strike","floor":0},{"not_picked":["Thunderclap","Havoc"],"picked":"Seeing Red","floor":1},{"not_picked":["Flex","Burning Pact"],"picked":"Warcry","floor":4},{"not_picked":["Iron Wave","Havoc","True Grit"],"picked":"SKIP","floor":5},{"not_picked":["Clash","Limit Break"],"picked":"Offering","floor":7},{"not_picked":["Clothesline","Entrench","Dual Wield"],"picked":"SKIP","floor":10},{"not_picked":["Sentinel","Searing Blow"],"picked":"Dark Embrace","floor":11},{"not_picked":["Pummel","Sever Soul","Warcry"],"picked":"SKIP","floor":12},{"not_picked":["Iron Wave","True Grit"],"picked":"Perfected Strike","floor":13},{"not_picked":["Fiend Fire","Wild Strike"],"picked":"Pommel Strike","floor":14},{"not_picked":["Clothesline","Armaments","Iron Wave+1"],"picked":"SKIP","floor":18},{"not_picked":["Rage","Sever Soul","Clothesline"],"picked":"SKIP","floor":22},{"not_picked":["Body Slam","Reaper","Searing Blow+1"],"picked":"SKIP","floor":24},{"not_picked":["Ghostly Armor+1","Sever Soul"],"picked":"Infernal Blade+1","floor":29},{"not_picked":["Rage","Clothesline"],"picked":"Pommel Strike+1","floor":31},{"not_picked":["Demon Form+1","Limit Break"],"picked":"Double Tap","floor":33},{"not_picked":["Infernal Blade","Spot Weakness"],"picked":"Armaments+1","floor":35},{"not_picked":["Iron Wave+1","Body Slam+1"],"picked":"Warcry+1","floor":37},{"not_picked":["Flex+1","Body Slam","Havoc"],"picked":"SKIP","floor":39},{"not_picked":["Thunderclap+1","Whirlwind"],"picked":"Flame Barrier","floor":40},{"not_picked":["Twin Strike+1","Sword Boomerang","Clash+1"],"picked":"SKIP","floor":42},{"not_picked":["Havoc+1","Armaments"],"picked":"Offering","floor":44},{"not_picked":["Thunderclap","Heavy Blade","Metallicize+1"],"picked":"SKIP","floor":45},{"not_picked":["Clothesline","Flame Barrier+1","Twin Strike+1"],"picked":"SKIP","floor":47},{"not_picked":["Headbutt+1","Thunderclap"],"picked":"Offering","floor":48}],"player_experience":505598,"relics_obtained":[{"floor":7,"key":"FossilizedHelix"},{"floor":9,"key":"Bag of Marbles"},{"floor":10,"key":"Vajra"},{"floor":12,"key":"Anchor"},{"floor":19,"key":"Red Mask"},{"floor":24,"key":"Frozen Egg 2"},{"floor":25,"key":"Bottled Lightning"},{"floor":26,"key":"Bottled Flame"},{"floor":29,"key":"Bronze Scales"},{"floor":31,"key":"Smiling Mask"},{"floor":40,"key":"Whetstone"},{"floor":44,"key":"StoneCalendar"},{"floor":48,"key":"Shuriken"}],"event_choices":[{"cards_removed":["Defend_R"],"damage_healed":0,"gold_gain":0,"player_choice":"Card Removal","damage_taken":0,"max_hp_gain":0,"max_hp_loss":0,"event_name":"The Cleric","floor":2,"gold_loss":50},{"damage_healed":0,"gold_gain":0,"player_choice":"Success","damage_taken":3,"relics_obtained":["Red Skull"],"max_hp_gain":0,"max_hp_loss":0,"event_name":"Scrap Ooze","floor":3,"gold_loss":0},{"damage_healed":0,"gold_gain":0,"player_choice":"Fought Bandits","damage_taken":0,"max_hp_gain":0,"max_hp_loss":0,"event_name":"Masked Bandits","floor":19,"gold_loss":0},{"damage_healed":0,"gold_gain":0,"player_choice":"Joined the Cult","damage_taken":6,"max_hp_gain":0,"max_hp_loss":0,"event_name":"Nest","floor":21,"gold_loss":0,"cards_obtained":["RitualDagger"]},{"damage_healed":0,"gold_gain":0,"player_choice":"Simplicity","damage_taken":0,"max_hp_gain":0,"max_hp_loss":0,"event_name":"Back to Basics","floor":27,"gold_loss":0,"cards_upgraded":["Strike_R","Strike_R","Strike_R","Strike_R","Strike_R","Defend_R","Defend_R","Defend_R"]},{"damage_healed":0,"gold_gain":0,"player_choice":"Embrace Madness","damage_taken":10,"max_hp_gain":0,"max_hp_loss":0,"event_name":"Winding Halls","floor":36,"gold_loss":0,"cards_obtained":["Madness","Madness"]},{"damage_healed":0,"gold_gain":0,"player_choice":"Fight","damage_taken":0,"max_hp_gain":0,"max_hp_loss":0,"event_name":"Mysterious Sphere","floor":44,"gold_loss":0},{"damage_healed":0,"gold_gain":222,"player_choice":"Wore Mask","damage_taken":0,"max_hp_gain":0,"max_hp_loss":0,"event_name":"Tomb of Lord Red Mask","floor":46,"gold_loss":0}],"is_beta":false,"boss_relics":[{"not_picked":["Empty Cage","Velvet Choker"],"picked":"Fusion Hammer"},{"not_picked":["Black Star","Calling Bell"],"picked":"Runic Pyramid"}],"items_purged_floors":[],"is_endless":false,"potions_floor_spawned":[4,5,10,11,13,14,18,29,35,40,47],"ascension_level":9}}