{"host":"pqdmw9ziw952p6hk","time":1611788034,"event":{"mods":["BaseMod","Block Reminder","Colored Map","Minty Spire (QoL Compilation)","Permanent Neow","Quick Restart"],"gold_per_floor":[115,135,31,31,31,31,62,62,62,77,60,19,19,37,37,132,182,202,202,202,212,223,23,23,23,23,56,56,76,3,19,19,115,115,128,128,140,190,45,72,72,90,141,141,141,188,206,217,217,217],"floor_reached":51,"language":"ENG","playtime":3809,"items_purged":[],"score":695,"play_id":"c9e84578-bf89-4734-9b94-1e69163ba3dc","local_time":"20210127225354","is_ascension_mode":false,"campfire_choices":[{"data":"Survivor","floor":6.0,"key":"SMITH"},{"floor":15.0,"key":"REST"},{"data":"Envenom","floor":24,"key":"SMITH"},{"floor":28,"key":"REST"},{"floor":32,"key":"REST"},{"data":"A Thousand Cuts","floor":41,"key":"SMITH"},{"floor":44,"key":"REST"},{"floor":49,"key":"REST"}],"circlet_count":0,"master_deck":["Strike_G+1","Strike_G+1","Strike_G+1","Strike_G+1","Strike_G+1","Defend_G+1","Defend_G+1","Defend_G+1","Defend_G+1","Survivor+1","Neutralize+1","PiercingWail","Deadly Poison","Dagger Spray+1","Blade Dance","Backflip","Phantasmal Killer","Distraction","Terror","Envenom+1","Dagger Spray+1","Leg Sweep","Riddle With Holes","Expertise+1","Deflect","Noxious Fumes","Dash+1","A Thousand Cuts+1","Expertise+1","Blade Dance+1","Escape Plan+1","Writhe","Finisher+1","Blade Dance+1"],"relics":["Black Star","CaptainsWheel","InkBottle","FaceOfCleric","Kunai","Letter Opener","Tiny House","Medical Kit","Bottled Lightning","Strawberry","Lizard Tail","Philosopher\u0027s Stone","TungstenRod","Pen Nib","Question Card","Whetstone","Boot","Mango"],"acts_visited":["Exordium","TheCity","TheBeyond"],"potions_floor_usage":[27,33,40,40,42,50],"damage_taken":[{"damage":1.0,"enemies":"Small Slimes","floor":1.0,"turns":3.0},{"damage":4.0,"enemies":"2 Louse","floor":2.0,"turns":5.0},{"damage":34.0,"enemies":"Lagavulin","floor":7.0,"turns":7.0},{"damage":6.0,"enemies":"Cultist","floor":10.0,"turns":4.0},{"damage":9.0,"enemies":"Exordium Thugs","floor":11.0,"turns":4.0},{"damage":1.0,"enemies":"Large Slime","floor":14.0,"turns":6.0},{"damage":1.0,"enemies":"Slime Boss","floor":16.0,"turns":9.0},{"damage":3.0,"enemies":"Shell Parasite","floor":18.0,"turns":8.0},{"damage":10.0,"enemies":"Spheric Guardian","floor":21.0,"turns":7.0},{"damage":12.0,"enemies":"Centurion and Healer","floor":22.0,"turns":11.0},{"damage":28,"enemies":"Slavers","floor":27,"turns":5},{"damage":0,"enemies":"Snecko","floor":29,"turns":4},{"damage":21,"enemies":"3 Cultists","floor":31,"turns":6},{"damage":42,"enemies":"Automaton","floor":33,"turns":14},{"damage":13,"enemies":"Orb Walker","floor":35,"turns":4},{"damage":0,"enemies":"3 Shapes","floor":37,"turns":5},{"damage":0,"enemies":"Mind Bloom Boss Battle","floor":38,"turns":7},{"damage":33,"enemies":"Reptomancer","floor":40,"turns":9},{"damage":22,"enemies":"Transient","floor":42,"turns":5},{"damage":36,"enemies":"2 Orb Walkers","floor":46,"turns":6},{"damage":11,"enemies":"Sphere and 2 Shapes","floor":47,"turns":3},{"damage":9,"enemies":"4 Shapes","floor":48,"turns":5},{"damage":126,"enemies":"Donu and Deca","floor":50,"turns":11}],"seed_played":"-1978431381078151813","potions_obtained":[{"floor":14.0,"key":"LiquidBronze"},{"floor":17.0,"key":"SteroidPotion"},{"floor":18.0,"key":"Energy Potion"},{"floor":21.0,"key":"Strength Potion"},{"floor":29,"key":"SpeedPotion"},{"floor":31,"key":"Poison Potion"},{"floor":35,"key":"Fire Potion"},{"floor":40,"key":"Regen Potion"},{"floor":42,"key":"FearPotion"},{"floor":47,"key":"AttackPotion"}],"is_trial":false,"path_per_floor":["M","M","$","?","$","R","E","?","T","M","M","$","T","M","R","B",null,"M","?","?","M","M","$","R","?","T","E","R","M","$","M","R","B",null,"M","?","M","?","$","E","R","M","T","R","?","?","M","M","R","B",null],"character_chosen":"THE_SILENT","items_purchased":["Dagger Spray","AttackPotion","Distraction","Medical Kit","Deflect","Noxious Fumes","Pen Nib"],"campfire_rested":5,"item_purchase_floors":[3,3,12,23,23,30,39],"current_hp_per_floor":[69,65,65,65,65,65,31,31,31,26,18,18,18,18,39,39,79,77,77,77,68,57,57,57,57,57,37,64,65,65,45,72,31,93,81,81,82,83,83,51,51,45,45,74,98,77,67,59,93,33],"gold":217,"neow_bonus":"BOSS_RELIC","is_daily":false,"chose_seed":false,"campfire_upgraded":3,"win_rate":0.0,"timestamp":1611788034,"path_taken":["M","M","$","?","$","R","E","?","T","M","?","?","?","M","R","BOSS","M","?","?","M","M","$","R","?","T","E","R","M","$","M","R","BOSS","M","?","M","?","$","E","R","?","T","R","?","?","M","M","R","BOSS"],"items_purchased_type":["Card","Potion","Card","Relic","Card","Card","Relic"],"build_version":"2020-12-22","purchased_purges":0,"victory":true,"max_hp_per_floor":[70,70,70,70,70,70,70,70,70,71,72,72,72,73,73,74,79,80,80,80,81,82,82,82,82,82,90,90,91,91,92,92,93,93,94,94,95,96,96,97,97,98,98,98,98,113,114,115,115,116],"card_choices":[{"not_picked":["Backflip","Poisoned Stab"],"picked":"PiercingWail","floor":1.0},{"not_picked":["Endless Agony","Underhanded Strike"],"picked":"Deadly Poison","floor":2.0},{"not_picked":["Flying Knee","Dagger Throw"],"picked":"Blade Dance","floor":7.0},{"not_picked":["Flechettes","Deadly Poison"],"picked":"Backflip","floor":10.0},{"not_picked":["Flechettes","Sucker Punch"],"picked":"Phantasmal Killer","floor":11.0},{"not_picked":["Dagger Throw","Riddle With Holes"],"picked":"Terror","floor":14.0},{"not_picked":["Phantasmal Killer","Malaise"],"picked":"Envenom","floor":16.0},{"not_picked":["Masterful Stab","Flying Knee"],"picked":"Dagger Spray","floor":17.0},{"not_picked":["Slice","Backflip"],"picked":"Leg Sweep","floor":18.0},{"not_picked":["Underhanded Strike","Dagger Throw","PiercingWail"],"picked":"SKIP","floor":21.0},{"not_picked":["PiercingWail+1","Heel Hook+1"],"picked":"Expertise+1","floor":22},{"not_picked":["Flying Knee","Slice","Leg Sweep"],"picked":"SKIP","floor":27},{"not_picked":["Endless Agony","Quick Slash","Dagger Throw"],"picked":"SKIP","floor":29},{"not_picked":["Backstab+1","Venomology"],"picked":"Dash+1","floor":31},{"not_picked":["Phantasmal Killer","Glass Knife"],"picked":"A Thousand Cuts","floor":33},{"not_picked":["Dagger Throw+1","Quick Slash+1","Backflip+1"],"picked":"SKIP","floor":35},{"not_picked":["Quick Slash","Infinite Blades"],"picked":"Expertise+1","floor":37},{"not_picked":["Prepared+1","Escape Plan+1"],"picked":"Blade Dance+1","floor":40},{"not_picked":["Dagger Throw","Dodge and Roll+1","Sucker Punch"],"picked":"Escape Plan+1","floor":42},{"not_picked":["Tools of the Trade","Underhanded Strike","Deflect"],"picked":"Finisher+1","floor":47},{"not_picked":["Eviscerate","Tactician","Flechettes+1"],"picked":"Blade Dance+1","floor":48}],"player_experience":4201,"relics_obtained":[{"floor":7.0,"key":"CaptainsWheel"},{"floor":7.0,"key":"InkBottle"},{"floor":9.0,"key":"Kunai"},{"floor":13.0,"key":"Letter Opener"},{"floor":26,"key":"Bottled Lightning"},{"floor":27,"key":"Strawberry"},{"floor":27,"key":"Lizard Tail"},{"floor":38,"key":"TungstenRod"},{"floor":40,"key":"Question Card"},{"floor":40,"key":"Whetstone"},{"floor":43,"key":"Boot"},{"floor":46,"key":"Mango"}],"event_choices":[{"damage_healed":0.0,"max_hp_gain":0.0,"max_hp_loss":0.0,"gold_gain":0.0,"event_name":"Living Wall","player_choice":"Grow","floor":4.0,"gold_loss":0.0,"damage_taken":0.0,"cards_upgraded":["Neutralize"]},{"damage_healed":0.0,"max_hp_gain":0.0,"max_hp_loss":0.0,"gold_gain":0.0,"event_name":"FaceTrader","player_choice":"Trade","floor":8.0,"gold_loss":0.0,"damage_taken":0.0,"relics_obtained":["FaceOfCleric"]},{"damage_healed":0.0,"max_hp_gain":0.0,"max_hp_loss":0.0,"gold_gain":0.0,"event_name":"The Library","player_choice":"Read","floor":19.0,"gold_loss":0.0,"damage_taken":0.0,"cards_obtained":["Riddle With Holes"]},{"damage_healed":0.0,"max_hp_gain":0.0,"max_hp_loss":0.0,"gold_gain":0.0,"event_name":"Back to Basics","player_choice":"Simplicity","floor":20.0,"gold_loss":0.0,"damage_taken":0.0,"cards_upgraded":["Strike_G","Strike_G","Strike_G","Strike_G","Strike_G","Defend_G","Defend_G","Defend_G","Defend_G"]},{"cards_removed":["Defend_G"],"damage_healed":0,"gold_gain":0,"player_choice":"Removed Skill","damage_taken":0,"max_hp_gain":0,"max_hp_loss":0,"event_name":"Falling","floor":36,"gold_loss":0},{"damage_healed":0,"gold_gain":0,"player_choice":"Fight","damage_taken":0,"max_hp_gain":0,"max_hp_loss":0,"event_name":"MindBloom","floor":38,"gold_loss":0},{"damage_healed":25,"gold_gain":0,"player_choice":"Writhe","damage_taken":0,"max_hp_gain":0,"max_hp_loss":0,"event_name":"Winding Halls","floor":45,"gold_loss":0,"cards_obtained":["Writhe"]},{"damage_healed":0,"gold_gain":0,"player_choice":"Fight","damage_taken":0,"max_hp_gain":0,"max_hp_loss":0,"event_name":"Mysterious Sphere","floor":46,"gold_loss":0}],"is_beta":false,"boss_relics":[{"not_picked":["Fusion Hammer","Runic Dome"],"picked":"Tiny House"},{"not_picked":["Runic Pyramid","SacredBark"],"picked":"Philosopher\u0027s Stone"}],"items_purged_floors":[],"is_endless":false,"potions_floor_spawned":[14,18,21,29,31,35,40,42,47,48],"ascension_level":0}}