{"host":"l84l8xigz5v5foa2","time":1611724455,"event":{"mods":["2.2 Compatiblity","AchievementEnabler","BaseMod","Better Note","Better Vampires","Card Filter","Colored Map","DeckTracker","Downfall","Gremlin Skip","Highlight Path","Keyboard Shortcuts","Minty Spire (QoL Compilation)","Permanent Neow","Quick Restart","Relic Filter","Relic Stats","StSLib","SuperFastMode","Transform Curses","Unknown Chances"],"gold_per_floor":[17,27,38,38,38,72,72,100,100,118,118,138,164,164,164,254,254,273,273,273,291,16,16,31,70,96,127,49,92,107,126,126,126,126,126],"floor_reached":33,"language":"ENG","playtime":1453,"items_purged":[],"score":700,"play_id":"99a7b8d2-f2d4-4ac8-931d-d45f71e5264b","local_time":"20210127141415","is_ascension_mode":true,"campfire_choices":[{"floor":7.0,"key":"REST"},{"floor":11.0,"key":"REST"},{"floor":15.0,"key":"REST"},{"floor":23.0,"key":"REST"},{"data":"hexamod:Rewind","floor":32.0,"key":"SMITH"}],"circlet_count":0,"master_deck":["AscendersBane","hexamod:Strike+1","hexamod:Strike+1","hexamod:Strike+1","hexamod:Strike+1","hexamod:Defend+1","hexamod:Defend+1","hexamod:Defend+1","hexamod:Defend+1","hexamod:Sear+1","hexamod:Float+1","hexamod:SixthSeal","hexamod:FourthSeal","hexamod:ThermalTransfer+1","hexamod:PowerFromBeyond","hexamod:GhostShield+1","hexamod:ThermalTransfer+1","hexamod:TimeOfNeed+1","hexamod:RainOfEmbers+1","hexamod:HeatMetal+1","hexamod:HexaLevel","hexamod:AdvancingGuard+1","hexamod:GhostOfSpirePast+1","hexamod:FastForward+1","hexamod:ForkedFlame+1","hexamod:GhostShield+1","hexamod:Rewind+1","hexamod:SpectersWail+1","hexamod:PhantomCloak","hexamod:NightmareGuise+1"],"relics":["hexamod:SpiritBrand","Lantern","Potion Belt","HornCleat","Bronze Scales","Golden Idol","sneckomod:SneckoTalon","Mummified Hand","Molten Egg 2","Regal Pillow","Happy Flower"],"acts_visited":["Exordium","TheCity"],"potions_floor_usage":[33,33,33],"damage_taken":[{"damage":0.0,"enemies":"Cultist","floor":1.0,"turns":4.0},{"damage":12.0,"enemies":"Jaw Worm","floor":2.0,"turns":4.0},{"damage":3.0,"enemies":"2 Louse","floor":3.0,"turns":4.0},{"damage":6.0,"enemies":"Gremlin Nob","floor":6.0,"turns":3.0},{"damage":33.0,"enemies":"3 Sentries","floor":8.0,"turns":12.0},{"damage":4.0,"enemies":"Exordium Wildlife","floor":10.0,"turns":4.0},{"damage":0.0,"enemies":"Lots of Slimes","floor":12.0,"turns":4.0},{"damage":5.0,"enemies":"Lagavulin","floor":13.0,"turns":7.0},{"damage":17.0,"enemies":"Slime Boss","floor":16.0,"turns":10.0},{"damage":23.0,"enemies":"2 Thieves","floor":18.0,"turns":4.0},{"damage":8.0,"enemies":"Shell Parasite","floor":21.0,"turns":5.0},{"damage":3.0,"enemies":"Sentry and Sphere","floor":24.0,"turns":6.0},{"damage":0.0,"enemies":"Book of Stabbing","floor":25.0,"turns":5.0},{"damage":12.0,"enemies":"Gremlin Leader","floor":27.0,"turns":6.0},{"damage":28.0,"enemies":"Slavers","floor":29.0,"turns":7.0},{"damage":14.0,"enemies":"3 Cultists","floor":30.0,"turns":4.0},{"damage":0.0,"enemies":"Cultist and Chosen","floor":31.0,"turns":5.0},{"damage":33,"enemies":"Collector","floor":33,"turns":5}],"seed_played":"3251783631754190499","potions_obtained":[{"floor":2.0,"key":"PowerPotion"},{"floor":3.0,"key":"AttackPotion"},{"floor":8.0,"key":"CultistPotion"},{"floor":8.0,"key":"AttackPotion"},{"floor":10.0,"key":"SpeedPotion"},{"floor":12.0,"key":"Weak Potion"},{"floor":12.0,"key":"Ancient Potion"},{"floor":13.0,"key":"Fire Potion"},{"floor":18.0,"key":"DuplicationPotion"},{"floor":21.0,"key":"DuplicationPotion"},{"floor":24.0,"key":"Dexterity Potion"},{"floor":25.0,"key":"Ancient Potion"},{"floor":25.0,"key":"hexamod:DoubleChargePotion"},{"floor":27.0,"key":"FairyPotion"},{"floor":29.0,"key":"FairyPotion"},{"floor":29.0,"key":"Strength Potion"},{"floor":30.0,"key":"GamblersBrew"},{"floor":31.0,"key":"PowerPotion"}],"is_trial":false,"path_per_floor":["M","M","M","$","?","E","R","E","T","M","R","M","E","?","R","B",null,"M","?","?","M","$","R","M","E","T","E","$","E","M","M","R","B"],"character_chosen":"THE_SPIRIT","items_purchased":["Mummified Hand","hexamod:Rewind"],"campfire_rested":4,"item_purchase_floors":[22,28],"current_hp_per_floor":[57,45,42,42,42,36,54,21,21,17,35,35,30,8,26,9,50,27,27,27,19,19,37,34,34,34,22,22,18,4,4,4,0,0,0],"gold":126,"neow_bonus":"THREE_RARE_CARDS","is_daily":false,"chose_seed":false,"campfire_upgraded":1,"win_rate":0.0,"timestamp":1611724455,"path_taken":["M","?","M","$","?","E","R","E","T","M","R","M","E","?","R","BOSS","M","?","?","M","?","R","M","E","T","E","$","E","M","?","R","BOSS"],"items_purchased_type":["Relic","Card"],"build_version":"2020-12-22","purchased_purges":0,"victory":false,"max_hp_per_floor":[63,63,63,63,63,63,63,63,63,63,63,63,63,63,63,63,63,63,63,63,63,63,63,63,63,63,63,63,63,63,63,63,63,63,63],"relic_stats":{"Regal Pillow":0,"Happy Flower":[4],"counters":[18,99],"Golden Idol":59,"Mummified Hand":[31],"Bronze Scales":[177],"obtain_stats":[{"Potion Belt":8,"Lantern":6,"Regal Pillow":27,"HornCleat":9,"Happy Flower":29,"Golden Idol":14,"Mummified Hand":22,"Bronze Scales":13,"Molten Egg 2":25,"sneckomod:SneckoTalon":17,"hexamod:SpiritBrand":0},{"Potion Belt":5,"Lantern":4,"Regal Pillow":14,"HornCleat":5,"Happy Flower":15,"Golden Idol":8,"Mummified Hand":11,"Bronze Scales":8,"Molten Egg 2":13,"sneckomod:SneckoTalon":9,"hexamod:SpiritBrand":0},{"Potion Belt":27,"Lantern":15,"Regal Pillow":78,"HornCleat":27,"Happy Flower":85,"Golden Idol":42,"Mummified Hand":61,"Bronze Scales":42,"Molten Egg 2":72,"sneckomod:SneckoTalon":52,"hexamod:SpiritBrand":0}]},"card_choices":[{"not_picked":["hexamod:ParanormalForm","hexamod:ApocalypseNow"],"picked":"hexamod:SixthSeal","floor":0.0},{"not_picked":["hexamod:BacktrackSmack","hexamod:HeatMetal"],"picked":"hexamod:FourthSeal","floor":1.0},{"not_picked":["hexamod:EtherealExpedition","hexamod:FastForward"],"picked":"hexamod:ThermalTransfer","floor":2.0},{"not_picked":["hexamod:HeatMetal","hexamod:SpectralSpark"],"picked":"hexamod:PowerFromBeyond","floor":3.0},{"not_picked":["hexamod:HauntingEcho","hexamod:ChargedBarrage"],"picked":"hexamod:GhostShield","floor":6.0},{"not_picked":["hexamod:PowerFromBeyond","hexamod:BurningTouch"],"picked":"hexamod:ThermalTransfer","floor":8.0},{"not_picked":["hexamod:SpectralSpark","hexamod:BurningTouch"],"picked":"hexamod:TimeOfNeed","floor":10.0},{"not_picked":["hexamod:GhostShield","hexamod:FastForward"],"picked":"hexamod:RainOfEmbers","floor":12.0},{"not_picked":["hexamod:NightmareGuise","hexamod:TimeOfNeed"],"picked":"hexamod:HeatMetal","floor":13.0},{"not_picked":["hexamod:WildfireWeapon","hexamod:ApocalypseNow"],"picked":"hexamod:HexaLevel","floor":16.0},{"not_picked":["hexamod:HeatMetal","hexamod:SpectralSpark"],"picked":"hexamod:AdvancingGuard","floor":18.0},{"not_picked":["hexamod:ThirdSeal","hexamod:FastForward"],"picked":"hexamod:GhostOfSpirePast","floor":21.0},{"not_picked":["hexamod:NightmareStrike","hexamod:Hexaguard"],"picked":"hexamod:FastForward","floor":24.0},{"not_picked":["hexamod:Rewind","hexamod:ThermalTransfer+1"],"picked":"hexamod:ForkedFlame+1","floor":25.0},{"not_picked":["hexamod:BacktrackSmack+1","hexamod:SuperheatedStrike+1"],"picked":"hexamod:GhostShield+1","floor":27.0},{"not_picked":["hexamod:SuperheatedStrike+1","hexamod:EmpoweredFlame"],"picked":"hexamod:SpectersWail+1","floor":29.0},{"not_picked":["hexamod:SwordOfDarkness+1","hexamod:FlamesFromBeyond+1"],"picked":"hexamod:PhantomCloak","floor":30.0},{"not_picked":["hexamod:TimeOfNeed","hexamod:SwordOfDarkness+1"],"picked":"hexamod:NightmareGuise+1","floor":31.0}],"player_experience":3444340,"relics_obtained":[{"floor":6.0,"key":"Lantern"},{"floor":8.0,"key":"Potion Belt"},{"floor":9.0,"key":"HornCleat"},{"floor":13.0,"key":"Bronze Scales"},{"floor":25.0,"key":"Molten Egg 2"},{"floor":27.0,"key":"Regal Pillow"},{"floor":29.0,"key":"Happy Flower"}],"event_choices":[{"damage_healed":0.0,"max_hp_gain":0.0,"max_hp_loss":0.0,"gold_gain":0.0,"event_name":"Golden Idol","player_choice":"Take Damage","floor":14.0,"gold_loss":0.0,"damage_taken":22.0,"relics_obtained":["Golden Idol"]},{"damage_healed":0.0,"max_hp_gain":0.0,"max_hp_loss":0.0,"gold_gain":0.0,"event_name":"The Mausoleum","player_choice":"Ignored","floor":19.0,"gold_loss":0.0,"damage_taken":0.0}],"is_beta":false,"boss_relics":[{"not_picked":["Calling Bell","Astrolabe"],"picked":"sneckomod:SneckoTalon"}],"items_purged_floors":[],"is_endless":false,"potions_floor_spawned":[3,8,12,13,25,29],"killed_by":"Collector","ascension_level":20}}