{"host":"6q94iy5iz6612v89","time":1611706412,"event":{"mods":["2.2 Compatiblity","AchievementEnabler","BaseMod","Colored Map","DeckTracker","Keyboard Shortcuts","Marisa£¨Ùöéë¡¡Øª×âÞÞ£©","Minty Spire (QoL Compilation)","Permanent Neow","StSLib","SuperFastMode"],"gold_per_floor":[367,383,403,403,180,221,242,242,242,242,242,93,112,130,130,223,223,243,243,257,300,300,631,28,28,52,52,52,101,101,134,134,134,134],"floor_reached":33,"language":"KOR","playtime":784,"items_purged":["Strike_MRS"],"score":492,"play_id":"286589d2-ae69-4309-aa4f-5ea836b2fda3","local_time":"20210127091332","is_ascension_mode":true,"campfire_choices":[{"floor":11.0,"key":"REST"},{"data":"MilkyWay","floor":15.0,"key":"SMITH"},{"floor":25,"key":"REST"},{"data":"OortCloud","floor":27,"key":"SMITH"},{"floor":30,"key":"REST"},{"data":"PowerUp","floor":32,"key":"SMITH"}],"circlet_count":0,"master_deck":["AscendersBane","Strike_MRS","Defend_MRS","Defend_MRS","Defend_MRS+1","Defend_MRS+1","MasterSpark","UpSweep","OortCloud+1","PowerUp+1","StarBarrage","MilkyWay+1","UnstableBomb","NonDirectionalLaser+1","TreasureHunter","Singularity","MachineGunSpark","OrrerysSun","MachineGunSpark+1"],"relics":["MiniHakkero","Golden Idol","Centennial Puzzle","War Paint","Unceasing Top","Strawberry","ExperimentalFamiliar","Red Mask","The Courier","Old Coin","Oddly Smooth Stone","Calipers","CaptainsWheel","Dream Catcher","CeramicFish"],"acts_visited":["Exordium","TheCity"],"potions_floor_usage":[],"damage_taken":[{"damage":0.0,"enemies":"Cultist","floor":1.0,"turns":3.0},{"damage":12.0,"enemies":"Small Slimes","floor":2.0,"turns":3.0},{"damage":2.0,"enemies":"2 Louse","floor":3.0,"turns":3.0},{"damage":30.0,"enemies":"Gremlin Nob","floor":6.0,"turns":4.0},{"damage":3.0,"enemies":"2 Fungi Beasts","floor":7.0,"turns":3.0},{"damage":2.0,"enemies":"Exordium Wildlife","floor":13.0,"turns":5.0},{"damage":4.0,"enemies":"Large Slime","floor":14.0,"turns":4.0},{"damage":10.0,"enemies":"Slime Boss","floor":16.0,"turns":9.0},{"damage":1.0,"enemies":"Chosen","floor":18.0,"turns":3.0},{"damage":0.0,"enemies":"Spheric Guardian","floor":20.0,"turns":3.0},{"damage":3.0,"enemies":"Masked Bandits","floor":21.0,"turns":3.0},{"damage":35.0,"enemies":"Slavers","floor":23.0,"turns":10.0},{"damage":26,"enemies":"Book of Stabbing","floor":29,"turns":5},{"damage":0,"enemies":"3 Cultists","floor":31,"turns":5},{"damage":42,"enemies":"Automaton","floor":33,"turns":6}],"seed_played":"-3292436156628751250","potions_obtained":[{"floor":1.0,"key":"GamblersBrew"},{"floor":2.0,"key":"Swift Potion"},{"floor":14.0,"key":"AttackPotion"},{"floor":16.0,"key":"SkillPotion"},{"floor":18.0,"key":"Block Potion"},{"floor":20.0,"key":"Block Potion"}],"is_trial":false,"path_per_floor":["M","M","M","?","$","E","M","?","T","?","R","$","M","M","R","B",null,"M","?","M","?","?","E","$","R","T","R","$","E","R","M","R","B"],"character_chosen":"MARISA","items_purchased":["Centennial Puzzle","Strawberry","Oddly Smooth Stone","Calipers","CaptainsWheel"],"campfire_rested":3,"item_purchase_floors":[5,12,24,24,24],"current_hp_per_floor":[68,56,54,37,37,7,4,4,4,4,24,31,29,25,25,15,60,59,59,59,56,56,21,21,43,43,43,43,17,39,39,39,0,0],"gold":134,"neow_bonus":"TWO_FIFTY_GOLD","is_daily":false,"chose_seed":false,"campfire_upgraded":3,"win_rate":0.0,"timestamp":1611706412,"path_taken":["M","M","M","?","$","E","M","?","T","?","R","$","M","M","R","BOSS","M","?","M","?","?","E","$","R","T","R","?","E","R","M","R","BOSS"],"items_purchased_type":["Relic","Relic","Relic","Relic","Relic"],"build_version":"2020-12-22","purchased_purges":1,"victory":false,"max_hp_per_floor":[68,68,68,68,68,68,68,68,68,68,68,75,75,75,75,75,75,75,75,75,75,75,75,75,75,75,75,75,75,75,75,75,75,75],"card_choices":[{"not_picked":["FairyDestructionRay","GasGiant"],"picked":"OortCloud","floor":1.0},{"not_picked":["LuminesStrike","OneTimeOff"],"picked":"PowerUp","floor":2.0},{"not_picked":["GasGiant","DarkMatter"],"picked":"StarBarrage","floor":3.0},{"not_picked":["EventHorizon","WitchLeyline","ShootTheMoon"],"picked":"SKIP","floor":6.0},{"not_picked":["RefractionSpark","SporeBomb"],"picked":"MilkyWay","floor":7.0},{"not_picked":["PowerUp","SporeBomb"],"picked":"UnstableBomb","floor":13.0},{"not_picked":["MysteriousBeam","EnergyFlow","DarkMatter"],"picked":"SKIP","floor":14.0},{"not_picked":["GalacticHalo","SporeBomb"],"picked":"NonDirectionalLaser+1","floor":18.0},{"not_picked":["WitchLeyline","PulseMagic","TreasureHunter"],"picked":"SKIP","floor":20.0},{"not_picked":["WitchLeyline","PulseMagic"],"picked":"TreasureHunter","floor":20.0},{"not_picked":["PowerUp","GrandCross"],"picked":"Singularity","floor":21.0},{"not_picked":["DarkMatter","Acceleration","WitchLeyline"],"picked":"SKIP","floor":23.0},{"not_picked":["SporeBomb","OrrerysSun","DC"],"picked":"SKIP","floor":29},{"not_picked":["SporeBomb","DC"],"picked":"OrrerysSun","floor":29},{"not_picked":["EventHorizon","Acceleration"],"picked":"MachineGunSpark+1","floor":31}],"player_experience":1505331,"relics_obtained":[{"floor":6.0,"key":"War Paint"},{"floor":21.0,"key":"Red Mask"},{"floor":23.0,"key":"The Courier"},{"floor":23.0,"key":"Old Coin"},{"floor":26,"key":"Dream Catcher"},{"floor":29,"key":"CeramicFish"}],"event_choices":[{"damage_healed":0.0,"max_hp_gain":0.0,"max_hp_loss":0.0,"gold_gain":0.0,"event_name":"Golden Idol","player_choice":"Take Damage","floor":4.0,"gold_loss":0.0,"damage_taken":17.0,"relics_obtained":["Golden Idol"]},{"damage_healed":0.0,"max_hp_gain":0.0,"max_hp_loss":0.0,"gold_gain":0.0,"event_name":"Dead Adventurer","player_choice":"Searched \u00271\u0027 times","floor":8.0,"gold_loss":0.0,"damage_taken":0.0,"relics_obtained":["Unceasing Top"]},{"cards_removed":["Strike_MRS"],"damage_healed":0.0,"max_hp_gain":0.0,"max_hp_loss":0.0,"gold_gain":0.0,"event_name":"Living Wall","player_choice":"Forget","floor":10.0,"gold_loss":0.0,"damage_taken":0.0},{"cards_removed":["Strike_MRS"],"damage_healed":0.0,"max_hp_gain":0.0,"max_hp_loss":0.0,"gold_gain":0.0,"event_name":"Back to Basics","player_choice":"Elegance","floor":19.0,"gold_loss":0.0,"damage_taken":0.0},{"damage_healed":0.0,"max_hp_gain":0.0,"max_hp_loss":0.0,"gold_gain":0.0,"event_name":"Masked Bandits","player_choice":"Fought Bandits","floor":21.0,"gold_loss":0.0,"damage_taken":0.0},{"damage_healed":0.0,"max_hp_gain":0.0,"max_hp_loss":0.0,"gold_gain":0.0,"event_name":"The Library","player_choice":"Read","floor":22.0,"gold_loss":0.0,"damage_taken":0.0,"cards_obtained":["MachineGunSpark"]}],"is_beta":false,"boss_relics":[{"not_picked":["Pandora\u0027s Box","SacredBark"],"picked":"ExperimentalFamiliar"}],"items_purged_floors":[5],"is_endless":false,"potions_floor_spawned":[1,2,3,14,16,18,20],"killed_by":"Automaton","ascension_level":13}}