{"host":"zyco7k3wn5zcc8b6","time":1611769097,"event":{"mods":["Aspiration","BaseMod","Colored Map","Conspire","Custom Start","Hubris","Infinite Spire","Minty Spire (QoL Compilation)","Relic Filter","Replay The Spire","Shop Mod","StSLib","Trackpad"],"gold_per_floor":[159,159,198,132,183,282,312,393,441,441,471,525,630,687,687,900,1000,1060,1093,1126,1168,1225,1321,1321,1420,1420,1420,1420,1510,1510,1612,1612,1843,1843,2008,2008,2199,2199,2390,2647,2647,2858,2858,2858,3134,3380,3699,3749,3749,4206,4713,4713,5039,5039,5395,5785,6180,6642,6642,7157,7181,7163,7163],"floor_reached":62,"language":"ENG","playtime":3597,"items_purged":["Berserk"],"score":2990,"play_id":"4cd3a6c4-89d1-4512-a9bd-a0bb405c3ad2","local_time":"20210127213817","daily_mods":["DeadlyEvents","Elite Swarm","Midas","Terminal","Uncertain Future","Binary"],"is_ascension_mode":true,"campfire_choices":[{"floor":10,"key":"REST"},{"floor":15,"key":"REST"},{"floor":24,"key":"REST"},{"floor":30,"key":"REST"},{"floor":32,"key":"REST"},{"floor":41,"key":"REST"},{"floor":44,"key":"REST"},{"floor":49,"key":"REST"}],"circlet_count":0,"master_deck":["J.A.X.+1","Mayhem","Limit Break+1","ReplayTheSpireMod:Muscle Training+1","Ghostly Armor","Ghostly Armor","Armaments+1","Pummel","Replay:Many Hands+1","Rupture","Rupture","Bite","Bite","Bite+1","Bite+1","Bite","Buffer","Echo Form"],"relics":["Burning Blood","Busted Crown","infinitespire:Bottled Soul","trackpad:ZombieHeart","TungstenRod","Charon\u0027s Ashes","Pear","Bird Faced Urn","infinitespire:Lychee Nut","infinitespire:Satchel","Turnip","Replay:Wanted Poster","Strawberry","Ancient Tea Set","aspiration:RitualDagger","trackpad:BiPhaseBiplane","trackpad:CultistFigurine","trackpad:StainlessSteel","trackpad:Coffee","infinitespire:EvilPickle","hubris:Towel","aspiration:DefectSkillbook","hubris:MedicalManual","Bag of Preparation","hubris:FunFungus","Whetstone","hubris:Backtick","Singing Bowl","trackpad:FieryHotPepper","GremlinMask","trackpad:AdjectivePendant","Bronze Scales"],"acts_visited":["Exordium","TheCity","TheBeyond","Exordium"],"potions_floor_usage":[51,51],"damage_taken":[{"damage":2,"enemies":"Jaw Worm","floor":1,"turns":3},{"damage":2,"enemies":"2 Louse","floor":3,"turns":2},{"damage":5,"enemies":"Cultist","floor":5,"turns":3},{"damage":22,"enemies":"Lagavulin","floor":6,"turns":3},{"damage":4,"enemies":"Gremlin Nob","floor":8,"turns":3},{"damage":9,"enemies":"Large Slime","floor":11,"turns":3},{"damage":2,"enemies":"Exordium Thugs","floor":12,"turns":2},{"damage":10,"enemies":"3 Sentries","floor":13,"turns":4},{"damage":2,"enemies":"2 Fungi Beasts","floor":14,"turns":2},{"damage":31,"enemies":"Hexaghost","floor":16,"turns":3},{"damage":29,"enemies":"2 Thieves","floor":18,"turns":3},{"damage":17,"enemies":"Shell Parasite","floor":19,"turns":3},{"damage":30,"enemies":"Centurion and Healer","floor":20,"turns":3},{"damage":23,"enemies":"3 Cultists","floor":21,"turns":3},{"damage":14,"enemies":"Cultist and Chosen","floor":22,"turns":5},{"damage":18,"enemies":"Gremlin Leader","floor":23,"turns":4},{"damage":17,"enemies":"Book of Stabbing","floor":25,"turns":3},{"damage":28,"enemies":"Replay:Snechameleon","floor":29,"turns":3},{"damage":22,"enemies":"Nightmare","floor":31,"turns":4},{"damage":32,"enemies":"Pondfish","floor":33,"turns":5},{"damage":13,"enemies":"Orb Walker","floor":35,"turns":3},{"damage":65,"enemies":"3 Shapes","floor":37,"turns":4},{"damage":34,"enemies":"Writhing Mass","floor":39,"turns":4},{"damage":47,"enemies":"Nemesis","floor":40,"turns":5},{"damage":10,"enemies":"Maw","floor":42,"turns":4},{"damage":22,"enemies":"Nightmare","floor":45,"turns":4},{"damage":8,"enemies":"Transient","floor":46,"turns":4},{"damage":8,"enemies":"R_Hoarder","floor":47,"turns":4},{"damage":40,"enemies":"Donu and Deca","floor":50,"turns":5},{"damage":56,"enemies":"Awakened One","floor":51,"turns":5},{"damage":4,"enemies":"2 Louse","floor":53,"turns":2},{"damage":18,"enemies":"Jaw Worm","floor":55,"turns":2},{"damage":4,"enemies":"Cultist","floor":56,"turns":2},{"damage":12,"enemies":"2 Fungi Beasts","floor":57,"turns":2},{"damage":10,"enemies":"Gremlin Nob","floor":58,"turns":3},{"damage":8,"enemies":"3 Sentries","floor":60,"turns":4},{"damage":83,"enemies":"Nightmare_Alpha","floor":62,"turns":3}],"seed_played":"-9166445132297232252","potions_obtained":[{"floor":1,"key":"Death Potion"},{"floor":3,"key":"Toxic Potion"},{"floor":55,"key":"Ancient Potion"},{"floor":57,"key":"BlessingOfTheForge"}],"is_trial":true,"path_per_floor":["M","?","M","$","M","E","?","E","T","R","M","M","E","M","R","B",null,"M","M","M","M","M","E","R","E","T","?","AVR","E","R","NM","R","B",null,"M","?","M","AVR","M","E","R","M","T","R","NM","M","E","?","R","B","B",null,"M","?","M","M","M","E","?","E","T","NM"],"character_chosen":"IRONCLAD","items_purchased":["Rupture"],"campfire_rested":8,"item_purchase_floors":[4],"current_hp_per_floor":[73,73,74,73,73,68,68,61,60,59,59,60,62,63,62,42,57,44,45,36,35,41,51,72,65,65,48,47,36,46,44,45,45,47,47,46,48,47,47,47,46,46,45,44,44,44,44,43,42,43,47,46,49,48,49,52,55,57,56,58,57,0,0],"gold":7163,"neow_bonus":"","is_daily":false,"chose_seed":false,"campfire_upgraded":0,"win_rate":0.0,"timestamp":1611769097,"path_taken":["M","?","M","$","M","E","?","E","T","R","?","M","E","M","R","BOSS","M","M","M","?","M","E","R","E","T","?","AVR","?","R","NM","R","BOSS","M","?","?","AVR","M","E","R","M","T","R","NM","M","E","?","R","BOSS","BOSS","M","?","M","M","M","E","?","E","T","NM"],"items_purchased_type":["Card"],"build_version":"2020-12-22","purchased_purges":1,"victory":false,"max_hp_per_floor":[74,73,74,73,73,83,82,61,60,59,59,60,62,63,62,62,61,62,62,63,65,66,73,72,72,71,48,47,47,46,46,45,48,47,47,46,48,47,47,47,46,46,45,44,44,44,44,43,42,43,47,46,49,48,50,52,55,57,56,58,57,57,57],"card_choices":[{"not_picked":["BasicCrystalCard"],"picked":"SKIP","floor":39},{"not_picked":["Thunder Strike"],"picked":"SKIP","floor":40},{"not_picked":["Gash"],"picked":"SKIP","floor":42},{"not_picked":[],"picked":"Buffer","floor":45},{"not_picked":["Thunderclap+1"],"picked":"SKIP","floor":46},{"not_picked":["Meteor Strike"],"picked":"SKIP","floor":47},{"not_picked":["Barrage"],"picked":"Singing Bowl","floor":53},{"not_picked":["Iron Wave"],"picked":"Singing Bowl","floor":55},{"not_picked":["Rupture"],"picked":"Singing Bowl","floor":56},{"not_picked":["conspire:ExplosiveBarrier"],"picked":"Singing Bowl","floor":57},{"not_picked":["Immolate"],"picked":"Singing Bowl","floor":58},{"not_picked":[],"picked":"Echo Form","floor":60}],"player_experience":386867,"relics_obtained":[{"floor":6,"key":"Pear"},{"floor":8,"key":"infinitespire:Lychee Nut"},{"floor":9,"key":"infinitespire:Satchel"},{"floor":13,"key":"Turnip"},{"floor":23,"key":"Strawberry"},{"floor":25,"key":"Ancient Tea Set"},{"floor":29,"key":"trackpad:CultistFigurine"},{"floor":31,"key":"trackpad:StainlessSteel"},{"floor":40,"key":"hubris:MedicalManual"},{"floor":43,"key":"Bag of Preparation"},{"floor":45,"key":"hubris:FunFungus"},{"floor":47,"key":"Whetstone"},{"floor":58,"key":"trackpad:FieryHotPepper"},{"floor":60,"key":"trackpad:AdjectivePendant"},{"floor":61,"key":"Bronze Scales"}],"event_choices":[{"damage_healed":0,"gold_gain":0,"player_choice":"Disagree","damage_taken":0,"max_hp_gain":0,"max_hp_loss":0,"event_name":"conspire:LoneGhost","floor":2,"gold_loss":0},{"damage_healed":0,"gold_gain":30,"player_choice":"Searched \u00273\u0027 times","damage_taken":0,"relics_obtained":["Bird Faced Urn"],"max_hp_gain":0,"max_hp_loss":0,"event_name":"Dead Adventurer","floor":7,"gold_loss":0},{"damage_healed":0,"gold_gain":0,"player_choice":"Became a vampire","damage_taken":0,"max_hp_gain":0,"max_hp_loss":22,"event_name":"Vampires","floor":27,"gold_loss":0,"cards_obtained":["Bite","Bite","Bite","Bite","Bite"]},{"damage_healed":0,"gold_gain":50,"player_choice":"Pray","damage_taken":0,"max_hp_gain":0,"max_hp_loss":0,"event_name":"Golden Shrine","floor":48,"gold_loss":0},{"damage_healed":0,"gold_gain":0,"player_choice":"Trade","damage_taken":0,"relics_obtained":["GremlinMask"],"max_hp_gain":0,"max_hp_loss":0,"event_name":"FaceTrader","floor":59,"gold_loss":0}],"is_beta":false,"boss_relics":[{"not_picked":["Coffee Dripper","Tiny House"],"picked":"Replay:Wanted Poster"},{"not_picked":["Calling Bell","Abe\u0027s Treasure"],"picked":"trackpad:Coffee"},{"not_picked":["conspire:SeveredTorchhead","conspire:RoyalGoblet"],"picked":"hubris:Backtick"}],"items_purged_floors":[28],"is_endless":true,"potions_floor_spawned":[1,3,8,16,19,22,23,25,31,35,37,45,47,50,55,57],"killed_by":"Nightmare_Alpha","ascension_level":20}}