{"host":"7iv10lxbxedtd0qh","time":1611764627,"event":{"mods":["BaseMod","Colored Map","Colored Powertips","Downfall","Minty Spire (QoL Compilation)","StSLib"],"gold_per_floor":[99,99,110,125,575,575,575,604,604,604,604,604,623,637,654,654,654,654],"floor_reached":16,"language":"ENG","playtime":552,"items_purged":[],"score":110,"play_id":"e88ad04a-3c05-4cb3-a8a2-4a85992d931d","local_time":"20210127172347","is_ascension_mode":true,"campfire_choices":[{"data":"The Bomb","floor":1.0,"key":"SMITH"},{"data":"bronze:Repulsor","floor":6.0,"key":"SMITH"},{"data":"bronze:Constructor","floor":9.0,"key":"SMITH"},{"data":"bronze:DelayedGuard","floor":11.0,"key":"SMITH"}],"circlet_count":0,"master_deck":["bronze:Strike","bronze:Strike","bronze:Strike","bronze:Strike","bronze:Defend","bronze:Defend","bronze:Defend","bronze:Defend","bronze:Replicate","bronze:Goto","The Bomb+1","bronze:Constructor+1","bronze:Repulsor+1","downfall:Icky","downfall:Icky","downfall:Icky","bronze:DelayedGuard+1","bronze:BronzeOrb","bronze:Shell","bronze:BronzeOrb"],"relics":["bronze:BronzeCore","Bottled Tornado","Bag of Preparation"],"acts_visited":["Exordium"],"potions_floor_usage":[],"damage_taken":[{"damage":4.0,"enemies":"Jaw Worm","floor":3.0,"turns":4.0},{"damage":16.0,"enemies":"Small Slimes","floor":4.0,"turns":3.0},{"damage":4.0,"enemies":"Gremlin Nob","floor":8.0,"turns":4.0},{"damage":0.0,"enemies":"Cultist","floor":10.0,"turns":1.0},{"damage":6.0,"enemies":"3 Louse","floor":13.0,"turns":4.0},{"damage":13.0,"enemies":"Exordium Thugs","floor":14.0,"turns":3.0},{"damage":4.0,"enemies":"Gremlin Gang","floor":15.0,"turns":3.0},{"damage":3,"enemies":"IC_STATUS_ARCHETYPE","floor":16,"turns":2}],"seed_played":"-4020013156428983081","potions_obtained":[{"floor":3.0,"key":"bronze:BurnAndBuffPotion"},{"floor":4.0,"key":"Block Potion"},{"floor":12.0,"key":"Energy Potion"},{"floor":12.0,"key":"SmokeBomb"}],"is_trial":false,"path_per_floor":["R","?","M","M","?","R","T","E","R","M","R","?","M","M","M","B"],"character_chosen":"THE_AUTOMATON","items_purchased":[],"campfire_rested":0,"item_purchase_floors":[],"current_hp_per_floor":[63,63,59,43,43,43,43,39,39,39,39,39,33,20,16,13,13,13],"gold":654,"neow_bonus":"RANDOM_COLORLESS_2","is_daily":false,"chose_seed":false,"campfire_upgraded":4,"win_rate":0.0,"timestamp":1611764627,"path_taken":["R","?","M","M","?","R","T","E","R","M","R","?","M","?","M","BOSS"],"items_purchased_type":[],"build_version":"2020-12-22","purchased_purges":0,"victory":false,"max_hp_per_floor":[63,63,63,63,63,63,63,63,63,63,63,63,63,63,63,63,63,63],"card_choices":[{"not_picked":["Metamorphosis","Panache"],"picked":"The Bomb","floor":0.0},{"not_picked":["bronze:Overheat","bronze:ChosenStrike"],"picked":"bronze:Constructor","floor":3.0},{"not_picked":["bronze:BitShift","bronze:DigitalCarnage"],"picked":"bronze:Repulsor","floor":4.0},{"not_picked":["bronze:Fortify","bronze:DarkDash"],"picked":"bronze:DelayedGuard","floor":8.0},{"not_picked":["bronze:DarkDash","bronze:BitShift"],"picked":"bronze:BronzeOrb","floor":10.0},{"not_picked":["bronze:Overload","bronze:Turbo"],"picked":"bronze:Shell","floor":13.0},{"not_picked":["bronze:Repulsor","bronze:BuggyMess","bronze:OilSpill"],"picked":"SKIP","floor":14.0},{"not_picked":["bronze:Terminator","bronze:NullPointer"],"picked":"bronze:BronzeOrb","floor":15.0}],"player_experience":734358,"relics_obtained":[{"floor":7.0,"key":"Bottled Tornado"},{"floor":8.0,"key":"Bag of Preparation"}],"event_choices":[{"damage_healed":0.0,"max_hp_gain":0.0,"max_hp_loss":0.0,"gold_gain":0.0,"event_name":"Lab","player_choice":"Got Potions","floor":12.0,"gold_loss":0.0,"damage_taken":0.0}],"is_beta":false,"boss_relics":[],"items_purged_floors":[],"is_endless":false,"potions_floor_spawned":[3,4,13],"killed_by":"IC_STATUS_ARCHETYPE","ascension_level":2}}