{"host":"aj7el8l5kufbk20z","time":1611715914,"event":{"mods":["AchievementEnabler","BaseMod","Colored Map","Colored Powertips","Curses Come First","Highlight Path","Minty Spire (QoL Compilation)","Permanent Neow","Poor People Problems","Quick Restart","Rare Cards Sparkle","Relic Stats","StSLib","SuperFastMode","Waifu the Spire"],"gold_per_floor":[219,371,383,383,394,419,432,465,465,465,483,408,425,157,157,233,233,233],"floor_reached":17,"language":"ZHS","playtime":798,"items_purged":["Strike_R","Regret","Strike_R"],"score":326,"play_id":"5f4ec227-cb26-4459-a1a6-7d47c229846d","local_time":"20210127105154","is_ascension_mode":true,"campfire_choices":[{"data":"Armaments","floor":15,"key":"SMITH"}],"circlet_count":0,"master_deck":["AscendersBane","Strike_R","Strike_R","Strike_R","Defend_R","Defend_R","Defend_R","Defend_R","Bash","Iron Wave","Cleave","True Grit","Shrug It Off","Fire Breathing","Armaments+1","Sword Boomerang+1","Metallicize","Limit Break","Double Tap"],"relics":["Burning Blood","Membership Card","Oddly Smooth Stone","Bronze Scales","Toy Ornithopter","Molten Egg 2","Akabeko","Tiny Chest","Vajra","Philosopher\u0027s Stone"],"acts_visited":["Exordium","TheCity"],"potions_floor_usage":[],"damage_taken":[{"damage":11.0,"enemies":"2 Louse","floor":1.0,"turns":3.0},{"damage":0.0,"enemies":"Small Slimes","floor":3.0,"turns":3.0},{"damage":0.0,"enemies":"Cultist","floor":5.0,"turns":3.0},{"damage":60.0,"enemies":"Lagavulin","floor":6.0,"turns":8.0},{"damage":23.0,"enemies":"Gremlin Gang","floor":7.0,"turns":5.0},{"damage":48.0,"enemies":"Gremlin Nob","floor":8.0,"turns":5.0},{"damage":7.0,"enemies":"2 Fungi Beasts","floor":11.0,"turns":4.0},{"damage":1,"enemies":"Blue Slaver","floor":13,"turns":4},{"damage":27,"enemies":"Hexaghost","floor":16,"turns":9}],"seed_played":"-1495496083571197631","potions_obtained":[{"floor":3.0,"key":"Regen Potion"},{"floor":6.0,"key":"BloodPotion"},{"floor":7.0,"key":"Fire Potion"}],"is_trial":false,"path_per_floor":["M","$","M","?","M","E","M","E","T","?","M","$","M","$","R","B",null],"character_chosen":"IRONCLAD","items_purchased":["Membership Card","Oddly Smooth Stone","Armaments","Vajra","Metallicize","Limit Break"],"campfire_rested":0,"item_purchase_floors":[2,2,12,14,14,14],"current_hp_per_floor":[63,63,69,64,70,75,58,58,58,58,57,57,62,62,62,41,67,67],"gold":233,"neow_bonus":"HUNDRED_GOLD","is_daily":false,"chose_seed":false,"campfire_upgraded":1,"win_rate":0.0,"timestamp":1611715914,"path_taken":["M","$","M","?","M","E","M","E","T","?","M","$","M","$","R","BOSS"],"items_purchased_type":["Relic","Relic","Card","Relic","Card","Card"],"build_version":"2020-12-22","purchased_purges":3,"victory":false,"max_hp_per_floor":[75,75,75,75,75,75,75,75,75,75,75,75,75,75,75,75,75,75],"relic_stats":{"counters":[9,44],"Bronze Scales":[92],"Tiny Chest":0,"obtain_stats":[{"Bronze Scales":4,"Oddly Smooth Stone":2,"Vajra":14,"Molten Egg 2":8,"Tiny Chest":10,"Philosopher\u0027s Stone":17,"Membership Card":2,"Burning Blood":0,"Toy Ornithopter":6,"Akabeko":9},{"Bronze Scales":2,"Oddly Smooth Stone":1,"Vajra":8,"Molten Egg 2":6,"Tiny Chest":6,"Philosopher\u0027s Stone":9,"Membership Card":1,"Burning Blood":0,"Toy Ornithopter":4,"Akabeko":6},{"Bronze Scales":6,"Oddly Smooth Stone":3,"Vajra":35,"Molten Egg 2":27,"Tiny Chest":27,"Philosopher\u0027s Stone":44,"Membership Card":3,"Burning Blood":0,"Toy Ornithopter":17,"Akabeko":27}],"Burning Blood":48,"Toy Ornithopter":0},"card_choices":[{"not_picked":["Pommel Strike","Uppercut"],"picked":"Iron Wave","floor":1.0},{"not_picked":["Whirlwind","Havoc"],"picked":"Cleave","floor":3.0},{"not_picked":["Anger","Thunderclap","Sentinel"],"picked":"SKIP","floor":5.0},{"not_picked":["Iron Wave","Hemokinesis"],"picked":"True Grit","floor":6.0},{"not_picked":["Heavy Blade","Hemokinesis"],"picked":"Shrug It Off","floor":7.0},{"not_picked":["Wild Strike+1","Rage","Cleave+1"],"picked":"SKIP","floor":8.0},{"not_picked":["Hemokinesis+1","Heavy Blade+1"],"picked":"Fire Breathing","floor":11.0},{"not_picked":["Uppercut+1","Iron Wave+1"],"picked":"Sword Boomerang+1","floor":13},{"not_picked":["Exhume","Reaper+1"],"picked":"Double Tap","floor":16}],"player_experience":403411,"relics_obtained":[{"floor":6.0,"key":"Toy Ornithopter"},{"floor":8.0,"key":"Molten Egg 2"},{"floor":9.0,"key":"Akabeko"}],"event_choices":[{"damage_healed":0.0,"max_hp_gain":0.0,"max_hp_loss":0.0,"gold_gain":0.0,"event_name":"Scrap Ooze","player_choice":"Success","floor":4.0,"gold_loss":0.0,"damage_taken":5.0,"relics_obtained":["Bronze Scales"]},{"damage_healed":0.0,"max_hp_gain":0.0,"max_hp_loss":0.0,"gold_gain":0.0,"event_name":"Big Fish","player_choice":"Box","floor":10.0,"gold_loss":0.0,"damage_taken":0.0,"relics_obtained":["Tiny Chest"],"cards_obtained":["Regret"]}],"is_beta":false,"boss_relics":[{"not_picked":["Ectoplasm","Runic Cube"],"picked":"Philosopher\u0027s Stone"}],"items_purged_floors":[2,12,14],"is_endless":false,"potions_floor_spawned":[3,6,7,13],"ascension_level":19}}