{"host":"h6t8hbb65u5mbq7r","time":1611707858,"event":{"mods":["AchievementEnabler","BaseMod","Colored Map","Minty Spire (QoL Compilation)","StSLib","SuperFastMode"],"gold_per_floor":[116,127,177,196,23,53,65,106,144,166,236,248,291,303,315,401,413,444,38,63,74,24,50,50,81,81,99,128,148,148,174,174,174,174],"floor_reached":33,"language":"JPN","playtime":1059,"items_purged":["Strike_G","Strike_G","Strike_G"],"score":682,"play_id":"8fefa705-df6e-446b-b6ee-7f8950589d2d","local_time":"20210127093738","is_ascension_mode":true,"campfire_choices":[{"data":"Poisoned Stab","floor":7,"key":"SMITH"},{"floor":15,"key":"REST"},{"floor":24,"key":"REST"},{"floor":30,"key":"REST"},{"floor":32,"key":"REST"}],"circlet_count":0,"master_deck":["AscendersBane","Strike_G","Strike_G","Defend_G","Defend_G","Defend_G","Defend_G","Defend_G","Survivor","Neutralize","Dramatic Entrance","Catalyst","All Out Attack","Backstab","Poisoned Stab+1","Crippling Poison","Underhanded Strike","Backflip+1","Dagger Throw","Deadly Poison","Adrenaline","Escape Plan+1","Well Laid Plans","Poisoned Stab+1","Bane","Dash","Eviscerate+1","Acrobatics","Poisoned Stab+1"],"relics":["Ring of the Snake","MawBank","Akabeko","Ancient Tea Set","Smiling Mask","Fusion Hammer","HornCleat","Juzu Bracelet","Mango","Art of War","Molten Egg 2","Potion Belt","Dream Catcher"],"acts_visited":["Exordium","TheCity"],"potions_floor_usage":[6,6,31],"damage_taken":[{"damage":0,"enemies":"Small Slimes","floor":1,"turns":2},{"damage":3,"enemies":"Cultist","floor":2,"turns":5},{"damage":14,"enemies":"Jaw Worm","floor":4,"turns":5},{"damage":10,"enemies":"Gremlin Nob","floor":6,"turns":3},{"damage":10,"enemies":"3 Sentries","floor":8,"turns":6},{"damage":1,"enemies":"2 Fungi Beasts","floor":10,"turns":2},{"damage":19,"enemies":"Gremlin Nob","floor":13,"turns":4},{"damage":18,"enemies":"The Guardian","floor":16,"turns":10},{"damage":2,"enemies":"3 Byrds","floor":18,"turns":4},{"damage":10,"enemies":"Chosen","floor":21,"turns":5},{"damage":16,"enemies":"Slavers","floor":23,"turns":5},{"damage":7,"enemies":"Book of Stabbing","floor":25,"turns":4},{"damage":0,"enemies":"Snecko","floor":27,"turns":3},{"damage":15,"enemies":"Slavers","floor":28,"turns":5},{"damage":1,"enemies":"Centurion and Healer","floor":29,"turns":4},{"damage":35,"enemies":"Gremlin Leader","floor":31,"turns":6},{"damage":79,"enemies":"Champ","floor":33,"turns":8}],"seed_played":"-178580077497933393","potions_obtained":[{"floor":2,"key":"Energy Potion"},{"floor":4,"key":"Poison Potion"},{"floor":10,"key":"EssenceOfSteel"},{"floor":16,"key":"FairyPotion"},{"floor":18,"key":"DuplicationPotion"}],"is_trial":false,"path_per_floor":["M","M","?","M","$","E","R","E","T","M","?","$","E","?","R","B",null,"M","$","T","M","$","E","R","E","T","M","E","M","R","E","R","B"],"character_chosen":"THE_SILENT","items_purchased":["Poisoned Stab","Crippling Poison","Well Laid Plans","HornCleat"],"campfire_rested":4,"item_purchase_floors":[5,5,19,19],"current_hp_per_floor":[59,56,56,42,42,32,32,22,22,21,21,21,2,2,21,3,50,48,48,48,38,38,36,60,53,53,53,38,37,61,26,50,0,0],"gold":174,"neow_bonus":"RANDOM_COLORLESS","is_daily":false,"chose_seed":false,"campfire_upgraded":1,"win_rate":0.0,"timestamp":1611707858,"path_taken":["M","M","?","?","$","E","R","E","T","M","?","$","E","?","R","BOSS","M","$","?","M","$","E","R","E","T","M","E","M","R","E","R","BOSS"],"items_purchased_type":["Card","Card","Card","Relic"],"build_version":"2020-12-22","purchased_purges":3,"victory":false,"max_hp_per_floor":[66,66,66,66,66,66,66,66,66,66,66,66,66,66,66,66,66,66,66,66,66,66,80,80,80,80,80,80,80,80,80,80,80,80],"card_choices":[{"not_picked":["Madness","Purity"],"picked":"Dramatic Entrance","floor":0},{"not_picked":["Acrobatics","Crippling Poison"],"picked":"Catalyst","floor":1},{"not_picked":["Backstab","Flechettes"],"picked":"All Out Attack","floor":2},{"not_picked":["Deflect","Slice"],"picked":"Backstab","floor":4},{"not_picked":["Slice","Bullet Time"],"picked":"Underhanded Strike","floor":6},{"not_picked":["Flechettes","Concentrate"],"picked":"Backflip","floor":8},{"not_picked":["Dodge and Roll","Deflect"],"picked":"Dagger Throw","floor":10},{"not_picked":["Underhanded Strike","Dagger Throw"],"picked":"Deadly Poison","floor":13},{"not_picked":["Envenom","Bullet Time"],"picked":"Adrenaline","floor":16},{"not_picked":["Accuracy","Flying Knee"],"picked":"Escape Plan+1","floor":18},{"not_picked":["Terror","Sucker Punch+1"],"picked":"Poisoned Stab+1","floor":21},{"not_picked":["Terror","Flying Knee"],"picked":"Bane","floor":23},{"not_picked":["Deadly Poison","A Thousand Cuts"],"picked":"Dash","floor":25},{"not_picked":["Leg Sweep","Accuracy"],"picked":"Eviscerate+1","floor":27},{"not_picked":["Outmaneuver","Cloak And Dagger"],"picked":"Acrobatics","floor":28},{"not_picked":["Dagger Spray+1","Dodge and Roll"],"picked":"Poisoned Stab+1","floor":29},{"not_picked":["Skewer+1","Endless Agony+1","Dodge and Roll"],"picked":"SKIP","floor":31}],"player_experience":934268,"relics_obtained":[{"floor":6,"key":"MawBank"},{"floor":8,"key":"Akabeko"},{"floor":9,"key":"Ancient Tea Set"},{"floor":13,"key":"Smiling Mask"},{"floor":20,"key":"Juzu Bracelet"},{"floor":23,"key":"Mango"},{"floor":25,"key":"Art of War"},{"floor":26,"key":"Molten Egg 2"},{"floor":28,"key":"Potion Belt"},{"floor":31,"key":"Dream Catcher"}],"event_choices":[{"damage_healed":0,"gold_gain":50,"player_choice":"Pray","damage_taken":0,"max_hp_gain":0,"max_hp_loss":0,"event_name":"Golden Shrine","floor":3,"gold_loss":0},{"damage_healed":0,"gold_gain":58,"player_choice":"Gained Gold","damage_taken":0,"max_hp_gain":0,"max_hp_loss":0,"event_name":"Golden Wing","floor":11,"gold_loss":0},{"damage_healed":0,"gold_gain":0,"player_choice":"Upgraded","damage_taken":0,"max_hp_gain":0,"max_hp_loss":0,"event_name":"Upgrade Shrine","floor":14,"gold_loss":0,"cards_upgraded":["Backflip"]}],"is_beta":false,"boss_relics":[{"not_picked":["Snecko Eye","Runic Dome"],"picked":"Fusion Hammer"}],"items_purged_floors":[5,19,22],"is_endless":false,"potions_floor_spawned":[2,4,10,16,18,23],"killed_by":"Champ","ascension_level":20}}