{"host":"ut3qe46kys7sl3ey","time":1611729857,"event":{"mods":["2.2 Compatiblity","AchievementEnabler","Bard","BaseMod","Bestiary","Better Altar","Better Match","Better Note","Better Sensory Stone","Better Skull","Better Third Choice","BetterRewards","Block Reminder","Colored Map","Colored Powertips","Curses Come First","DeckTracker","Downfall","Energized Spire","Friendly Minions","Highlight Path","Hubris","Infinite Spire","Minty Spire (QoL Compilation)","Permanent Neow","Quick Restart","Random Character Button","Relic Sorter","Relic Stats","Reliquary","Replay The Spire","StSLib","The Blue Laboratory","The Bug Knight","The Construct","The Cursed","The Jungle","The Mystic","The Spell Scribe","Unceasing Turn Reminder","Unknown Chances","Wandering Minibosses"],"gold_per_floor":[211,223,234,248,46,46,79,90,90,141,152,170,205,244,244,244,244],"floor_reached":16,"language":"ENG","playtime":3886,"items_purged":[],"score":118,"play_id":"123b1292-09e1-4ef0-ba28-ca029628b08c","local_time":"20210127084417","is_ascension_mode":false,"campfire_choices":[{"data":"HollowMod:FocusHealStart","floor":6,"key":"SMITH"}],"circlet_count":0,"master_deck":["HollowMod:NailStrikeStart","HollowMod:NailStrikeStart","HollowMod:NailStrikeStart","HollowMod:NailStrikeStart","HollowMod:QuickDashStart","HollowMod:QuickDashStart","HollowMod:QuickDashStart","HollowMod:QuickDashStart","HollowMod:FocusHealStart+1","HollowMod:PogoStrike","HollowMod:HowlingWraiths","HollowMod:QuirrelsAssistance","HollowMod:SoulShaman","HollowMod:Grubsong","HollowMod:CycloneSlash","HollowMod:QuirrelsAssistance","HollowMod:HornetsHelp","HollowMod:DungDefenderAura","HollowMod:ShapeofUnn","HollowMod:CycloneSlash","HollowMod:FallenFury","HollowMod:SharpenedNail"],"relics":["HollowMod:VesselMask","HandDrill","Snack Pack","reliquary:ExpiredCoupon","reliquary:RosewoodLute"],"acts_visited":["Exordium"],"potions_floor_usage":[13,13,16],"damage_taken":[{"damage":0,"enemies":"Cultist","floor":1,"turns":4},{"damage":10,"enemies":"infinitespire:Voidling","floor":2,"turns":4},{"damage":9,"enemies":"2 Louse","floor":3,"turns":3},{"damage":12,"enemies":"Lots of Slimes","floor":4,"turns":2},{"damage":12,"enemies":"HollowMod:MossKnight","floor":7,"turns":6},{"damage":8,"enemies":"Red Slaver","floor":8,"turns":4},{"damage":10,"enemies":"Exordium Thugs","floor":10,"turns":5},{"damage":37,"enemies":"Gremlin Gang","floor":11,"turns":6},{"damage":9,"enemies":"Red Slaver","floor":12,"turns":4},{"damage":43,"enemies":"Gremlin Nob","floor":13,"turns":5},{"damage":0,"enemies":"Exordium Wildlife","floor":14,"turns":5},{"damage":26,"enemies":"Fading Forest","floor":16,"turns":4}],"seed_played":"3021615795016026679","potions_obtained":[{"floor":1,"key":"Energy Potion"},{"floor":8,"key":"blueLaboratory:BottledHope"},{"floor":10,"key":"Adrenaline Potion"},{"floor":12,"key":"Toxic Potion"}],"is_trial":false,"path_per_floor":["M","M","M","M","$","R","E","M","T","M","M","M","E","M","R_BF","B"],"character_chosen":"THE_BUGKNIGHT","items_purchased":["HollowMod:CycloneSlash","HandDrill"],"campfire_rested":0,"item_purchase_floors":[5,5],"current_hp_per_floor":[75,75,72,60,60,60,58,58,58,60,33,34,3,17,17,0,0],"gold":244,"neow_bonus":"HUNDRED_GOLD","is_daily":false,"chose_seed":false,"campfire_upgraded":1,"win_rate":0.0,"timestamp":1611729857,"path_taken":["M","M","?","?","$","R","E","M","T","M","?","M","E","M","R_BF","BOSS"],"items_purchased_type":["Card","Relic"],"build_version":"2020-12-22","purchased_purges":0,"victory":false,"max_hp_per_floor":[75,75,75,75,75,75,75,75,75,75,75,75,75,75,75,75,75],"relic_stats":{"counters":[12,52],"HandDrill":[8],"obtain_stats":[{"reliquary:ExpiredCoupon":9,"HollowMod:VesselMask":0,"HandDrill":5,"Snack Pack":7,"reliquary:RosewoodLute":13},{"reliquary:ExpiredCoupon":6,"HollowMod:VesselMask":0,"HandDrill":4,"Snack Pack":5,"reliquary:RosewoodLute":10},{"reliquary:ExpiredCoupon":23,"HollowMod:VesselMask":0,"HandDrill":13,"Snack Pack":19,"reliquary:RosewoodLute":43}]},"card_choices":[{"not_picked":["HollowMod:SiblingsShadow","HollowMod:CornifersMapStart"],"picked":"HollowMod:HowlingWraiths","floor":1},{"not_picked":["HollowMod:SiblingsSouls","HollowMod:DescendingDark"],"picked":"HollowMod:QuirrelsAssistance","floor":2},{"not_picked":["HollowMod:CornifersMapStart","HollowMod:SiblingsSouls"],"picked":"HollowMod:SoulShaman","floor":3},{"not_picked":["HollowMod:MantisMark","HollowMod:HowlingWraiths"],"picked":"HollowMod:Grubsong","floor":4},{"not_picked":["HollowMod:ShadowDash","HollowMod:CornifersMapStart"],"picked":"HollowMod:QuirrelsAssistance","floor":7},{"not_picked":["HollowMod:Grubsong","HollowMod:SiblingsSouls"],"picked":"HollowMod:HornetsHelp","floor":8},{"not_picked":["HollowMod:WraithStrike","HollowMod:SiblingsShadow"],"picked":"HollowMod:TaintedHusks","floor":10},{"not_picked":["HollowMod:SiblingsShadow","HollowMod:VengefulVoid"],"picked":"HollowMod:DungDefenderAura","floor":11},{"not_picked":["HollowMod:BlackTendrils","HollowMod:CornifersMapStart"],"picked":"HollowMod:ShapeofUnn","floor":12},{"not_picked":["HollowMod:ChannelNail","HollowMod:LifebloodCocoon"],"picked":"HollowMod:CycloneSlash","floor":13},{"not_picked":["HollowMod:ChannelNail","HollowMod:CycloneSlash"],"picked":"HollowMod:FallenFury","floor":14}],"player_experience":156718,"relics_obtained":[{"floor":7,"key":"Snack Pack"},{"floor":9,"key":"reliquary:ExpiredCoupon"},{"floor":13,"key":"reliquary:RosewoodLute"}],"event_choices":[],"is_beta":false,"boss_relics":[],"items_purged_floors":[],"is_endless":false,"potions_floor_spawned":[1,8,10,11,12],"killed_by":"Fading Forest","ascension_level":0}}