{"host":"w7o06k3e8uel8euj","time":1611744746,"event":{"mods":["AchievementEnabler","BaseMod","Colored Powertips","Custom Start","DeckTracker","Keyboard Shortcuts","Minty Spire (QoL Compilation)","Quick Restart","Relic Stats","StSLib","SuperFastMode","everything is the same but u backflip on backflip"],"gold_per_floor":[115,135,135,135,147,147,158,222,246,263,297,297,297,330,330,435,435,455,472,472,105,122,122,152,152,204,204,229,240,270,290,290,389,389,401,401,421,431,431,466,466,491,491,491,344,378,392,420,420,420,420,420,224,259,259],"floor_reached":56,"language":"KOR","playtime":1440,"items_purged":["Dash"],"score":1944,"play_id":"c0fbe8f7-83a6-4726-b393-7a86035503b1","local_time":"20210127195226","is_ascension_mode":true,"campfire_choices":[{"data":"Blade Dance","floor":6.0,"key":"SMITH"},{"data":"Accuracy","floor":12.0,"key":"SMITH"},{"data":"Strike_G","floor":15.0,"key":"PURGE"},{"data":"Flying Knee","floor":23,"key":"PURGE"},{"data":"Blade Dance","floor":25,"key":"SMITH"},{"data":"Tactician","floor":32,"key":"SMITH"},{"data":"Prepared","floor":41,"key":"SMITH"},{"data":"Cloak And Dagger","floor":44,"key":"PURGE"},{"floor":49,"key":"RECALL"},{"data":"After Image","floor":52,"key":"SMITH"}],"circlet_count":0,"master_deck":["Survivor","Neutralize","Blade Dance+1","Accuracy+1","Adrenaline","Well Laid Plans","Finisher","Dagger Throw","Deflect","Acrobatics","After Image+1","Blade Dance+1","Reflex+1","Tactician+1","Prepared+1","Escape Plan","Madness","Madness","Backflip+1"],"relics":["Ring of the Snake","NeowsBlessing","Boot","Art of War","HornCleat","Peace Pipe","Pear","Pandora\u0027s Box","TungstenRod","Anchor","MealTicket","Mummified Hand","The Specimen","SlaversCollar","Omamori","Akabeko","Bag of Preparation","Singing Bowl","Bottled Lightning","ClockworkSouvenir","Incense Burner"],"acts_visited":["Exordium","TheCity","TheBeyond","TheEnding"],"potions_floor_usage":[16,16,55,55,55,55,55,55],"damage_taken":[{"damage":0.0,"enemies":"2 Louse","floor":1.0,"turns":1.0},{"damage":0.0,"enemies":"Small Slimes","floor":2.0,"turns":1.0},{"damage":0.0,"enemies":"Cultist","floor":5.0,"turns":1.0},{"damage":4.0,"enemies":"2 Fungi Beasts","floor":7.0,"turns":3.0},{"damage":16.0,"enemies":"Gremlin Nob","floor":8.0,"turns":4.0},{"damage":13.0,"enemies":"Blue Slaver","floor":10.0,"turns":3.0},{"damage":5.0,"enemies":"3 Sentries","floor":11.0,"turns":7.0},{"damage":18.0,"enemies":"Lagavulin","floor":14.0,"turns":6.0},{"damage":0,"enemies":"Slime Boss","floor":16,"turns":1},{"damage":8,"enemies":"Chosen","floor":18,"turns":4},{"damage":14,"enemies":"2 Thieves","floor":19,"turns":3},{"damage":0,"enemies":"3 Cultists","floor":22,"turns":3},{"damage":0,"enemies":"Book of Stabbing","floor":24,"turns":4},{"damage":3,"enemies":"Gremlin Leader","floor":28,"turns":3},{"damage":0,"enemies":"Centurion and Healer","floor":29,"turns":3},{"damage":0,"enemies":"Slavers","floor":30,"turns":3},{"damage":0,"enemies":"Snecko","floor":31,"turns":2},{"damage":0,"enemies":"Champ","floor":33,"turns":4},{"damage":0,"enemies":"Orb Walker","floor":35,"turns":1},{"damage":0,"enemies":"3 Darklings","floor":37,"turns":2},{"damage":2,"enemies":"Jaw Worm Horde","floor":38,"turns":3},{"damage":0,"enemies":"Reptomancer","floor":40,"turns":3},{"damage":0,"enemies":"Nemesis","floor":42,"turns":3},{"damage":0,"enemies":"Giant Head","floor":46,"turns":2},{"damage":3,"enemies":"4 Shapes","floor":47,"turns":1},{"damage":0,"enemies":"Nemesis","floor":48,"turns":2},{"damage":0,"enemies":"Awakened One","floor":50,"turns":3},{"damage":0,"enemies":"Shield and Spear","floor":54,"turns":2},{"damage":8,"enemies":"The Heart","floor":55,"turns":4}],"seed_played":"5225068042823281641","potions_obtained":[{"floor":5.0,"key":"SkillPotion"},{"floor":7.0,"key":"Ancient Potion"},{"floor":11.0,"key":"DuplicationPotion"},{"floor":19,"key":"Dexterity Potion"},{"floor":28,"key":"Explosive Potion"},{"floor":40,"key":"EntropicBrew"}],"is_trial":false,"path_per_floor":["M","M","?","?","M","R","M","?","T","M","E","R","T","E","R","B",null,"M","M","?","$","M","R","E","R","T","?","E","M","E","M","R","B",null,"M","?","M","M","?","E","R","E","T","R","$","E","M","E","R","B",null,"R","$","E","B",null],"character_chosen":"THE_SILENT","items_purchased":["TungstenRod","Bag of Preparation","ClockworkSouvenir","Swift Potion"],"campfire_rested":0,"item_purchase_floors":[21,45,53,53],"current_hp_per_floor":[70,70,70,70,70,70,66,50,50,37,32,32,32,24,24,24,80,72,58,58,58,58,58,58,58,58,58,55,55,55,55,55,55,80,80,71,71,69,69,69,69,69,69,69,80,82,81,83,83,83,86,86,86,86,78],"gold":259,"neow_bonus":"THREE_ENEMY_KILL","is_daily":false,"chose_seed":false,"campfire_upgraded":6,"win_rate":0.0,"timestamp":1611744746,"path_taken":["M","M","?","?","?","R","M","?","T","M","E","R","?","E","R","BOSS","M","?","?","?","M","R","E","R","T","?","E","M","E","M","R","BOSS","M","?","M","M","?","E","R","E","T","R","$","E","M","E","R","BOSS","R","$","E","BOSS"],"items_purchased_type":["Relic","Relic","Relic","Potion"],"build_version":"2020-12-22","purchased_purges":1,"victory":true,"max_hp_per_floor":[70,70,70,70,70,70,70,70,70,70,70,70,70,80,80,80,80,80,80,80,80,80,80,80,80,80,80,80,80,80,80,80,80,80,80,80,80,80,80,80,80,80,80,80,80,82,84,86,86,86,86,86,86,86,86],"relic_stats":{"Peace Pipe":4,"Singing Bowl":6,"counters":[29,82],"Mummified Hand":[41],"Pandora\u0027s Box":["Well Laid Plans","Crippling Poison","Finisher","Dagger Throw","Deflect","Acrobatics","After Image","Cloak And Dagger"],"MealTicket":11,"Art of War":[2],"Bag of Preparation":[12],"Boot":[213],"obtain_stats":[{"Pear":14,"NeowsBlessing":0,"The Specimen":30,"Singing Bowl":46,"Omamori":40,"Bag of Preparation":45,"Incense Burner":54,"Boot":8,"Akabeko":42,"ClockworkSouvenir":53,"Peace Pipe":13,"SlaversCollar":34,"Anchor":24,"HornCleat":11,"Mummified Hand":28,"Pandora\u0027s Box":17,"MealTicket":26,"Art of War":9,"Bottled Lightning":48,"TungstenRod":21,"Ring of the Snake":0},{"Pear":8,"NeowsBlessing":0,"The Specimen":16,"Singing Bowl":24,"Omamori":22,"Bag of Preparation":23,"Incense Burner":28,"Boot":4,"Akabeko":23,"ClockworkSouvenir":27,"Peace Pipe":7,"SlaversCollar":18,"Anchor":13,"HornCleat":7,"Mummified Hand":14,"Pandora\u0027s Box":9,"MealTicket":13,"Art of War":5,"Bottled Lightning":26,"TungstenRod":11,"Ring of the Snake":0},{"Pear":26,"NeowsBlessing":0,"The Specimen":50,"Singing Bowl":70,"Omamori":65,"Bag of Preparation":68,"Incense Burner":78,"Boot":6,"Akabeko":68,"ClockworkSouvenir":76,"Peace Pipe":20,"SlaversCollar":56,"Anchor":41,"HornCleat":20,"Mummified Hand":44,"Pandora\u0027s Box":27,"MealTicket":41,"Art of War":10,"Bottled Lightning":73,"TungstenRod":34,"Ring of the Snake":0}],"TungstenRod":5,"Ring of the Snake":[58]},"card_choices":[{"not_picked":["Flying Knee","Calculated Gamble","Footwork"],"picked":"SKIP","floor":1.0},{"not_picked":["Cloak And Dagger","Riddle With Holes"],"picked":"Blade Dance","floor":2.0},{"not_picked":["PiercingWail","Dodge and Roll"],"picked":"Dash","floor":5.0},{"not_picked":["Deflect","Expertise","Leg Sweep"],"picked":"SKIP","floor":7.0},{"not_picked":["Prepared","Caltrops"],"picked":"Accuracy","floor":10.0},{"not_picked":["Flying Knee","Underhanded Strike","Skewer"],"picked":"SKIP","floor":11.0},{"not_picked":["Corpse Explosion","Flying Knee","Blur"],"picked":"SKIP","floor":14.0},{"not_picked":["Unload","After Image"],"picked":"Adrenaline","floor":16},{"not_picked":["Underhanded Strike","Leg Sweep","Noxious Fumes"],"picked":"SKIP","floor":18},{"not_picked":["Caltrops","Dagger Throw"],"picked":"Blade Dance","floor":19},{"not_picked":["Outmaneuver+1","Deflect"],"picked":"Reflex+1","floor":22},{"not_picked":["Predator","Blade Dance","Distraction"],"picked":"SKIP","floor":24},{"not_picked":["Terror","Dash+1"],"picked":"Prepared","floor":28},{"not_picked":["Skewer","Bouncing Flask"],"picked":"Escape Plan","floor":29},{"not_picked":["Expertise","Noxious Fumes+1","Catalyst"],"picked":"SKIP","floor":30},{"not_picked":["Noxious Fumes+1","Dodge and Roll","Poisoned Stab"],"picked":"SKIP","floor":31},{"not_picked":["Blade Dance+1","Prepared","Underhanded Strike+1"],"picked":"SKIP","floor":35},{"not_picked":["Cloak And Dagger","Deadly Poison+1","Quick Slash+1"],"picked":"SKIP","floor":37},{"not_picked":["Leg Sweep+1","Endless Agony","Cloak And Dagger"],"picked":"SKIP","floor":38},{"not_picked":["Crippling Poison","Dagger Spray+1","Distraction"],"picked":"SKIP","floor":40},{"not_picked":["Sucker Punch+1","Dagger Throw+1","Dagger Spray"],"picked":"SKIP","floor":42},{"not_picked":["Leg Sweep","PiercingWail","Venomology"],"picked":"Singing Bowl","floor":46},{"not_picked":["Blade Dance+1","Cloak And Dagger","Dagger Throw+1"],"picked":"Singing Bowl","floor":47},{"not_picked":["Slice","Prepared+1","Backstab+1"],"picked":"SKIP","floor":48},{"not_picked":["Slice","Prepared+1","Backstab+1"],"picked":"Singing Bowl","floor":48},{"not_picked":["Leg Sweep","Malaise"],"picked":"Backflip+1","floor":54}],"player_experience":509754,"relics_obtained":[{"floor":9.0,"key":"Art of War"},{"floor":11.0,"key":"HornCleat"},{"floor":13.0,"key":"Peace Pipe"},{"floor":14.0,"key":"Pear"},{"floor":24,"key":"Anchor"},{"floor":26,"key":"MealTicket"},{"floor":28,"key":"Mummified Hand"},{"floor":30,"key":"The Specimen"},{"floor":40,"key":"Omamori"},{"floor":42,"key":"Akabeko"},{"floor":46,"key":"Singing Bowl"},{"floor":48,"key":"Bottled Lightning"},{"floor":54,"key":"Incense Burner"}],"event_choices":[{"damage_healed":0.0,"max_hp_gain":0.0,"max_hp_loss":0.0,"gold_gain":0.0,"cards_transformed":["Strike_G"],"event_name":"Living Wall","player_choice":"Change","floor":3.0,"gold_loss":0.0,"damage_taken":0.0,"cards_obtained":["Flying Knee"]},{"damage_healed":0.0,"max_hp_gain":0.0,"max_hp_loss":0.0,"gold_gain":0.0,"event_name":"Match and Keep!","player_choice":"0 cards matched","floor":4.0,"gold_loss":0.0,"damage_taken":0.0,"cards_obtained":[]},{"damage_healed":0.0,"max_hp_gain":0.0,"max_hp_loss":0.0,"gold_gain":0.0,"event_name":"Dead Adventurer","player_choice":"Searched \u00272\u0027 times","floor":8.0,"gold_loss":0.0,"damage_taken":0.0,"relics_obtained":["Boot"]},{"damage_healed":0,"gold_gain":0,"player_choice":"Ignored","damage_taken":0,"max_hp_gain":0,"max_hp_loss":0,"event_name":"Ghosts","floor":20,"gold_loss":0},{"damage_healed":0,"gold_gain":0,"player_choice":"Read","damage_taken":0,"max_hp_gain":0,"max_hp_loss":0,"event_name":"The Library","floor":27,"gold_loss":0,"cards_obtained":["Tactician"]},{"damage_healed":0,"gold_gain":0,"player_choice":"Embrace Madness","damage_taken":10,"max_hp_gain":0,"max_hp_loss":0,"event_name":"Winding Halls","floor":36,"gold_loss":0,"cards_obtained":["Madness","Madness"]},{"cards_removed":["Crippling Poison"],"damage_healed":0,"gold_gain":0,"player_choice":"Purged","damage_taken":0,"max_hp_gain":0,"max_hp_loss":0,"event_name":"Purifier","floor":39,"gold_loss":0}],"is_beta":false,"boss_relics":[{"not_picked":["Tiny House","Snecko Eye"],"picked":"Pandora\u0027s Box"},{"not_picked":["Ring of the Serpent","Velvet Choker"],"picked":"SlaversCollar"}],"items_purged_floors":[21],"is_endless":false,"potions_floor_spawned":[5,7,11,14,19,28,29,30,40,42,46,54],"ascension_level":3}}