{"host":"xp5rvh2jwe2ejyfm","time":1611708706,"event":{"mods":["Aspiration","BaseMod","BetterRewards","Colored Powertips","Conspire","Downfall","Duelist Mod","GifTheSpireLib","Gremlin Mod","Hermit","Hubris","Minty Spire (QoL Compilation)","Robot Space Explorer","StSLib","The Blackbeard","The Clintock","The Construct","The Cursed","The Disciple","The Forsaken","The Hierophant","The Necromancer","The Runesmith","The Servant 0.9.4"],"gold_per_floor":[112,127,143,143,143,155,167,180,226,226,255,101,116,41,41,141,141,154,154,83,102,114,114,137,172,172,172,186,1,26,44,44,147,147,167,178,137,148,148,174,174,189,189,218,218,248,27,27,27],"floor_reached":48,"language":"ENG","playtime":1457,"items_purged":[],"score":737,"play_id":"68b0869f-20c3-44e6-91a6-19e957b33fd0","local_time":"20210126195146","is_ascension_mode":false,"campfire_choices":[{"floor":10,"key":"REST"},{"floor":15,"key":"REST"},{"floor":23,"key":"RECALL"},{"floor":27,"key":"REST"},{"floor":32,"key":"REST"},{"floor":41,"key":"REST"},{"floor":45,"key":"REST"}],"circlet_count":0,"master_deck":["TheCursedMod:CursedWand","TheCursedMod:Strike_TheCursed","TheCursedMod:Defend_TheCursed","TheCursedMod:Defend_TheCursed","TheCursedMod:Defend_TheCursed","TheCursedMod:Defend_TheCursed","TheCursedMod:CursedWand","TheCursedMod:CleanUpWorkshop","TheCursedMod:Dregs","TheCursedMod:CursedShiv","TheCursedMod:ManaBullet","TheCursedMod:CursedBlade","theDuelist:CurseAnubis","TheCursedMod:StunningStrike","TheCursedMod:Stigma","TheCursedMod:AbyssShockwave","TheCursedMod:CircleOfCorruption","hubris:Compulsion","theDuelist:GravekeeperCurse","TheCursedMod:NeowsMight","TheCursedMod:Obscuration","TheCursedMod:LuckyCharm","TheCursedMod:ShockAndAwe","TheCursedMod:WearCloak","Dash","Backstab","Glass Knife","TheCursedMod:HellfireBreathing","TheCursedMod:WearCloak","TheCursedMod:CursedBlade+1","theDuelist:CurseAnubis","downfall:Bewildered","TheCursedMod:SpreadPlague","downfall:Bewildered","theDuelist:CurseDarkness","TheCursedMod:CircleOfFlame","TheCursedMod:HellfireBreathing","TheCursedMod:CursedRelics","TheCursedMod:FleshFromBone","TheCursedMod:CircleOfAbyss","TheCursedMod:CursedShiv+1","Flex","TheCursedMod:HellfireBreathing","TheCursedMod:VoidForm","TheCursedMod:HellfireBreathing","TheCursedMod:CircleOfFlame+1","Normality","Clumsy","Cleave","TheCursedMod:CircleOfFlame+1","TheCursedMod:Hemoplague"],"relics":["TheCursedMod:BlackMagic101","NeowsBlessing","aspiration:DSix","downfall:ExtraCursedKey","Vajra","Bag of Preparation","HandDrill","conspire:SpecialSausage","hubris:DisguiseKit","Bronze Scales","PreservedInsect","Centennial Puzzle","hubris:Backtick","Du-Vu Doll","aspiration:FetidBarrel","aspiration:ChemicalBlood","Boot","Blood Vial","TheCursedMod:PinkPellets"],"acts_visited":["Exordium","TheCity","TheBeyond"],"potions_floor_usage":[11,16,16,30,33,40,44,44,46],"damage_taken":[{"damage":0,"enemies":"Small Slimes","floor":1,"turns":1},{"damage":0,"enemies":"2 Louse","floor":2,"turns":1},{"damage":0,"enemies":"Cultist","floor":3,"turns":1},{"damage":6,"enemies":"Exordium Thugs","floor":6,"turns":4},{"damage":0,"enemies":"2 Fungi Beasts","floor":7,"turns":2},{"damage":8,"enemies":"Red Slaver","floor":8,"turns":2},{"damage":5,"enemies":"Gremlin Nob","floor":11,"turns":4},{"damage":0,"enemies":"Lots of Slimes","floor":13,"turns":1},{"damage":43,"enemies":"The Guardian","floor":16,"turns":6},{"damage":0,"enemies":"3 Byrds","floor":18,"turns":5},{"damage":10,"enemies":"Shell Parasite","floor":21,"turns":2},{"damage":0,"enemies":"Snake Plant","floor":22,"turns":2},{"damage":14,"enemies":"theDuelist:KaibaA2","floor":25,"turns":4},{"damage":0,"enemies":"Centurion and Healer","floor":28,"turns":4},{"damage":18,"enemies":"Gremlin Leader","floor":30,"turns":4},{"damage":7,"enemies":"3 Cultists","floor":31,"turns":4},{"damage":54,"enemies":"hubris:MusketHawk","floor":33,"turns":9},{"damage":8,"enemies":"Orb Walker","floor":35,"turns":2},{"damage":0,"enemies":"3 Shapes","floor":36,"turns":1},{"damage":10,"enemies":"Sphere and 2 Shapes","floor":38,"turns":3},{"damage":43,"enemies":"Giant Head","floor":40,"turns":6},{"damage":16,"enemies":"Writhing Mass","floor":42,"turns":3},{"damage":12,"enemies":"Nemesis","floor":44,"turns":3},{"damage":26,"enemies":"Giant Head","floor":46,"turns":6},{"damage":41,"enemies":"Transient","floor":48,"turns":4}],"seed_played":"-1173280303980768924","potions_obtained":[{"floor":2,"key":"Ancient Potion"},{"floor":7,"key":"GamblersBrew"},{"floor":8,"key":"Weak Potion"},{"floor":11,"key":"Block Potion"},{"floor":13,"key":"Explosive Potion"},{"floor":18,"key":"Energy Potion"},{"floor":25,"key":"conspire:TimeTravelPotion"},{"floor":28,"key":"SkillPotion"},{"floor":30,"key":"Fruit Juice"},{"floor":36,"key":"CultistPotion"},{"floor":42,"key":"Weak Potion"},{"floor":46,"key":"Strength Potion"}],"is_trial":false,"path_per_floor":["M","M","M","?","?","M","M","M","T","R","E","$","M","$","R","B",null,"M","?","$","M","M","R","T","E","T","R","M","$","E","M","R","B",null,"M","M","$","M","?","E","R","M","T","E","R","E","$","M"],"character_chosen":"THE_CURSED","items_purchased":["HandDrill","TheCursedMod:LuckyCharm","TheCursedMod:HellfireBreathing","PreservedInsect","TheCursedMod:HellfireBreathing","TheCursedMod:HellfireBreathing","TheCursedMod:PinkPellets","TheCursedMod:Hemoplague"],"campfire_rested":6,"item_purchase_floors":[12,14,20,29,29,37,47,47],"current_hp_per_floor":[75,75,75,50,50,44,44,36,36,58,53,53,53,53,75,32,75,75,75,75,65,65,65,65,51,51,73,73,73,60,53,75,21,76,68,68,68,58,58,15,37,21,21,9,30,11,11,0,0],"gold":27,"neow_bonus":"THREE_ENEMY_KILL","is_daily":false,"chose_seed":false,"campfire_upgraded":0,"win_rate":0.0,"timestamp":1611708706,"path_taken":["M","M","M","?","?","M","M","M","T","R","E","$","M","$","R","BOSS","M","?","$","?","M","R","?","E","T","R","M","$","E","M","R","BOSS","M","M","$","M","?","E","R","M","T","E","R","E","?","M"],"items_purchased_type":["Relic","Card","Card","Relic","Card","Card","Relic","Card"],"build_version":"2020-12-22","purchased_purges":0,"victory":false,"max_hp_per_floor":[75,75,75,75,75,75,75,75,75,75,75,75,75,75,75,75,75,75,75,75,75,75,75,75,75,75,75,73,73,76,76,76,76,76,76,74,74,74,74,74,74,72,72,72,72,66,66,64,64],"card_choices":[{"not_picked":["TheCursedMod:CursedAmulet","TheCursedMod:Torture"],"picked":"TheCursedMod:CursedShiv","floor":1},{"not_picked":["TheCursedMod:Stretching","TheCursedMod:DoubleShield"],"picked":"TheCursedMod:ManaBullet","floor":2},{"not_picked":["TheCursedMod:CircleOfCorruption","TheCursedMod:SoulCrush"],"picked":"TheCursedMod:CursedBlade","floor":3},{"not_picked":["TheCursedMod:WearCloak","TheCursedMod:BloodBarrier"],"picked":"TheCursedMod:Stigma","floor":6},{"not_picked":["TheCursedMod:CursedAmulet","TheCursedMod:PrepareRite"],"picked":"TheCursedMod:AbyssShockwave","floor":7},{"not_picked":["TheCursedMod:VitalStrike","TheCursedMod:Mangle"],"picked":"TheCursedMod:CircleOfCorruption","floor":8},{"not_picked":["TheCursedMod:CollectTribute","TheCursedMod:TacticalStrike"],"picked":"TheCursedMod:NeowsMight","floor":11},{"not_picked":["TheCursedMod:CircleOfAmplification","TheCursedMod:CursedAmulet"],"picked":"TheCursedMod:Obscuration","floor":13},{"not_picked":["TheCursedMod:ManaCirculation","TheCursedMod:DarkBarrier"],"picked":"TheCursedMod:ShockAndAwe","floor":16},{"not_picked":["TheCursedMod:SurpriseAttack","TheCursedMod:CursedStaff"],"picked":"TheCursedMod:WearCloak","floor":18},{"not_picked":["TheCursedMod:SurpriseAttack+1","TheCursedMod:SpitefulPray+1"],"picked":"TheCursedMod:WearCloak","floor":21},{"not_picked":["TheCursedMod:TacticalStrike+1","TheCursedMod:CursedShiv+1"],"picked":"TheCursedMod:CursedBlade+1","floor":22},{"not_picked":["TheCursedMod:Torture","TheCursedMod:Stigma"],"picked":"TheCursedMod:SpreadPlague","floor":25},{"not_picked":["TheCursedMod:SaltUponWound+1","TheCursedMod:Torture+1","Limit Break"],"picked":"TheCursedMod:CircleOfFlame","floor":28},{"not_picked":["TheCursedMod:Torture","TheCursedMod:TroublousMinions+1","Berserk"],"picked":"TheCursedMod:CursedRelics","floor":30},{"not_picked":["TheCursedMod:CursedBoomerang","TheCursedMod:Obscuration","Warcry"],"picked":"TheCursedMod:FleshFromBone","floor":31},{"not_picked":["TheCursedMod:DarkBarrier","TheCursedMod:CollectTribute","hubris:StunningStrike"],"picked":"TheCursedMod:CircleOfAbyss","floor":33},{"not_picked":["TheCursedMod:CircleOfCorruption+1","TheCursedMod:CursedAmulet","Thunderclap"],"picked":"TheCursedMod:CursedShiv+1","floor":35},{"not_picked":["TheCursedMod:DoubleShield+1","TheCursedMod:CursedMace+1","TheCursedMod:CircleOfWindfury+1"],"picked":"Flex","floor":36},{"not_picked":["TheCursedMod:AshesToAshes+1","TheCursedMod:Torture","hubris:SharpeningStone"],"picked":"TheCursedMod:VoidForm","floor":38},{"not_picked":["TheCursedMod:SmokeScreen","TheCursedMod:HellsGateOpen+1","Perfected Strike"],"picked":"TheCursedMod:HellfireBreathing","floor":40},{"not_picked":["TheCursedMod:CursedBlade","TheCursedMod:RapidMovement","Wild Strike"],"picked":"TheCursedMod:CircleOfFlame+1","floor":42},{"not_picked":["TheCursedMod:CursedMace","TheCursedMod:BlessingInDisguise+1","TheCursedMod:RavingStaff"],"picked":"Cleave","floor":44},{"not_picked":["TheCursedMod:CircleOfFocus","TheCursedMod:CursedArmor+1","Cleave"],"picked":"TheCursedMod:CircleOfFlame+1","floor":46}],"player_experience":361067,"relics_obtained":[{"floor":9,"key":"Vajra"},{"floor":11,"key":"Bag of Preparation"},{"floor":25,"key":"hubris:DisguiseKit"},{"floor":26,"key":"Bronze Scales"},{"floor":30,"key":"Centennial Puzzle"},{"floor":40,"key":"aspiration:FetidBarrel"},{"floor":43,"key":"aspiration:ChemicalBlood"},{"floor":44,"key":"Boot"},{"floor":46,"key":"Blood Vial"}],"event_choices":[{"damage_healed":0,"gold_gain":0,"player_choice":"Success","damage_taken":25,"relics_obtained":["aspiration:DSix"],"max_hp_gain":0,"max_hp_loss":0,"event_name":"Scrap Ooze","floor":4,"gold_loss":0},{"damage_healed":0,"gold_gain":0,"player_choice":"Ignored","damage_taken":0,"max_hp_gain":0,"max_hp_loss":0,"event_name":"Fountain of Cleansing","floor":39,"gold_loss":0}],"is_beta":false,"boss_relics":[{"not_picked":["TheCursedMod:FourLeafCloverCharm","Pandora\u0027s Box"],"picked":"conspire:SpecialSausage"},{"not_picked":["Empty Cage","Astrolabe"],"picked":"hubris:Backtick"}],"items_purged_floors":[],"is_endless":false,"potions_floor_spawned":[2,7,8,11,13,18,25,28,30,36,42,46],"killed_by":"Transient","ascension_level":0}}