{"host":"7iv10lxbxedtd0qh","time":1611765784,"event":{"mods":["BaseMod","Colored Map","Colored Powertips","Downfall","Minty Spire (QoL Compilation)","StSLib"],"gold_per_floor":[99,112,130,147,147,147,147,147,161,175,186,211,211,224,240,339,339,339,339,350,350,367,33,33,33,33],"floor_reached":24,"language":"ENG","playtime":1143,"items_purged":["bronze:Strike"],"score":248,"play_id":"c5ffa4ca-5984-4d62-b729-803f7f50ab9e","local_time":"20210127174304","is_ascension_mode":true,"campfire_choices":[{"data":"bronze:Goto","floor":1,"key":"SMITH"},{"data":"bronze:DarkDash","floor":8,"key":"SMITH"},{"data":"bronze:Constructor","floor":13,"key":"SMITH"},{"data":"bronze:HardenedForm","floor":18,"key":"SMITH"}],"circlet_count":0,"master_deck":["bronze:Strike","bronze:Strike","bronze:Strike","bronze:Defend","bronze:Defend","bronze:Defend","bronze:Defend","bronze:Replicate+1","bronze:Goto+1","bronze:DarkDash+1","bronze:BronzeArmor","bronze:WhirlingStrike","bronze:BronzeOrb","bronze:Terminator","bronze:Constructor+1","bronze:Format","bronze:Overheat","bronze:HardenedForm+1","bronze:FineTuning+1","bronze:DarkDash","bronze:Overload","expansioncontent:InvincibleStrength","Normality"],"relics":["bronze:BronzeCore","Eternal Feather","Du-Vu Doll","Cursed Key","Tiny Chest","Kunai"],"acts_visited":["Exordium","TheCity"],"potions_floor_usage":[12],"damage_taken":[{"damage":0,"enemies":"Cultist","floor":2,"turns":4},{"damage":0,"enemies":"Small Slimes","floor":3,"turns":2},{"damage":0,"enemies":"Jaw Worm","floor":4,"turns":2},{"damage":0,"enemies":"3 Louse","floor":9,"turns":2},{"damage":6,"enemies":"Gremlin Gang","floor":10,"turns":5},{"damage":6,"enemies":"Lots of Slimes","floor":11,"turns":3},{"damage":0,"enemies":"3 Sentries","floor":12,"turns":5},{"damage":2,"enemies":"Large Slime","floor":14,"turns":5},{"damage":0,"enemies":"3 Louse","floor":15,"turns":1},{"damage":50,"enemies":"SI_SHIV_ARCHETYPE","floor":16,"turns":12},{"damage":0,"enemies":"Chosen","floor":19,"turns":1},{"damage":8,"enemies":"Shell Parasite","floor":20,"turns":6},{"damage":0,"enemies":"Cultist and Chosen","floor":22,"turns":4},{"damage":0,"enemies":"downfall:FleeingMerchant","floor":23,"turns":4}],"seed_played":"5783865063076194141","potions_obtained":[{"floor":2,"key":"Explosive Potion"},{"floor":10,"key":"FearPotion"},{"floor":11,"key":"Regen Potion"},{"floor":14,"key":"bronze:BurnAndBuffPotion"}],"is_trial":false,"path_per_floor":["R","M","M","M","?","?","T","R","M","M","M","E","R","M","M","B",null,"R","M","M","?","M","$","T"],"character_chosen":"THE_AUTOMATON","items_purchased":["Tiny Chest","expansioncontent:InvincibleStrength"],"campfire_rested":0,"item_purchase_floors":[23,23],"current_hp_per_floor":[70,70,70,70,70,70,70,70,70,64,58,58,67,65,65,15,70,70,70,62,62,62,62,62,62,62],"gold":33,"neow_bonus":"UPGRADE_CARD","is_daily":false,"chose_seed":false,"campfire_upgraded":4,"win_rate":0.0,"timestamp":1611765784,"path_taken":["R","M","?","M","?","?","T","R","M","M","M","E","R","M","M","BOSS","R","M","M","?","M","$","T"],"items_purchased_type":["Relic","Card"],"build_version":"2020-12-22","purchased_purges":1,"victory":false,"max_hp_per_floor":[70,70,70,70,70,70,70,70,70,70,70,70,70,70,70,70,70,70,70,70,70,70,70,70,70,70],"card_choices":[{"not_picked":["bronze:CutThrough","bronze:Frontload"],"picked":"bronze:DarkDash","floor":2},{"not_picked":["bronze:Repair","bronze:CutThrough"],"picked":"bronze:BronzeArmor","floor":3},{"not_picked":["bronze:Shield","bronze:WildBeam"],"picked":"bronze:WhirlingStrike","floor":4},{"not_picked":["bronze:Fortify","bronze:GetLatest"],"picked":"bronze:BronzeOrb","floor":9},{"not_picked":["bronze:Invalidate","bronze:WildBeam"],"picked":"bronze:Terminator","floor":10},{"not_picked":["bronze:Turbo","bronze:BitShift"],"picked":"bronze:Constructor","floor":11},{"not_picked":["bronze:ForceShield","bronze:NullPointer","bronze:Fortify"],"picked":"SKIP","floor":12},{"not_picked":["bronze:CutThrough","bronze:Overheat"],"picked":"bronze:Format","floor":14},{"not_picked":["bronze:DelayedSlice","bronze:FineTuning"],"picked":"bronze:Overheat","floor":15},{"not_picked":["bronze:Library","bronze:ShipIt"],"picked":"bronze:HardenedForm","floor":16},{"not_picked":["bronze:Overheat","bronze:FineTuning+1","bronze:DelayedSlice+1"],"picked":"SKIP","floor":19},{"not_picked":["bronze:Overheat","bronze:DelayedSlice+1"],"picked":"bronze:FineTuning+1","floor":19},{"not_picked":["bronze:DelayedGuard","bronze:FindAndReplace","bronze:ClassDefault"],"picked":"SKIP","floor":20},{"not_picked":["bronze:Overheat","bronze:Iterate+1"],"picked":"bronze:DarkDash","floor":22},{"not_picked":["bronze:DigitalCarnage","bronze:DelayedSlice"],"picked":"bronze:Overload","floor":23}],"player_experience":734910,"relics_obtained":[{"floor":7,"key":"Eternal Feather"},{"floor":12,"key":"Du-Vu Doll"},{"floor":24,"key":"Kunai"}],"event_choices":[{"damage_healed":0,"gold_gain":0,"player_choice":"Ignored","damage_taken":0,"max_hp_gain":0,"max_hp_loss":0,"event_name":"Ghosts","floor":21,"gold_loss":0}],"is_beta":false,"boss_relics":[{"not_picked":["Tiny House","Pandora\u0027s Box"],"picked":"Cursed Key"}],"items_purged_floors":[23],"is_endless":false,"potions_floor_spawned":[2,10,11,14,16,20,22],"ascension_level":2}}