{"host":"1g0zx6fxgd1m75qs","time":1611765095,"event":{"mods":["Act Like it!","BaseMod","GifTheSpireLib","Googly Eyes","Menagerie","Minty Spire (QoL Compilation)","Reliquary","StSLib","The Jungle","TheSurvivalist"],"gold_per_floor":[116,136,136,153,164,164,192,192,192,203,203,213,213,213,213,313,313,333,350,100,100,119,119,119,119,119,138,173,190,38,38,38],"floor_reached":31,"language":"ENG","playtime":1590,"items_purged":["Doubt"],"score":280,"play_id":"f0848bd0-00b0-48bc-8644-72f7b24fed93","local_time":"20210127173135","is_ascension_mode":false,"campfire_choices":[{"data":"survmod:SkillfulManeuver","floor":6,"key":"SMITH"},{"floor":8,"key":"RECALL"},{"data":"survmod:Sprint","floor":15,"key":"SMITH"},{"data":"survmod:MutantEnergy","floor":23,"key":"SMITH"},{"data":"survmod:GoForFace","floor":25,"key":"SMITH"}],"circlet_count":0,"master_deck":["survmod:Strike","survmod:Strike","survmod:Strike","survmod:Defend","survmod:Defend","survmod:Defend+1","survmod:Defend","survmod:VersatileOffense","survmod:Sprint+1","survmod:PenetratingShot","survmod:DuckAndFlare","survmod:SkillfulManeuver+1","survmod:GoForFace","survmod:MarkedFromAfar","Menagerie:Foresee","Menagerie:DarkRitual","Menagerie:SteelWall","survmod:DuckAndFlare","Decay","Strike_G","survmod:MutantEnergy+1","survmod:NockAnArrow+1","survmod:MarkedShot","survmod:GoForFace+1","survmod:DuckAndFlare","survmod:DuckAndFlare","survmod:FenceTrap"],"relics":["survmod:InnateMutation","Matryoshka","Oddly Smooth Stone","Pantograph","reliquary:WritOfMandamus","Lee\u0027s Waffle","Du-Vu Doll","reliquary:PartyBalloon","reliquary:SharkskinSheath","Vajra","reliquary:RoseTintedGlasses"],"acts_visited":["Menagerie:Menagerie","TheCity"],"potions_floor_usage":[19,29,29],"damage_taken":[{"damage":1,"enemies":"Menagerie:2_RABBITS","floor":1,"turns":5},{"damage":3,"enemies":"Menagerie:MonstrousExperiment","floor":4,"turns":4},{"damage":0,"enemies":"Menagerie:WhisperingWraith","floor":5,"turns":6},{"damage":4,"enemies":"Menagerie:Hydra","floor":7,"turns":7},{"damage":4,"enemies":"Menagerie:MENAGERIE_WILDLIFE","floor":10,"turns":5},{"damage":0,"enemies":"Menagerie:BEAST_MAGE_AND_PROWLING_AMALGAM","floor":12,"turns":10},{"damage":10,"enemies":"Menagerie:Chimera","floor":16,"turns":10},{"damage":21,"enemies":"3 Byrds","floor":18,"turns":7},{"damage":2,"enemies":"Chosen","floor":19,"turns":5},{"damage":1,"enemies":"Snake Plant","floor":22,"turns":5},{"damage":11,"enemies":"Snecko","floor":27,"turns":5},{"damage":6,"enemies":"Book of Stabbing","floor":28,"turns":5},{"damage":34,"enemies":"Chosen and Byrds","floor":29,"turns":6},{"damage":7,"enemies":"Snake Plant","floor":31,"turns":2}],"seed_played":"7590532550329104480","potions_obtained":[{"floor":5,"key":"Swift Potion"},{"floor":7,"key":"SpeedPotion"},{"floor":18,"key":"PowerPotion"},{"floor":22,"key":"DuplicationPotion"},{"floor":28,"key":"SkillPotion"}],"is_trial":false,"path_per_floor":["M","?","T","M","M","R","E","R","T","M","?","M","?","?","R","B",null,"M","M","$","?","M","R","?","R","T","M","E","M","$","M"],"character_chosen":"THE_SURVIVOR","items_purchased":["Lee\u0027s Waffle","survmod:GoForFace","reliquary:RoseTintedGlasses"],"campfire_rested":0,"item_purchase_floors":[20,20,30],"current_hp_per_floor":[54,54,54,51,51,51,47,47,47,43,43,43,50,50,50,40,50,29,27,57,57,56,56,56,56,56,45,39,5,5,0,0],"gold":38,"neow_bonus":"TEN_PERCENT_HP_BONUS","is_daily":false,"chose_seed":false,"campfire_upgraded":4,"win_rate":0.0,"timestamp":1611765095,"path_taken":["M","?","?","M","M","R","E","R","T","M","?","?","?","?","R","BOSS","M","M","?","?","M","R","?","R","T","M","E","M","$","M"],"items_purchased_type":["Relic","Card","Relic"],"build_version":"2020-12-22","purchased_purges":1,"victory":false,"max_hp_per_floor":[55,55,55,55,55,55,55,55,55,55,50,50,50,50,50,50,50,50,50,57,57,57,57,57,57,57,57,57,57,57,57,57],"card_choices":[{"not_picked":["survmod:SwiftKick","survmod:FlareBarrage"],"picked":"survmod:PenetratingShot","floor":1},{"not_picked":["survmod:TrickShot","survmod:FlareBarrage"],"picked":"survmod:DuckAndFlare","floor":4},{"not_picked":["survmod:SurpriseTrap","survmod:ExplosiveTrap"],"picked":"survmod:SkillfulManeuver","floor":5},{"not_picked":["survmod:SkillfulManeuver","survmod:FlareBarrage"],"picked":"survmod:GoForFace","floor":7},{"not_picked":["survmod:MarkTrap","survmod:KnowThyEnemy"],"picked":"survmod:MarkedFromAfar","floor":10},{"not_picked":["Menagerie:MirarisWake","Menagerie:LightningBolt"],"picked":"Menagerie:Foresee","floor":11},{"not_picked":["Menagerie:LightningBolt","Menagerie:WallOfBlossoms"],"picked":"Menagerie:DarkRitual","floor":11},{"not_picked":["Menagerie:Dismember","Menagerie:DarkRitual"],"picked":"Menagerie:SteelWall","floor":11},{"not_picked":["survmod:OverexertingShot","survmod:AimForTheLiver"],"picked":"survmod:DuckAndFlare","floor":12},{"not_picked":["survmod:Detonation","survmod:ExpertSniper"],"picked":"survmod:MutantEnergy","floor":16},{"not_picked":["survmod:LongShot","survmod:UnfortunateEscape"],"picked":"survmod:NockAnArrow+1","floor":18},{"not_picked":["survmod:BearTrap","survmod:MarkTrap"],"picked":"survmod:MarkedShot","floor":19},{"not_picked":["survmod:FocusedFire+1","survmod:LongShot"],"picked":"survmod:DuckAndFlare","floor":22},{"not_picked":["survmod:SurpriseTrap+1","survmod:RejectWeakness"],"picked":"survmod:DuckAndFlare","floor":27},{"not_picked":["survmod:KnowThyEnemy+1","survmod:FlareBarrage","survmod:LongShot"],"picked":"SKIP","floor":28},{"not_picked":["survmod:MarkTrap","survmod:FlareBarrage"],"picked":"survmod:FenceTrap","floor":29}],"player_experience":275665,"relics_obtained":[{"floor":3,"key":"Matryoshka"},{"floor":7,"key":"Oddly Smooth Stone"},{"floor":9,"key":"Pantograph"},{"floor":26,"key":"reliquary:PartyBalloon"},{"floor":26,"key":"reliquary:SharkskinSheath"},{"floor":28,"key":"Vajra"}],"event_choices":[{"damage_healed":0,"gold_gain":20,"player_choice":"Cunning","damage_taken":0,"max_hp_gain":0,"max_hp_loss":0,"event_name":"Menagerie:CloudVision","floor":2,"gold_loss":0,"cards_upgraded":["survmod:Defend"]},{"damage_healed":0,"gold_gain":0,"player_choice":"Read","damage_taken":0,"max_hp_gain":0,"max_hp_loss":5,"event_name":"Menagerie:OvergrownLibrary","floor":11,"gold_loss":0,"cards_obtained":["Doubt"]},{"damage_healed":0,"gold_gain":0,"player_choice":"Continue","damage_taken":0,"max_hp_gain":0,"max_hp_loss":0,"event_name":"Menagerie:MossyPath","floor":13,"gold_loss":0,"cards_obtained":["Decay"]},{"damage_healed":0,"gold_gain":0,"player_choice":"Ignore","damage_taken":0,"max_hp_gain":0,"max_hp_loss":0,"event_name":"Menagerie:ShimmeringGrove","floor":14,"gold_loss":0,"cards_obtained":["Strike_G"]},{"damage_healed":0,"gold_gain":0,"player_choice":"Opened","damage_taken":0,"relics_obtained":["Du-Vu Doll"],"max_hp_gain":0,"max_hp_loss":0,"event_name":"The Mausoleum","floor":21,"gold_loss":0},{"cards_removed":["survmod:Strike"],"damage_healed":0,"gold_gain":0,"player_choice":"Elegance","damage_taken":0,"max_hp_gain":0,"max_hp_loss":0,"event_name":"Back to Basics","floor":24,"gold_loss":0}],"is_beta":false,"boss_relics":[{"not_picked":["Busted Crown","SacredBark"],"picked":"reliquary:WritOfMandamus"}],"items_purged_floors":[20],"is_endless":false,"potions_floor_spawned":[5,7,18,22,28],"killed_by":"Snake Plant","ascension_level":0}}