{"host":"kpyf5rnb72uwap8k","time":1611723362,"event":{"mods":["AchievementEnabler","BaseMod","Colored Map","Colored Powertips","DeckTracker","Minty Spire (QoL Compilation)","Permanent Neow","Quick Restart","StSLib","SuperFastMode"],"gold_per_floor":[111,61,61,15,33,33,61,78,156,176,187,31,31,50,50,148,148,168,184,201,10,10,10],"floor_reached":22,"language":"KOR","playtime":603,"items_purged":["Strike_R"],"score":207,"play_id":"83b05bc3-774a-43a6-a820-433d6e6dec08","local_time":"20210127135602","is_ascension_mode":true,"campfire_choices":[{"data":"Bash","floor":6,"key":"SMITH"},{"floor":13,"key":"REST"},{"floor":15,"key":"REST"}],"circlet_count":0,"master_deck":["Defend_R","Defend_R","Defend_R","Bash+1","Clash","Clash","Thunderclap","Headbutt","Seeing Red","Ghostly Armor","Dropkick","Bludgeon","Armaments+1","Rampage+1","Infernal Blade+1","True Grit","Rage+1"],"relics":["Burning Blood","Dream Catcher","Self Forming Clay","HandDrill","Astrolabe","Membership Card"],"acts_visited":["Exordium","TheCity"],"potions_floor_usage":[14],"damage_taken":[{"damage":6,"enemies":"Cultist","floor":1,"turns":3},{"damage":1,"enemies":"2 Louse","floor":5,"turns":2},{"damage":17,"enemies":"3 Sentries","floor":7,"turns":8},{"damage":7,"enemies":"Jaw Worm","floor":8,"turns":2},{"damage":4,"enemies":"Red Slaver","floor":10,"turns":2},{"damage":2,"enemies":"Gremlin Gang","floor":11,"turns":3},{"damage":0,"enemies":"Exordium Thugs","floor":14,"turns":2},{"damage":48,"enemies":"The Guardian","floor":16,"turns":13},{"damage":21,"enemies":"3 Byrds","floor":18,"turns":6},{"damage":6,"enemies":"Spheric Guardian","floor":19,"turns":3},{"damage":36,"enemies":"Snake Plant","floor":20,"turns":5},{"damage":40,"enemies":"3 Cultists","floor":22,"turns":6}],"seed_played":"7214392966478301915","potions_obtained":[{"floor":7,"key":"LiquidMemories"},{"floor":8,"key":"DuplicationPotion"},{"floor":10,"key":"DistilledChaos"},{"floor":16,"key":"Fire Potion"}],"is_trial":false,"path_per_floor":["M","?","?","$","M","R","E","M","T","M","M","$","R","M","R","B",null,"M","M","M","$","M"],"character_chosen":"IRONCLAD","items_purchased":["Clash","HandDrill","Membership Card"],"campfire_rested":2,"item_purchase_floors":[4,12,21],"current_hp_per_floor":[80,80,85,85,85,85,74,73,73,75,79,79,85,85,85,43,85,70,70,40,40,0,0],"gold":10,"neow_bonus":"REMOVE_CARD","is_daily":false,"chose_seed":false,"campfire_upgraded":1,"win_rate":0.0,"timestamp":1611723362,"path_taken":["M","?","?","$","M","R","E","M","T","?","M","?","R","M","R","BOSS","M","M","M","$","M"],"items_purchased_type":["Card","Relic","Relic"],"build_version":"2020-12-22","purchased_purges":1,"victory":false,"max_hp_per_floor":[80,80,85,85,85,85,85,85,85,85,85,85,85,85,85,85,85,85,85,85,85,85,85],"card_choices":[{"not_picked":["True Grit","Disarm"],"picked":"Clash","floor":1},{"not_picked":["Iron Wave","Flex","Battle Trance"],"picked":"SKIP","floor":5},{"not_picked":["Clash","Sentinel"],"picked":"Thunderclap","floor":7},{"not_picked":["Rupture","Anger"],"picked":"Headbutt","floor":8},{"not_picked":["Headbutt","Clothesline","Whirlwind"],"picked":"SKIP","floor":10},{"not_picked":["Burning Pact","Body Slam"],"picked":"Seeing Red","floor":11},{"not_picked":["Combust","Fire Breathing"],"picked":"Ghostly Armor","floor":14},{"not_picked":["Sword Boomerang","Perfected Strike"],"picked":"Dropkick","floor":15},{"not_picked":["Corruption","Impervious"],"picked":"Bludgeon","floor":16},{"not_picked":["Inflame","Havoc"],"picked":"True Grit","floor":18},{"not_picked":["Twin Strike","Shrug It Off"],"picked":"Rage+1","floor":19},{"not_picked":["Sword Boomerang","Headbutt+1","Sentinel+1"],"picked":"SKIP","floor":20}],"player_experience":188153,"relics_obtained":[{"floor":7,"key":"Dream Catcher"},{"floor":9,"key":"Self Forming Clay"}],"event_choices":[{"cards_removed":["Defend_R"],"damage_healed":0,"gold_gain":0,"player_choice":"Card Removal","damage_taken":0,"max_hp_gain":0,"max_hp_loss":0,"event_name":"The Cleric","floor":2,"gold_loss":50},{"damage_healed":0,"gold_gain":0,"player_choice":"Donut","damage_taken":0,"max_hp_gain":5,"max_hp_loss":0,"event_name":"Big Fish","floor":3,"gold_loss":0}],"is_beta":false,"boss_relics":[{"not_picked":["Coffee Dripper","Ectoplasm"],"picked":"Astrolabe"}],"items_purged_floors":[21],"is_endless":false,"potions_floor_spawned":[7,8,10,16,19],"killed_by":"3 Cultists","ascension_level":2}}