{"host":"3zb3nk4wvq0dtbuh","time":1611748258,"event":{"mods":["AchievementEnabler","BaseMod","Lobotomy","Minty Spire (QoL Compilation)","Quick Restart","Relic Filter Mod","StSLib","SuperFastMode","The Blackbeard"],"gold_per_floor":[114,189,202,202,377,377,377,393,393,393,168,181,198,20,20,116,116,136,36,36,56,68,68,68,68,68,68,68,68,88,105,105,105,105],"floor_reached":33,"language":"ZHS","playtime":799,"items_purged":["Doubt","Parasite"],"score":235,"play_id":"d889c2d0-d451-4d25-a70c-fd9eb8530f4a","local_time":"20210127195058","is_ascension_mode":false,"campfire_choices":[{"data":"Rebound","floor":6.0,"key":"SMITH"},{"data":"Chaos","floor":10.0,"key":"SMITH"},{"data":"All For One","floor":15.0,"key":"SMITH"},{"data":"Rainbow","floor":23.0,"key":"SMITH"},{"data":"Reinforced Body","floor":27.0,"key":"SMITH"},{"data":"Thunder Strike","floor":29.0,"key":"SMITH"},{"data":"Hologram","floor":32.0,"key":"SMITH"}],"circlet_count":0,"master_deck":["Strike_B","Strike_B","Defend_B","Defend_B","Defend_B","Defend_B","Zap+1","Dualcast","Defragment+1","Rebound+1","Chaos+1","Hello World","White Noise","Skim","Melter","All For One+1","Reinforced Body+1","Rainbow+1","Stack","Chaos","Capacitor","Thunder Strike+1","Hologram+1"],"relics":["Snecko Eye"],"acts_visited":["Exordium","TheCity"],"potions_floor_usage":[],"damage_taken":[{"damage":1.0,"enemies":"Cultist","floor":1.0,"turns":4.0},{"damage":8.0,"enemies":"Jaw Worm","floor":3.0,"turns":5.0},{"damage":5.0,"enemies":"Small Slimes","floor":8.0,"turns":3.0},{"damage":15.0,"enemies":"Looter","floor":12.0,"turns":4.0},{"damage":4.0,"enemies":"Blue Slaver","floor":13.0,"turns":3.0},{"damage":21.0,"enemies":"Slime Boss","floor":16.0,"turns":9.0},{"damage":6.0,"enemies":"Shell Parasite","floor":18.0,"turns":7.0},{"damage":17.0,"enemies":"3 Byrds","floor":21.0,"turns":5.0},{"damage":4.0,"enemies":"Snecko","floor":22.0,"turns":6.0},{"damage":14.0,"enemies":"Snake Plant","floor":30.0,"turns":3.0},{"damage":0.0,"enemies":"Centurion and Healer","floor":31.0,"turns":4.0},{"damage":34,"enemies":"Collector","floor":33,"turns":3}],"seed_played":"5730004005610739872","potions_obtained":[{"floor":1.0,"key":"GamblersBrew"},{"floor":13.0,"key":"PotionOfCapacity"},{"floor":16.0,"key":"EssenceOfDarkness"},{"floor":18.0,"key":"SpeedPotion"}],"is_trial":false,"path_per_floor":["M","?","M","?","?","R","?","M","T","R","$","M","M","$","R","B",null,"M","$","?","M","M","R","?","T","T","R","?","R","M","M","R","B"],"character_chosen":"DEFECT","items_purchased":["Hello World","White Noise","All For One","Reinforced Body"],"campfire_rested":0,"item_purchase_floors":[11,11,14,14],"current_hp_per_floor":[74,63,55,40,40,40,58,53,53,53,53,38,34,34,34,13,75,69,69,69,52,48,48,48,48,48,48,48,48,34,34,34,0,0],"gold":105,"neow_bonus":"BOSS_RELIC","is_daily":false,"chose_seed":false,"campfire_upgraded":7,"win_rate":0.0,"timestamp":1611748258,"path_taken":["M","?","M","?","?","R","?","M","T","R","$","?","M","?","R","BOSS","M","$","?","M","M","R","?","?","T","R","?","R","M","?","R","BOSS"],"items_purchased_type":["Card","Card","Card","Card"],"build_version":"2020-12-22","purchased_purges":2,"victory":false,"max_hp_per_floor":[75,75,75,75,75,75,75,75,75,75,75,75,75,75,75,75,75,75,72,72,72,72,72,72,72,72,72,72,72,72,72,72,72,72],"card_choices":[{"not_picked":["Reprogram","Barrage"],"picked":"Defragment","floor":1.0},{"not_picked":["Turbo","Beam Cell"],"picked":"Rebound","floor":3.0},{"not_picked":["Turbo","Go for the Eyes"],"picked":"Chaos","floor":8.0},{"not_picked":["Leap","Conserve Battery"],"picked":"Skim","floor":12.0},{"not_picked":["Double Energy","Rip and Tear"],"picked":"Melter","floor":13.0},{"not_picked":["Thunder Strike","Machine Learning"],"picked":"Rainbow","floor":16.0},{"not_picked":["Double Energy","Rebound"],"picked":"Stack","floor":18.0},{"not_picked":["Beam Cell","Go for the Eyes"],"picked":"Chaos","floor":21.0},{"not_picked":["Multi-Cast","Rebound","Turbo"],"picked":"SKIP","floor":22.0},{"not_picked":["Coolheaded","Gash","Ball Lightning"],"picked":"SKIP","floor":30.0},{"not_picked":["Consume","Storm"],"picked":"Hologram","floor":31.0}],"player_experience":35336,"relics_obtained":[],"event_choices":[{"damage_healed":0.0,"max_hp_gain":0.0,"max_hp_loss":0.0,"gold_gain":75.0,"event_name":"World of Goop","player_choice":"Gather Gold","floor":2.0,"gold_loss":0.0,"damage_taken":11.0},{"damage_healed":0.0,"max_hp_gain":0.0,"max_hp_loss":0.0,"gold_gain":0.0,"event_name":"Shining Light","player_choice":"Entered Light","floor":4.0,"gold_loss":0.0,"damage_taken":15.0,"cards_upgraded":["Defragment","Zap"]},{"damage_healed":0.0,"max_hp_gain":0.0,"max_hp_loss":0.0,"gold_gain":175.0,"event_name":"Liars Game","player_choice":"AGREE","floor":5.0,"gold_loss":0.0,"damage_taken":0.0,"cards_obtained":["Doubt"]},{"damage_healed":18.0,"max_hp_gain":0.0,"max_hp_loss":0.0,"gold_gain":0.0,"event_name":"Mushrooms","player_choice":"Healed and dodged fight","floor":7.0,"gold_loss":0.0,"damage_taken":0.0,"cards_obtained":["Parasite"]},{"damage_healed":0.0,"max_hp_gain":0.0,"max_hp_loss":0.0,"gold_gain":0.0,"event_name":"Ghosts","player_choice":"Ignored","floor":20.0,"gold_loss":0.0,"damage_taken":0.0},{"damage_healed":0.0,"max_hp_gain":0.0,"max_hp_loss":0.0,"gold_gain":0.0,"event_name":"Cursed Tome","player_choice":"Ignored","floor":24.0,"gold_loss":0.0,"damage_taken":0.0},{"damage_healed":0.0,"max_hp_gain":0.0,"max_hp_loss":0.0,"gold_gain":0.0,"cards_transformed":["Strike_B","Strike_B"],"event_name":"Drug Dealer","player_choice":"Became Test Subject","floor":28.0,"gold_loss":0.0,"damage_taken":0.0,"cards_obtained":["Capacitor","Thunder Strike"]}],"is_beta":false,"boss_relics":[{"not_picked":["Circlet","Circlet","Circlet"]}],"items_purged_floors":[11,19],"is_endless":false,"potions_floor_spawned":[1,13,16,18,21],"killed_by":"Collector","ascension_level":0}}