{"host":"yvb207ks1sg3cxef","time":1611762556,"event":{"mods":["2.2 Compatiblity","BaseMod","Bestiary","Colored Powertips","Minty Spire (QoL Compilation)","Permanent Neow","Quick Restart","Relic Stats","StSLib"],"gold_per_floor":[114,39,54,64,11,11,29,58,83,83,101,101,113,141,141,141,141],"floor_reached":16,"language":"ENG","playtime":656,"items_purged":["Regret"],"score":224,"play_id":"a553dc61-34d3-4917-8cb8-6a0a7961a791","local_time":"20210127211916","is_ascension_mode":true,"campfire_choices":[{"data":"Dagger Spray","floor":6.0,"key":"SMITH"},{"floor":10,"key":"REST"},{"data":"Caltrops","floor":12,"key":"SMITH"},{"data":"Flechettes","floor":15,"key":"SMITH"}],"circlet_count":0,"master_deck":["AscendersBane","Strike_G","Strike_G","Strike_G","Strike_G","Strike_G","Defend_G","Defend_G","Defend_G","Defend_G","Defend_G","Survivor","Neutralize","Dash","Backflip","Flechettes+1","Dagger Spray+1","Caltrops+1","Backflip"],"relics":["Ring of the Snake","StoneCalendar","Oddly Smooth Stone","Ancient Tea Set","Lantern"],"acts_visited":["Exordium"],"potions_floor_usage":[16],"damage_taken":[{"damage":4.0,"enemies":"Cultist","floor":1.0,"turns":4.0},{"damage":0.0,"enemies":"Small Slimes","floor":3.0,"turns":6.0},{"damage":0.0,"enemies":"Jaw Worm","floor":4.0,"turns":5.0},{"damage":2,"enemies":"3 Louse","floor":7,"turns":3},{"damage":44,"enemies":"Gremlin Nob","floor":8,"turns":5},{"damage":0,"enemies":"Gremlin Gang","floor":11,"turns":6},{"damage":3,"enemies":"Blue Slaver","floor":13,"turns":3},{"damage":14,"enemies":"3 Sentries","floor":14,"turns":6},{"damage":13,"enemies":"The Guardian","floor":16,"turns":9}],"seed_played":"-4881810109227814457","potions_obtained":[{"floor":1.0,"key":"Dexterity Potion"},{"floor":8,"key":"Poison Potion"},{"floor":14,"key":"LiquidMemories"}],"is_trial":false,"path_per_floor":["M","$","M","M","$","R","M","E","T","R","M","R","M","E","R","B"],"character_chosen":"THE_SILENT","items_purchased":["Dagger Spray"],"campfire_rested":1,"item_purchase_floors":[5],"current_hp_per_floor":[55,55,55,55,55,55,53,9,9,28,28,28,25,11,11,0,0],"gold":141,"neow_bonus":"ONE_RARE_RELIC","is_daily":false,"chose_seed":false,"campfire_upgraded":3,"win_rate":0.0,"timestamp":1611762556,"path_taken":["M","$","M","M","?","R","M","E","T","R","M","R","M","E","R","BOSS"],"items_purchased_type":["Card"],"build_version":"2020-12-22","purchased_purges":1,"victory":false,"max_hp_per_floor":[66,66,66,66,66,66,66,66,66,66,66,66,66,66,66,66,66],"relic_stats":{"counters":[9,47],"StoneCalendar":[52],"obtain_stats":[{"Lantern":14,"Oddly Smooth Stone":8,"StoneCalendar":0,"Ancient Tea Set":9,"Ring of the Snake":0},{"Lantern":8,"Oddly Smooth Stone":5,"StoneCalendar":0,"Ancient Tea Set":5,"Ring of the Snake":0},{"Lantern":38,"Oddly Smooth Stone":23,"StoneCalendar":0,"Ancient Tea Set":23,"Ring of the Snake":0}],"Ring of the Snake":[18]},"card_choices":[{"not_picked":["Sucker Punch","Masterful Stab"],"picked":"Dash","floor":1.0},{"not_picked":["Catalyst","Dodge and Roll"],"picked":"Backflip","floor":3.0},{"not_picked":["Acrobatics","PiercingWail"],"picked":"Flechettes","floor":4.0},{"not_picked":["Calculated Gamble","Slice"],"picked":"Caltrops","floor":7},{"not_picked":["Reflex","Sucker Punch"],"picked":"Backflip","floor":8},{"not_picked":["Catalyst","Underhanded Strike","Heel Hook"],"picked":"SKIP","floor":11},{"not_picked":["Underhanded Strike","Skewer","PiercingWail"],"picked":"SKIP","floor":13},{"not_picked":["Prepared","Acrobatics","Underhanded Strike"],"picked":"SKIP","floor":14}],"player_experience":492122,"relics_obtained":[{"floor":8,"key":"Oddly Smooth Stone"},{"floor":9,"key":"Ancient Tea Set"},{"floor":14,"key":"Lantern"}],"event_choices":[],"is_beta":false,"boss_relics":[],"items_purged_floors":[2],"is_endless":false,"potions_floor_spawned":[1,8,14],"killed_by":"The Guardian","ascension_level":20}}