{"host":"d4nr47a59rmbesnz","time":1611769334,"event":{"mods":["A Magickal Journey","BaseMod","Better Third Choice","Hermit","Minty Spire (QoL Compilation)","Quick Restart","Replay The Spire","Shade Mod","StSLib","The Bladedancer","The Cursed","The Death Knight","The Disciple","The Forsaken","The Hierophant","The Necromancer","The Spell Scribe","The Valiant"],"gold_per_floor":[10,29,48,48,59,89,89,104,104,104,0,0,0],"floor_reached":12,"language":"ENG","playtime":656,"items_purged":[],"score":80,"play_id":"0891a9c2-3778-4a8c-b521-89335b4ade0c","local_time":"20210127204214","is_ascension_mode":false,"campfire_choices":[{"data":"DeathKnight:RuneTap","floor":7,"key":"SMITH"}],"circlet_count":0,"master_deck":["DeathKnight:Strike_DeathKnight","DeathKnight:Strike_DeathKnight","DeathKnight:Strike_DeathKnight","DeathKnight:Strike_DeathKnight","DeathKnight:Strike_DeathKnight","DeathKnight:Defend_DeathKnight","DeathKnight:Defend_DeathKnight","DeathKnight:Defend_DeathKnight","DeathKnight:Defend_DeathKnight","DeathKnight:Defend_DeathKnight","DeathKnight:RuneTap+1","DeathKnight:RuneStrike","DeathKnight:Runesurge+1","DeathKnight:DeathRune","DeathKnight:MindFreeze","DeathKnight:DeathAndDecay","DeathKnight:DeathCoil","DeathKnight:DancingRuneblade","DeathKnight:DeathStrike+1","DeathKnight:UnholyFrenzy+1"],"relics":["DeathKnight:BrokenRuneblade","Prayer Wheel","Molten Egg 2"],"acts_visited":["Exordium"],"potions_floor_usage":[6],"damage_taken":[{"damage":0,"enemies":"Cultist","floor":1,"turns":3},{"damage":0,"enemies":"2 Louse","floor":2,"turns":3},{"damage":2,"enemies":"Small Slimes","floor":3,"turns":4},{"damage":5,"enemies":"Exordium Thugs","floor":5,"turns":6},{"damage":10,"enemies":"Lagavulin","floor":6,"turns":6},{"damage":11,"enemies":"Lots of Slimes","floor":8,"turns":3},{"damage":50,"enemies":"Gremlin Nob","floor":12,"turns":4}],"seed_played":"-1108505000533097832","potions_obtained":[{"floor":2,"key":"Adrenaline Potion"},{"floor":3,"key":"SmokeBomb"},{"floor":6,"key":"SmokeBomb"},{"floor":8,"key":"DeathKnight:VirulencePotion"}],"is_trial":false,"path_per_floor":["M","M","M","?","M","E","R","M","T","?","$","E"],"character_chosen":"DEATH_KNIGHT","items_purchased":["DeathKnight:DeathStrike+1","DeathKnight:UnholyFrenzy+1"],"campfire_rested":0,"item_purchase_floors":[11,11],"current_hp_per_floor":[75,75,73,73,68,58,58,47,47,47,47,0,0],"gold":0,"neow_bonus":"THREE_RARE_CARDS","is_daily":false,"chose_seed":false,"campfire_upgraded":1,"win_rate":0.0,"timestamp":1611769334,"path_taken":["M","M","M","?","M","E","R","M","T","?","$","E"],"items_purchased_type":["Card","Card"],"build_version":"2020-12-22","purchased_purges":0,"victory":false,"max_hp_per_floor":[75,75,75,75,75,75,75,75,75,75,75,75,75],"card_choices":[{"not_picked":["DeathKnight:ArmyOfTheDead","DeathKnight:ReapingStrike"],"picked":"DeathKnight:Runesurge","floor":0},{"not_picked":["DeathKnight:ScourgeStrike","DeathKnight:FesteringStrike"],"picked":"DeathKnight:DeathRune","floor":1},{"not_picked":["DeathKnight:RuneShock","DeathKnight:DeathsAdvance"],"picked":"DeathKnight:MindFreeze","floor":2},{"not_picked":["DeathKnight:DeathsAdvance","DeathKnight:Hysteria","DeathKnight:FoulBulwark"],"picked":"SKIP","floor":3},{"not_picked":["DeathKnight:RaiseAlly","DeathKnight:Culling","DeathKnight:FesteringStrike"],"picked":"SKIP","floor":5},{"not_picked":["DeathKnight:Ossuary","DeathKnight:IceboundArmor"],"picked":"DeathKnight:DeathAndDecay","floor":6},{"not_picked":["DeathKnight:BladedArmor","DeathKnight:RaiseAlly"],"picked":"DeathKnight:DeathCoil","floor":8},{"not_picked":["DeathKnight:RaiseAlly","DeathKnight:DeathCoil"],"picked":"DeathKnight:DancingRuneblade","floor":8}],"player_experience":66065,"relics_obtained":[{"floor":6,"key":"Prayer Wheel"},{"floor":9,"key":"Molten Egg 2"}],"event_choices":[{"damage_healed":0,"gold_gain":0,"player_choice":"Leave","damage_taken":0,"max_hp_gain":0,"max_hp_loss":0,"event_name":"The Cleric","floor":4,"gold_loss":0},{"damage_healed":0,"gold_gain":0,"player_choice":"Grow","damage_taken":0,"max_hp_gain":0,"max_hp_loss":0,"event_name":"Living Wall","floor":10,"gold_loss":0,"cards_upgraded":["DeathKnight:Runesurge"]}],"is_beta":false,"boss_relics":[],"items_purged_floors":[],"is_endless":false,"potions_floor_spawned":[2,3,6,8],"killed_by":"Gremlin Nob","ascension_level":0}}