{"host":"y89x8uui45kcjy42","time":1611706373,"event":{"mods":["2.2 Compatiblity","BaseMod","CapriCore","Colored Map","Colored Powertips","Custom Start","Friendly Minions","Keyboard Shortcuts","Minty Spire (QoL Compilation)","Relic Stats","Slay the Relics Exporter","StSLib","SuperFastMode","Uncapped"],"gold_per_floor":[113,113,113,127,144,144,179,179,179,195,212,231,247,275,275,347,347,363,313,313,333,343,343,378,378,378,404,421,18,18,45,45,120,120,135,150,372,397,397,427,427,427,427,427,427,461,476,493,493,493,493,493,493,227,259,259],"floor_reached":57,"language":"KOR","playtime":1896,"items_purged":["Eruption+1","Riddle With Holes+1"],"score":3495,"play_id":"316a1f59-1186-4f5a-8528-641f059190d1","local_time":"20210127091253","is_ascension_mode":true,"campfire_choices":[{"floor":6,"key":"RECALL"},{"data":"Collect","floor":8,"key":"SMITH"},{"data":"Vault","floor":15,"key":"SMITH"},{"data":"Pray","floor":23,"key":"SMITH"},{"data":"Prostrate","floor":25,"key":"SMITH"},{"data":"Devotion","floor":32,"key":"SMITH"},{"data":"Scrawl","floor":41,"key":"SMITH"},{"data":"Wallop","floor":42,"key":"SMITH"},{"data":"Brilliance","floor":44,"key":"SMITH"},{"floor":49,"key":"REST"},{"floor":53,"key":"REST"}],"circlet_count":0,"master_deck":["Envenom+1","Phantasmal Killer+1","Ghostly+1","Ghostly+1","Ghostly+1","Ghostly+1","Ghostly+1","Vigilance+1","Pummel+1","Skewer+1","Core Surge+1","Vault+1","Prostrate+1","Devotion+1","MentalFortress+1","Pray+1","DevaForm+1","Brilliance+1","Wallop+1","Scrawl+1","Worship+1","Fasting2+1","Devotion","Alpha"],"relics":["HolyWater","Snake Skull","TeardropLocket","Damaru","Bag of Preparation","Chemical X","Necronomicon","ClockworkSouvenir","Art of War","Mercury Hourglass","HornCleat","Cursed Key","Orichalcum","CloakClasp","Omamori","Sundial","Sling","Red Mask","SlaversCollar","Bird Faced Urn","Pen Nib","Eternal Feather","WingedGreaves","Strawberry"],"acts_visited":["Exordium","TheCity","TheBeyond","TheEnding"],"potions_floor_usage":[40,56,56,56],"damage_taken":[{"damage":0,"enemies":"Jaw Worm","floor":1,"turns":1},{"damage":1,"enemies":"2 Louse","floor":4,"turns":2},{"damage":0,"enemies":"Cultist","floor":5,"turns":1},{"damage":0,"enemies":"Lagavulin","floor":7,"turns":1},{"damage":0,"enemies":"Blue Slaver","floor":10,"turns":1},{"damage":0,"enemies":"Large Slime","floor":11,"turns":1},{"damage":0,"enemies":"2 Fungi Beasts","floor":12,"turns":1},{"damage":0,"enemies":"Looter","floor":13,"turns":1},{"damage":0,"enemies":"Gremlin Nob","floor":14,"turns":2},{"damage":0,"enemies":"Slime Boss","floor":16,"turns":3},{"damage":0,"enemies":"3 Byrds","floor":18,"turns":3},{"damage":0,"enemies":"2 Thieves","floor":21,"turns":1},{"damage":1,"enemies":"Centurion and Healer","floor":22,"turns":2},{"damage":0,"enemies":"Book of Stabbing","floor":24,"turns":3},{"damage":0,"enemies":"Slavers","floor":27,"turns":5},{"damage":0,"enemies":"Sentry and Sphere","floor":28,"turns":2},{"damage":0,"enemies":"Masked Bandits","floor":31,"turns":3},{"damage":0,"enemies":"Champ","floor":33,"turns":3},{"damage":0,"enemies":"Orb Walker","floor":35,"turns":3},{"damage":0,"enemies":"3 Darklings","floor":36,"turns":3},{"damage":0,"enemies":"Mind Bloom Boss Battle","floor":38,"turns":2},{"damage":0,"enemies":"Reptomancer","floor":40,"turns":2},{"damage":0,"enemies":"Nemesis","floor":46,"turns":4},{"damage":0,"enemies":"Transient","floor":47,"turns":6},{"damage":0,"enemies":"Jaw Worm Horde","floor":48,"turns":5},{"damage":23,"enemies":"Donu and Deca","floor":50,"turns":4},{"damage":0,"enemies":"Awakened One","floor":51,"turns":6},{"damage":0,"enemies":"Shield and Spear","floor":55,"turns":6},{"damage":56,"enemies":"The Heart","floor":56,"turns":9}],"seed_played":"4036809140172626287","potions_obtained":[{"floor":1,"key":"Fire Potion"},{"floor":7,"key":"BottledMiracle"},{"floor":13,"key":"DuplicationPotion"},{"floor":46,"key":"Block Potion"},{"floor":48,"key":"EntropicBrew"}],"is_trial":false,"path_per_floor":["M","?","$","M","M","R","E","R","T","M","M","M","M","E","R","B",null,"M","?","$","M","M","R","E","R","T","E","M","$","?","?","R","B",null,"M","M","?","?","?","E","R","R","T","R","?","E","M","M","R","B","B",null,"R","$","E","B",null],"character_chosen":"WATCHER","items_purchased":["Sling","Brilliance","Devotion"],"campfire_rested":2,"item_purchase_floors":[29,29,54],"current_hp_per_floor":[61,56,56,55,55,55,55,55,55,55,55,55,55,55,55,55,65,65,65,65,65,64,64,64,64,64,64,64,64,64,64,64,64,67,67,67,67,67,65,65,65,65,65,65,65,65,65,65,65,52,60,71,75,75,82,40],"gold":259,"neow_bonus":"THREE_CARDS","is_daily":false,"chose_seed":false,"campfire_upgraded":8,"win_rate":0.0,"timestamp":1611706373,"path_taken":["M","?","$","M","M","R","E","R","T","M","M","M","M","E","R","BOSS","M","?","$","M","M","R","E","R","T","E","M","?","?","?","R","BOSS","M","M","?","?","?","E","R","R","T","R","?","E","?","M","R","BOSS","BOSS","R","$","E","BOSS"],"items_purchased_type":["Relic","Card","Card"],"build_version":"2020-12-22","purchased_purges":2,"victory":true,"max_hp_per_floor":[68,68,68,68,68,68,68,68,68,68,68,68,68,68,68,68,68,68,68,68,68,68,68,68,68,68,68,68,68,68,68,68,68,68,68,68,68,68,65,65,65,65,65,65,65,65,65,65,65,75,75,75,75,75,82,82],"relic_stats":{"counters":[29,86],"Eternal Feather":4,"Snake Skull":[228],"Pen Nib":[5],"Bag of Preparation":[58],"CloakClasp":[242],"Orichalcum":[108],"Cursed Key":2,"Mercury Hourglass":[333],"Sundial":[6],"Bird Faced Urn":[22],"Necronomicon":[49],"Art of War":[15],"Chemical X":[39],"obtain_stats":[{"Snake Skull":0,"Bag of Preparation":0,"CloakClasp":26,"TeardropLocket":0,"Cursed Key":17,"Sling":29,"ClockworkSouvenir":4,"HornCleat":14,"Sundial":27,"Strawberry":55,"WingedGreaves":36,"Necronomicon":0,"Red Mask":31,"Chemical X":0,"Blue Candle":2,"Damaru":0,"Eternal Feather":46,"Pen Nib":40,"Omamori":0,"Orichalcum":24,"Mercury Hourglass":9,"SlaversCollar":34,"Bird Faced Urn":38,"HolyWater":0,"Art of War":7,"PureWater":0},{"Snake Skull":0,"Bag of Preparation":0,"CloakClasp":14,"TeardropLocket":0,"Cursed Key":10,"Sling":16,"ClockworkSouvenir":2,"HornCleat":9,"Sundial":15,"Strawberry":28,"WingedGreaves":20,"Necronomicon":0,"Red Mask":17,"Chemical X":0,"Blue Candle":1,"Damaru":0,"Eternal Feather":23,"Pen Nib":22,"Omamori":0,"Orichalcum":14,"Mercury Hourglass":4,"SlaversCollar":18,"Bird Faced Urn":21,"HolyWater":0,"Art of War":4,"PureWater":0},{"Snake Skull":0,"Bag of Preparation":0,"CloakClasp":23,"TeardropLocket":0,"Cursed Key":14,"Sling":30,"ClockworkSouvenir":3,"HornCleat":11,"Sundial":28,"Strawberry":77,"WingedGreaves":42,"Necronomicon":0,"Red Mask":33,"Chemical X":0,"Blue Candle":1,"Damaru":0,"Eternal Feather":50,"Pen Nib":46,"Omamori":0,"Orichalcum":23,"Mercury Hourglass":5,"SlaversCollar":36,"Bird Faced Urn":44,"HolyWater":0,"Art of War":5,"PureWater":0}]},"card_choices":[{"not_picked":["Swivel","FollowUp","Vengeance"],"picked":"SKIP","floor":1},{"not_picked":["Sanctity","EmptyFist","Swivel"],"picked":"SKIP","floor":4},{"not_picked":["CrushJoints","EmptyMind","Crescendo"],"picked":"SKIP","floor":5},{"not_picked":["ClearTheMind","EmptyMind"],"picked":"Collect","floor":7},{"not_picked":["BattleHymn","Halt"],"picked":"Vault","floor":10},{"not_picked":["WreathOfFlame","FollowUp","BowlingBash"],"picked":"SKIP","floor":11},{"not_picked":["JustLucky","ClearTheMind","Conclude"],"picked":"SKIP","floor":12},{"not_picked":["ThirdEye","FollowUp"],"picked":"Prostrate","floor":13},{"not_picked":["FlyingSleeves","Vengeance","PathToVictory"],"picked":"SKIP","floor":14},{"not_picked":["DeusExMachina","Brilliance"],"picked":"Devotion","floor":16},{"not_picked":["Crescendo","Consecrate","BowlingBash"],"picked":"SKIP","floor":18},{"not_picked":["Sanctity","ClearTheMind"],"picked":"MentalFortress+1","floor":21},{"not_picked":["Pray","EmptyFist","CutThroughFate"],"picked":"SKIP","floor":22},{"not_picked":["EmptyFist","CutThroughFate"],"picked":"Pray","floor":22},{"not_picked":["EmptyBody","JustLucky","FlurryOfBlows+1"],"picked":"SKIP","floor":24},{"not_picked":["CutThroughFate","SignatureMove"],"picked":"DevaForm","floor":27},{"not_picked":["Meditate+1","CrushJoints","PathToVictory"],"picked":"SKIP","floor":28},{"not_picked":["Protect","SashWhip"],"picked":"Wallop","floor":31},{"not_picked":["Vault","Blasphemy"],"picked":"Scrawl","floor":33},{"not_picked":["Sanctity+1","Conclude","ClearTheMind+1"],"picked":"SKIP","floor":35},{"not_picked":["ThirdEye","Crescendo","Adaptation+1"],"picked":"SKIP","floor":36},{"not_picked":["Consecrate","LikeWater","Fasting2"],"picked":"SKIP","floor":40},{"not_picked":["EmptyBody","Study+1","Swivel"],"picked":"SKIP","floor":46},{"not_picked":["Wireheading","EmptyFist"],"picked":"Worship+1","floor":47},{"not_picked":["CutThroughFate+1","EmptyBody"],"picked":"Fasting2+1","floor":48},{"not_picked":["Judgement","Halt"],"picked":"Alpha","floor":55}],"player_experience":660361,"relics_obtained":[{"floor":7,"key":"Art of War"},{"floor":9,"key":"Mercury Hourglass"},{"floor":14,"key":"HornCleat"},{"floor":24,"key":"Orichalcum"},{"floor":26,"key":"CloakClasp"},{"floor":27,"key":"Sundial"},{"floor":31,"key":"Red Mask"},{"floor":38,"key":"Bird Faced Urn"},{"floor":40,"key":"Pen Nib"},{"floor":46,"key":"Eternal Feather"},{"floor":55,"key":"Strawberry"}],"event_choices":[{"damage_healed":0,"gold_gain":0,"player_choice":"Success","damage_taken":5,"relics_obtained":["Blue Candle"],"max_hp_gain":0,"max_hp_loss":0,"event_name":"Scrap Ooze","floor":2,"gold_loss":0},{"damage_healed":0,"gold_gain":0,"player_choice":"Bet on Owner","damage_taken":0,"max_hp_gain":0,"max_hp_loss":0,"event_name":"The Joust","floor":19,"gold_loss":50},{"cards_removed":["Collect"],"damage_healed":0,"gold_gain":0,"player_choice":"Elegance","damage_taken":0,"max_hp_gain":0,"max_hp_loss":0,"event_name":"Back to Basics","floor":30,"gold_loss":0},{"damage_healed":0,"gold_gain":0,"player_choice":"Fought Bandits","damage_taken":0,"max_hp_gain":0,"max_hp_loss":0,"event_name":"Masked Bandits","floor":31,"gold_loss":0},{"damage_healed":0,"gold_gain":222,"player_choice":"Wore Mask","damage_taken":0,"max_hp_gain":0,"max_hp_loss":0,"event_name":"Tomb of Lord Red Mask","floor":37,"gold_loss":0},{"damage_healed":0,"gold_gain":0,"player_choice":"Fight","damage_taken":0,"max_hp_gain":0,"max_hp_loss":0,"event_name":"MindBloom","floor":38,"gold_loss":0},{"damage_healed":0,"gold_gain":0,"player_choice":"Max HP","damage_taken":0,"max_hp_gain":0,"max_hp_loss":3,"event_name":"Winding Halls","floor":39,"gold_loss":0},{"damage_healed":0,"gold_gain":0,"player_choice":"Upgraded","damage_taken":0,"max_hp_gain":0,"max_hp_loss":0,"event_name":"Upgrade Shrine","floor":45,"gold_loss":0,"cards_upgraded":["DevaForm"]}],"is_beta":false,"boss_relics":[{"not_picked":["Velvet Choker","Runic Dome","Sozu"]},{"not_picked":["Calling Bell","Philosopher\u0027s Stone"],"picked":"SlaversCollar"}],"items_purged_floors":[29,54],"is_endless":false,"potions_floor_spawned":[1,7,12,13,16,21,24,27,31,38,46,47,48],"ascension_level":20}}