{"host":"v3mpq6flurzldi5g","time":1611789706,"event":{"mods":["AchievementEnabler","BaseMod","Colored Powertips","Highlight Path","Minty Spire (QoL Compilation)","StSLib"],"gold_per_floor":[119,134,59,69,83,127,127,127,127,127,156,156,181,216,216,300,350,362,149,149,158,155,155,178,178,178],"floor_reached":25,"language":"ENG","playtime":1367,"items_purged":["Defend_G"],"score":351,"play_id":"dbab6ef2-cf7d-4d64-b935-ba4d639ec8da","local_time":"20210127182146","is_ascension_mode":true,"campfire_choices":[{"floor":7.0,"key":"REST"},{"floor":10.0,"key":"REST"},{"floor":12.0,"key":"REST"},{"floor":15.0,"key":"REST"},{"floor":23,"key":"REST"}],"circlet_count":0,"master_deck":["AscendersBane","Strike_G","Strike_G","Strike_G","Defend_G","Defend_G","Defend_G","Defend_G","Survivor","Neutralize","Cloak And Dagger","Cloak And Dagger","Footwork","Storm of Steel+1","Leg Sweep","Deadly Poison","Accuracy","Glass Knife","Infinite Blades","Dodge and Roll","Finisher","Blade Dance"],"relics":["Ring of the Snake","CeramicFish","White Beast Statue","CaptainsWheel","Tiny House","Sling","Enchiridion"],"acts_visited":["Exordium","TheCity"],"potions_floor_usage":[24],"damage_taken":[{"damage":10.0,"enemies":"Cultist","floor":1.0,"turns":8.0},{"damage":10.0,"enemies":"2 Louse","floor":2.0,"turns":3.0},{"damage":0.0,"enemies":"Jaw Worm","floor":4.0,"turns":5.0},{"damage":3.0,"enemies":"3 Louse","floor":5.0,"turns":7.0},{"damage":39.0,"enemies":"Gremlin Nob","floor":6.0,"turns":7.0},{"damage":11.0,"enemies":"Gremlin Gang","floor":11.0,"turns":5.0},{"damage":2.0,"enemies":"Blue Slaver","floor":13.0,"turns":5.0},{"damage":12.0,"enemies":"Lagavulin","floor":14.0,"turns":7.0},{"damage":27.0,"enemies":"The Guardian","floor":16.0,"turns":16.0},{"damage":7.0,"enemies":"3 Byrds","floor":18.0,"turns":3.0},{"damage":19,"enemies":"2 Thieves","floor":22,"turns":4},{"damage":19,"enemies":"Chosen and Byrds","floor":24,"turns":8},{"damage":25,"enemies":"Gremlin Leader","floor":25,"turns":4}],"seed_played":"-1763438104060978229","potions_obtained":[{"floor":1.0,"key":"BlessingOfTheForge"},{"floor":4.0,"key":"Energy Potion"},{"floor":11.0,"key":"Fire Potion"},{"floor":14.0,"key":"Weak Potion"},{"floor":16.0,"key":"PowerPotion"},{"floor":17.0,"key":"Swift Potion"},{"floor":18.0,"key":"LiquidBronze"},{"floor":22,"key":"Dexterity Potion"},{"floor":24,"key":"Strength Potion"}],"is_trial":false,"path_per_floor":["M","M","$","M","M","E","R","?","T","R","M","R","M","E","R","B",null,"M","$","?","?","M","R","M","E"],"character_chosen":"THE_SILENT","items_purchased":["Sling","Infinite Blades"],"campfire_rested":5,"item_purchase_floors":[19,19],"current_hp_per_floor":[53,43,43,43,40,1,22,15,15,36,25,46,44,32,53,26,64,57,57,41,41,22,44,25,0,0],"gold":178,"neow_bonus":"REMOVE_CARD","is_daily":false,"chose_seed":false,"campfire_upgraded":0,"win_rate":0.0,"timestamp":1611789706,"path_taken":["M","M","$","?","M","E","R","?","T","R","?","R","M","E","R","BOSS","M","$","?","?","?","R","M","E"],"items_purchased_type":["Relic","Card"],"build_version":"2020-12-22","purchased_purges":1,"victory":false,"max_hp_per_floor":[70,70,70,70,70,70,70,70,70,70,70,70,70,70,70,70,75,75,75,75,75,75,75,75,75,75],"card_choices":[{"not_picked":["Masterful Stab","Flechettes"],"picked":"Cloak And Dagger","floor":1.0},{"not_picked":["Well Laid Plans","Eviscerate"],"picked":"Cloak And Dagger","floor":2.0},{"not_picked":["Sucker Punch","Outmaneuver"],"picked":"Footwork","floor":4.0},{"not_picked":["Sucker Punch","Flying Knee","Dodge and Roll"],"picked":"SKIP","floor":5.0},{"not_picked":["Choke","Quick Slash"],"picked":"Storm of Steel","floor":6.0},{"not_picked":["Cloak And Dagger","Dash"],"picked":"Leg Sweep","floor":11.0},{"not_picked":["Acrobatics","Slice"],"picked":"Deadly Poison","floor":13.0},{"not_picked":["Bullet Time","Catalyst"],"picked":"Accuracy","floor":14.0},{"not_picked":["Unload","Phantasmal Killer"],"picked":"Glass Knife","floor":16.0},{"not_picked":["Terror","Catalyst+1","Eviscerate"],"picked":"SKIP","floor":18.0},{"not_picked":["Setup","Choke"],"picked":"Finisher","floor":22},{"not_picked":["Prepared","Acrobatics+1"],"picked":"Blade Dance","floor":24}],"player_experience":1086486,"relics_obtained":[{"floor":6.0,"key":"CeramicFish"},{"floor":9.0,"key":"White Beast Statue"},{"floor":14.0,"key":"CaptainsWheel"},{"floor":20,"key":"Enchiridion"}],"event_choices":[{"damage_healed":0.0,"max_hp_gain":0.0,"max_hp_loss":0.0,"gold_gain":0.0,"event_name":"Wheel of Change","player_choice":"Damaged","floor":8.0,"gold_loss":0.0,"damage_taken":7.0},{"damage_healed":0,"gold_gain":0,"player_choice":"Obtained Book","damage_taken":16,"max_hp_gain":0,"max_hp_loss":0,"event_name":"Cursed Tome","floor":20,"gold_loss":0},{"damage_healed":0,"gold_gain":0,"cards_transformed":["Strike_G"],"player_choice":"Transformed","damage_taken":0,"max_hp_gain":0,"max_hp_loss":0,"event_name":"Transmorgrifier","floor":21,"gold_loss":0,"cards_obtained":["Dodge and Roll"]}],"is_beta":false,"boss_relics":[{"not_picked":["Snecko Eye","Pandora\u0027s Box"],"picked":"Tiny House"}],"items_purged_floors":[3],"is_endless":false,"potions_floor_spawned":[1,4,11,13,14,16,18,22,24],"killed_by":"Gremlin Leader","ascension_level":13}}