{"host":"dm4yvegl9um2tlqd","time":1611751408,"event":{"mods":["2.2 Compatiblity","AchievementEnabler","BaseMod","Colored Map","DeckTracker","Highlight Path","KOR Keyword Fix","Keyboard Shortcuts","Minty Spire (QoL Compilation)","Permanent Neow","Quick Restart","Random Character Button","StSLib","SuperFastMode","everything is the same but u backflip on backflip"],"gold_per_floor":[117,117,46,56,76,106,126,126,149,149,1,15,15,35,35,133,183,203,217,217,234,14,14,24,24,49,59,33,33,33],"floor_reached":29,"language":"KOR","playtime":921,"items_purged":[],"score":474,"play_id":"bdfc139c-ea61-4d5c-a087-f47e1f0f2d1f","local_time":"20210127214328","is_ascension_mode":true,"campfire_choices":[{"floor":8,"key":"REST"},{"data":"Noxious Fumes","floor":10,"key":"SMITH"},{"data":"Neutralize","floor":13,"key":"SMITH"},{"floor":15,"key":"REST"},{"floor":23,"key":"REST"},{"floor":25,"key":"REST"}],"circlet_count":0,"master_deck":["Strike_G","Strike_G","Strike_G","Strike_G","Strike_G","Defend_G","Defend_G","Defend_G","Defend_G","Defend_G","Survivor","Neutralize+1","Flying Knee+1","Noxious Fumes+1","Backflip","Choke","Tactician","Dash","Blur","Prepared","Glass Knife","Escape Plan","Blur","Prepared+1","Calculated Gamble+1","Masterful Stab","Well Laid Plans","Acrobatics","Dodge and Roll"],"relics":["Ring of the Snake","NeowsBlessing","CultistMask","Snake Skull","Lantern","Tiny House","Oddly Smooth Stone","PreservedInsect"],"acts_visited":["TheCity"],"potions_floor_usage":[21,24,29],"damage_taken":[{"damage":0,"enemies":"2 Louse","floor":1,"turns":1},{"damage":0,"enemies":"Cultist","floor":4,"turns":1},{"damage":0,"enemies":"Jaw Worm","floor":5,"turns":1},{"damage":31,"enemies":"Lagavulin","floor":6,"turns":7},{"damage":28,"enemies":"Exordium Wildlife","floor":7,"turns":6},{"damage":6,"enemies":"2 Fungi Beasts","floor":12,"turns":4},{"damage":0,"enemies":"Exordium Thugs","floor":14,"turns":4},{"damage":21,"enemies":"Hexaghost","floor":16,"turns":12},{"damage":14,"enemies":"3 Byrds","floor":18,"turns":5},{"damage":20,"enemies":"Chosen","floor":19,"turns":5},{"damage":22,"enemies":"Snecko","floor":21,"turns":6},{"damage":18,"enemies":"Cultist and Chosen","floor":24,"turns":7},{"damage":2,"enemies":"Snake Plant","floor":27,"turns":5},{"damage":70,"enemies":"Gremlin Leader","floor":29,"turns":5}],"seed_played":"1341919183898584868","potions_obtained":[{"floor":4,"key":"FearPotion"},{"floor":5,"key":"GamblersBrew"},{"floor":6,"key":"Energy Potion"},{"floor":14,"key":"FairyPotion"},{"floor":17,"key":"GhostInAJar"},{"floor":21,"key":"SkillPotion"},{"floor":27,"key":"Dexterity Potion"}],"is_trial":false,"path_per_floor":["M","?","$","M","M","E","M","R","T","R","$","M","R","M","R","B",null,"M","M","?","M","$","R","M","R","T","M","$","E"],"character_chosen":"THE_SILENT","items_purchased":["Noxious Fumes","Dash","Blur","Masterful Stab","Oddly Smooth Stone","Dodge and Roll"],"campfire_rested":4,"item_purchase_floors":[3,11,11,22,22,28],"current_hp_per_floor":[63,63,63,63,63,32,4,25,25,25,25,19,19,19,40,19,62,48,28,28,6,6,28,10,32,32,30,30,0,0],"gold":33,"neow_bonus":"THREE_ENEMY_KILL","is_daily":false,"chose_seed":false,"campfire_upgraded":2,"win_rate":0.0,"timestamp":1611751408,"path_taken":["M","?","$","?","?","E","M","R","T","R","$","M","R","M","R","BOSS","M","M","?","M","$","R","M","R","T","M","?","E"],"items_purchased_type":["Card","Card","Card","Card","Relic","Card"],"build_version":"2020-12-22","purchased_purges":0,"victory":false,"max_hp_per_floor":[70,70,70,70,70,70,70,70,70,70,70,70,70,70,70,70,75,75,75,75,75,75,75,75,75,75,75,75,75,75],"card_choices":[{"not_picked":["Underhanded Strike","Outmaneuver"],"picked":"Flying Knee","floor":1},{"not_picked":["Endless Agony","Deflect"],"picked":"Backflip","floor":4},{"not_picked":["Riddle With Holes","Expertise"],"picked":"Choke","floor":5},{"not_picked":["Slice","Distraction"],"picked":"Tactician","floor":6},{"not_picked":["Slice","Setup","Terror"],"picked":"SKIP","floor":7},{"not_picked":["Burst","Slice","Underhanded Strike"],"picked":"SKIP","floor":12},{"not_picked":["PiercingWail","Underhanded Strike"],"picked":"Prepared","floor":14},{"not_picked":["Doppelganger","Malaise"],"picked":"Glass Knife","floor":16},{"not_picked":["Poisoned Stab","Terror"],"picked":"Escape Plan","floor":17},{"not_picked":["Dagger Spray","Underhanded Strike+1"],"picked":"Blur","floor":18},{"not_picked":["Endless Agony","Riddle With Holes"],"picked":"Prepared+1","floor":19},{"not_picked":["Acrobatics","Poisoned Stab"],"picked":"Calculated Gamble+1","floor":21},{"not_picked":["Predator+1","Sucker Punch"],"picked":"Well Laid Plans","floor":24},{"not_picked":["Deadly Poison","Outmaneuver+1"],"picked":"Acrobatics","floor":27}],"player_experience":88868,"relics_obtained":[{"floor":6,"key":"Snake Skull"},{"floor":9,"key":"Lantern"},{"floor":26,"key":"PreservedInsect"}],"event_choices":[{"damage_healed":0,"gold_gain":0,"player_choice":"Trade","damage_taken":0,"relics_obtained":["CultistMask"],"max_hp_gain":0,"max_hp_loss":0,"event_name":"FaceTrader","floor":2,"gold_loss":0},{"damage_healed":0,"gold_gain":0,"player_choice":"Ignored","damage_taken":0,"max_hp_gain":0,"max_hp_loss":0,"event_name":"Vampires","floor":20,"gold_loss":0}],"is_beta":false,"boss_relics":[{"not_picked":["Runic Dome","Velvet Choker"],"picked":"Tiny House"}],"items_purged_floors":[],"is_endless":false,"potions_floor_spawned":[4,5,6,14,18,19,21,27],"killed_by":"Gremlin Leader","ascension_level":9}}