{"host":"q3s8ewiy6v9taln3","time":1611708930,"event":{"mods":["BaseMod","Minty Spire (QoL Compilation)"],"gold_per_floor":[116,41,51,1,11,11,43,43,43,120,133,133,62,73,73,174,174,184,0,0,20,20,20],"floor_reached":22,"language":"ENG","playtime":529,"items_purged":["Strike_R"],"score":230,"play_id":"fa4282e5-89f6-4321-93aa-3d4979d5ca27","local_time":"20210126195530","is_ascension_mode":true,"campfire_choices":[{"data":"Demon Form","floor":6,"key":"SMITH"},{"data":"Bash","floor":12,"key":"SMITH"},{"data":"Seeing Red","floor":15,"key":"SMITH"}],"circlet_count":0,"master_deck":["Strike_R","Strike_R","Strike_R","Defend_R+1","Defend_R+1","Defend_R","Defend_R","Bash+1","Flex","Demon Form+1","Pommel Strike+1","Seeing Red+1","Reaper","Infernal Blade"],"relics":["Burning Blood","InkBottle","War Paint","Black Star"],"acts_visited":["Exordium","TheCity"],"potions_floor_usage":[7,11,16,16,16],"damage_taken":[{"damage":10,"enemies":"Cultist","floor":1,"turns":5},{"damage":10,"enemies":"Small Slimes","floor":3,"turns":4},{"damage":9,"enemies":"Jaw Worm","floor":5,"turns":3},{"damage":64,"enemies":"Gremlin Nob","floor":7,"turns":5},{"damage":0,"enemies":"3 Louse","floor":11,"turns":2},{"damage":0,"enemies":"Blue Slaver","floor":14,"turns":3},{"damage":37,"enemies":"Hexaghost","floor":16,"turns":7},{"damage":49,"enemies":"2 Thieves","floor":18,"turns":4},{"damage":37,"enemies":"Shell Parasite","floor":21,"turns":6},{"damage":30,"enemies":"Shelled Parasite and Fungi","floor":22,"turns":4}],"seed_played":"-1228117099926097672","potions_obtained":[{"floor":0,"key":"SneckoOil"},{"floor":0,"key":"BloodPotion"},{"floor":0,"key":"BloodPotion"},{"floor":5,"key":"Regen Potion"},{"floor":7,"key":"Explosive Potion"},{"floor":14,"key":"LiquidBronze"}],"is_trial":false,"path_per_floor":["M","$","M","?","M","R","E","?","T","?","M","R","$","M","R","B",null,"M","?","?","M","M"],"character_chosen":"IRONCLAD","items_purchased":["Seeing Red"],"campfire_rested":0,"item_purchase_floors":[13],"current_hp_per_floor":[76,76,72,72,69,69,27,27,27,27,33,33,33,39,39,39,70,45,45,45,30,0,0],"gold":20,"neow_bonus":"THREE_SMALL_POTIONS","is_daily":false,"chose_seed":false,"campfire_upgraded":3,"win_rate":0.0,"timestamp":1611708930,"path_taken":["M","$","?","?","M","R","E","?","T","?","M","R","?","M","R","BOSS","M","?","?","M","M"],"items_purchased_type":["Card"],"build_version":"2020-12-22","purchased_purges":1,"victory":false,"max_hp_per_floor":[80,80,80,80,80,80,80,80,80,80,80,80,80,80,80,80,80,80,80,80,80,80,80],"card_choices":[{"not_picked":["Reckless Charge","Headbutt","Iron Wave"],"picked":"SKIP","floor":1},{"not_picked":["Wild Strike","Headbutt"],"picked":"Flex","floor":3},{"not_picked":["Clothesline","Thunderclap"],"picked":"Demon Form","floor":5},{"not_picked":["Feel No Pain","Burning Pact"],"picked":"Pommel Strike","floor":7},{"not_picked":["Second Wind","Flex","Uppercut"],"picked":"SKIP","floor":11},{"not_picked":["Clothesline","Anger","Power Through"],"picked":"SKIP","floor":14},{"not_picked":["Exhume","Berserk"],"picked":"Reaper","floor":16},{"not_picked":["Clash","Power Through"],"picked":"Infernal Blade","floor":18},{"not_picked":["Iron Wave+1","Clothesline","Shrug It Off"],"picked":"SKIP","floor":21}],"player_experience":142404,"relics_obtained":[{"floor":7,"key":"InkBottle"},{"floor":9,"key":"War Paint"}],"event_choices":[{"cards_removed":["Strike_R"],"damage_healed":0,"gold_gain":0,"player_choice":"Card Removal","damage_taken":0,"max_hp_gain":0,"max_hp_loss":0,"event_name":"The Cleric","floor":4,"gold_loss":50},{"damage_healed":0,"gold_gain":0,"player_choice":"Grow","damage_taken":0,"max_hp_gain":0,"max_hp_loss":0,"event_name":"Living Wall","floor":8,"gold_loss":0,"cards_upgraded":["Pommel Strike"]},{"damage_healed":0,"gold_gain":77,"player_choice":"Gained Gold","damage_taken":0,"max_hp_gain":0,"max_hp_loss":0,"event_name":"Golden Wing","floor":10,"gold_loss":0},{"damage_healed":0,"gold_gain":0,"player_choice":"Paid Fearfully","damage_taken":0,"max_hp_gain":0,"max_hp_loss":0,"event_name":"Masked Bandits","floor":19,"gold_loss":184},{"damage_healed":0,"gold_gain":0,"player_choice":"Ignored","damage_taken":0,"max_hp_gain":0,"max_hp_loss":0,"event_name":"Ghosts","floor":20,"gold_loss":0}],"is_beta":false,"boss_relics":[{"not_picked":["Snecko Eye","Fusion Hammer"],"picked":"Black Star"}],"items_purged_floors":[2],"is_endless":false,"potions_floor_spawned":[5,7,14],"killed_by":"Shelled Parasite and Fungi","ascension_level":5}}