{"host":"iao9zlhzdan4iyha","time":1611750649,"event":{"mods":["BaseMod","BetterRewards","Downfall","Hermit","Ironclad Rager","Minty Spire (QoL Compilation)","Quick Restart","Replay The Spire","Shop Mod","StSLib","The Bug Knight","The Judge","The Runesmith"],"gold_per_floor":[99,113,133,133,192,192,243,243,9,69,79,64,64,127,189,298,298,298,317,335,365,397,197,197,197,273,273,273,1,1,0,21,136,136,211,211,269,269,269,309,336,357,407,307,342,374,374,190,225,241,241,241],"floor_reached":50,"language":"ENG","playtime":7007,"items_purged":["Voices"],"score":619,"play_id":"ad8c42e1-bf5d-4374-97f5-a203f35ed5be","local_time":"20210127123049","is_ascension_mode":false,"campfire_choices":[{"data":"champ:Taunt","floor":1,"key":"SMITH"},{"floor":6,"key":"RECALL"},{"data":"champ:Improvising","floor":13,"key":"SMITH"},{"data":"champ:UltimateStance","floor":18,"key":"SMITH"},{"data":"champ:Backstep","floor":23,"key":"SMITH"},{"data":"champ:Endure","floor":25,"key":"SMITH"},{"data":"champ:Duel","floor":28,"key":"SMITH"},{"floor":30,"key":"REST"},{"data":"champ:ShieldWall","floor":44,"key":"SMITH"},{"data":"champ:CheapShot","floor":47,"key":"SMITH"}],"circlet_count":0,"master_deck":["champ:Strike+1","champ:Strike+1","champ:Strike","champ:Defend","champ:Defend","champ:Defend","champ:Execute","champ:Taunt+1","champ:Endure+1","champ:TornadoPunch","champ:TornadoPunch","champ:ShieldWall+1","champ:CrownThrow","champ:VampiricStrike","champ:Improvising+1","champ:Backstep+1","champ:FanOfKnives","champ:FocusedDefense","champ:StanceDance","champ:UltimateStance+1","champ:FlashCut+1","champ:BringItOn","champ:PreciseThrust+1","champ:TripleStrike","champ:Duel+1","champ:Improvising","champ:Haymaker","champ:FlashCut","champ:ShieldWall+1","champ:CheapShot+1","Injury","WordoMod:Accursed","champ:SkillfulDodge","champ:GutPunch+1","champ:AdrenalArmor","champ:HoldFirm","champ:Shatter+1","champ:EnGarde+1","Magnetism"],"relics":["champ:ChampionCrown","ReplayTheSpireMod:Ring of Challenge","Ring of Hypnosis","Replay:Bandana","Honey Jar","downfall:HeartBlessingRed","downfall:HeartBlessingBlue","Letter Opener","Eternal Feather","ReplayFunnel","Thread and Needle","Torii","Orichalcum","Whetstone","Lantern","downfall:HeartBlessingGreen","Bronze Scales","Lee\u0027s Waffle","MerchantsRug","Regal Pillow"],"acts_visited":["Exordium","TheCity","TheBeyond"],"potions_floor_usage":[16,16,16,33,33,37,40],"damage_taken":[{"damage":25,"enemies":"Cultist","floor":2,"turns":6},{"damage":29,"enemies":"Jaw Worm","floor":3,"turns":6},{"damage":5,"enemies":"2 Louse","floor":5,"turns":4},{"damage":0,"enemies":"downfall:FleeingMerchant","floor":9,"turns":4},{"damage":4,"enemies":"Exordium Wildlife","floor":10,"turns":3},{"damage":5,"enemies":"Gremlin Gang","floor":11,"turns":3},{"damage":20,"enemies":"downfall:FleeingMerchant","floor":12,"turns":4},{"damage":2,"enemies":"Lots of Slimes","floor":14,"turns":4},{"damage":24,"enemies":"Blue Slaver","floor":15,"turns":5},{"damage":34,"enemies":"SI_SHIV_ARCHETYPE","floor":16,"turns":9},{"damage":5,"enemies":"Shell Parasite","floor":19,"turns":3},{"damage":5,"enemies":"Snake Plant","floor":20,"turns":4},{"damage":19,"enemies":"Sentry and Sphere","floor":21,"turns":5},{"damage":10,"enemies":"Centurion and Healer","floor":22,"turns":7},{"damage":35,"enemies":"Snake Plant","floor":26,"turns":5},{"damage":35,"enemies":"downfall:FleeingMerchant","floor":29,"turns":4},{"damage":30,"enemies":"downfall:FleeingMerchant","floor":31,"turns":4},{"damage":34,"enemies":"Snecko","floor":32,"turns":4},{"damage":29,"enemies":"DF_ARCHETYPE_CLAW","floor":33,"turns":8},{"damage":22,"enemies":"DF_ARCHETYPE_CLAW","floor":37,"turns":7},{"damage":28,"enemies":"Giant Head","floor":40,"turns":8},{"damage":21,"enemies":"Orb Walker","floor":42,"turns":4},{"damage":5,"enemies":"Nemesis","floor":43,"turns":7},{"damage":16,"enemies":"3 Darklings","floor":45,"turns":5},{"damage":54,"enemies":"Sphere and 2 Shapes","floor":46,"turns":6},{"damage":5,"enemies":"downfall:FleeingMerchant","floor":48,"turns":5},{"damage":33,"enemies":"4 Shapes","floor":49,"turns":5},{"damage":118,"enemies":"WA_ARCHETYPE_DIVINITY","floor":50,"turns":7}],"seed_played":"6263948296218099837","potions_obtained":[{"floor":3,"key":"SpeedPotion"},{"floor":5,"key":"LifebloodPotion"},{"floor":11,"key":"SteroidPotion"},{"floor":14,"key":"DuplicationPotion"},{"floor":21,"key":"LiquidMemories"},{"floor":26,"key":"AttackPotion"},{"floor":32,"key":"Flashbang"},{"floor":33,"key":"LiquidBronze"},{"floor":35,"key":"downfall:CursedFountainPotion"},{"floor":40,"key":"Adrenaline Potion"},{"floor":43,"key":"Fire Potion"},{"floor":45,"key":"Venom Potion"}],"is_trial":false,"path_per_floor":["R","M","M","?","M","R","T","?","$","M","M","$","R","M","M","B",null,"R","M","M","M","M","R","T","R","M","?","R","$","R","$","M","B",null,"R","?","?","?","?","E","T","M","E","R","M","M","R","$","M","B"],"character_chosen":"THE_CHAMP","items_purchased":["champ:VampiricStrike","Eternal Feather","champ:Haymaker","Bronze Scales","Lee\u0027s Waffle","MerchantsRug","Magnetism","Regal Pillow"],"campfire_rested":1,"item_purchase_floors":[9,29,29,48,48,48,48,48],"current_hp_per_floor":[99,94,85,85,80,80,80,80,80,76,76,76,76,74,50,31,99,99,99,94,80,70,80,80,80,55,55,55,55,102,102,78,64,127,127,127,120,120,120,102,102,96,96,117,116,102,123,134,111,0,0,0],"gold":241,"neow_bonus":"TEN_PERCENT_HP_BONUS","is_daily":false,"chose_seed":false,"campfire_upgraded":8,"win_rate":0.0,"timestamp":1611750649,"path_taken":["R","?","M","?","M","R","T","?","?","M","M","$","R","M","M","BOSS","R","M","?","M","M","R","T","R","M","?","R","$","R","$","M","BOSS","R","?","?","?","?","E","T","M","E","R","?","?","R","$","M","BOSS"],"items_purchased_type":["Card","Relic","Card","Relic","Relic","Relic","Card","Relic"],"build_version":"2020-12-22","purchased_purges":1,"victory":false,"max_hp_per_floor":[99,99,99,99,99,99,99,99,99,99,99,99,99,99,99,99,99,99,99,99,99,99,109,109,109,109,109,109,109,109,109,109,109,127,127,127,127,127,127,127,127,127,127,127,127,127,127,134,134,134,134,134],"card_choices":[{"not_picked":["champ:FocusedDefense","champ:Encircle"],"picked":"champ:Endure","floor":2},{"not_picked":["champ:Shatter","champ:Backstep"],"picked":"champ:TornadoPunch","floor":3},{"not_picked":["champ:GutPunch","champ:Backstep"],"picked":"champ:TornadoPunch","floor":5},{"not_picked":["champ:DeathBlow","champ:Circumvent"],"picked":"champ:CrownThrow","floor":9},{"not_picked":["champ:AdrenalArmor","champ:FancyFootwork"],"picked":"champ:Improvising","floor":10},{"not_picked":["champ:BerserkersShout","champ:FocusedBerserking"],"picked":"champ:Backstep","floor":11},{"not_picked":["champ:Shatter","champ:PreemptiveStrike"],"picked":"champ:FanOfKnives","floor":12},{"not_picked":["champ:CrownThrow","champ:BladeFlurry"],"picked":"champ:FocusedDefense","floor":14},{"not_picked":["champ:DefensiveShout","champ:Circumvent"],"picked":"champ:StanceDance","floor":15},{"not_picked":["champ:MurderStrike","champ:SwordThrow"],"picked":"champ:UltimateStance","floor":16},{"not_picked":["champ:TornadoPunch+1","champ:SetATrap+1","champ:Backstep"],"picked":"champ:FlashCut+1","floor":19},{"not_picked":["champ:CrownThrow","champ:FanOfKnives","champ:IronFortress"],"picked":"champ:BringItOn","floor":20},{"not_picked":["champ:GutPunch","champ:Haymaker","champ:EnGarde"],"picked":"champ:PreciseThrust+1","floor":21},{"not_picked":["champ:HeartStrike","champ:DefensiveShout","champ:BerserkersShout"],"picked":"champ:TripleStrike","floor":22},{"not_picked":["champ:FocusedBerserking+1","champ:StanceDance","champ:Backstep"],"picked":"champ:Duel","floor":26},{"not_picked":["champ:SetATrap","champ:PreemptiveStrike+1","champ:Backstep"],"picked":"champ:Improvising","floor":29},{"not_picked":["champ:TornadoPunch","champ:BladeFlurry+1","champ:Circumvent"],"picked":"champ:FlashCut","floor":31},{"not_picked":["champ:HeartStrike","champ:EnragedBash","champ:TornadoPunch"],"picked":"champ:ShieldWall","floor":32},{"not_picked":["champ:SteelEdge","champ:ShieldThrow","champ:SwordThrow"],"picked":"champ:CheapShot","floor":33},{"not_picked":["downfall:Bewildered","Decay","ReplayTheSpireMod:Splinters"],"picked":"Injury","floor":34},{"not_picked":["Injury","AbeCurse","ReplayTheSpireMod:Splinters"],"picked":"WordoMod:Accursed","floor":34},{"not_picked":["downfall:Bewildered","downfall:Icky","Spreading Infection"],"picked":"Doubt","floor":34},{"not_picked":["champ:FaceSlap+1","champ:FancyFootwork","champ:CrookedStrike+1"],"picked":"champ:SkillfulDodge","floor":37},{"not_picked":["champ:RapidStrikes","champ:CrownThrow","champ:BerserkersShout","champ:Backstep+1"],"picked":"SKIP","floor":40},{"not_picked":["champ:FocusedDefense","champ:IronFortress","champ:Backstep"],"picked":"champ:GutPunch+1","floor":42},{"not_picked":["champ:BladeFlurry","champ:StanceDance+1","champ:PerfectedStrike+1"],"picked":"champ:AdrenalArmor","floor":43},{"not_picked":["champ:CrownThrow+1","champ:FalseCounter+1","champ:FocusedBerserking"],"picked":"champ:HoldFirm","floor":45},{"not_picked":["champ:PreemptiveStrike","champ:FanOfKnives","champ:Backstep+1"],"picked":"champ:Shatter+1","floor":46},{"not_picked":["champ:FaceSlap+1","champ:ShieldSlam","champ:FocusedDefense+1"],"picked":"champ:EnGarde+1","floor":48},{"not_picked":["champ:AdrenalArmor+1","champ:EnGarde","champ:Circumvent","champ:CrownThrow"],"picked":"SKIP","floor":49}],"player_experience":77857,"relics_obtained":[{"floor":4,"key":"ReplayTheSpireMod:Ring of Challenge"},{"floor":4,"key":"Ring of Hypnosis"},{"floor":15,"key":"Replay:Bandana"},{"floor":24,"key":"Letter Opener"},{"floor":37,"key":"Torii"},{"floor":40,"key":"Orichalcum"},{"floor":41,"key":"Whetstone"},{"floor":43,"key":"Lantern"}],"event_choices":[{"cards_removed":["champ:Defend"],"damage_healed":0,"gold_gain":0,"player_choice":"Removed Skill","damage_taken":0,"max_hp_gain":0,"max_hp_loss":0,"event_name":"Falling","floor":36,"gold_loss":0}],"is_beta":false,"boss_relics":[{"not_picked":["Painkiller Herb","SacredBark"],"picked":"Honey Jar"},{"not_picked":["Cursed Key","Replay:Drink Me"],"picked":"Replay:Ancient Bell"},{"not_picked":["HollowMod:PaleOreRelic","Dream Catcher"],"picked":"ReplayFunnel"},{"not_picked":["InkBottle","Sundial"],"picked":"Darkstone Periapt"},{"not_picked":["Calipers","Gambling Chip"],"picked":"Thread and Needle"}],"items_purged_floors":[9],"is_endless":false,"potions_floor_spawned":[3,5,11,14,21,26,32,33,40,43,45],"killed_by":"WA_ARCHETYPE_DIVINITY","ascension_level":0}}