{"host":"h6t8hbb65u5mbq7r","time":1611706786,"event":{"mods":["AchievementEnabler","BaseMod","Colored Map","Minty Spire (QoL Compilation)","StSLib","SuperFastMode"],"gold_per_floor":[110,127,199,199,164,192,192,192,192,223,237,248,265,292,292,387,387,404,419,419,437,52,52,79,79,79,93,41,41,41,56,56,153,153,168,182,182,182,182,182],"floor_reached":39,"language":"JPN","playtime":1259,"items_purged":[],"score":629,"play_id":"7bb21826-b413-4f8f-bc46-5a66353a6c0d","local_time":"20210127091946","is_ascension_mode":true,"campfire_choices":[{"data":"Vigilance","floor":7.0,"key":"SMITH"},{"data":"Wallop","floor":15.0,"key":"SMITH"},{"data":"Wallop","floor":23.0,"key":"SMITH"},{"data":"SandsOfTime","floor":25.0,"key":"SMITH"},{"data":"Evaluate","floor":29.0,"key":"SMITH"},{"floor":32,"key":"REST"}],"circlet_count":0,"master_deck":["Strike_P+1","Strike_P","Strike_P","Strike_P","Defend_P","Defend_P","Defend_P","Defend_P","Eruption+1","Vigilance+1","DevaForm+1","SandsOfTime","InnerPeace","Wallop+1","WheelKick","Wallop+1","MasterReality","BowlingBash","SandsOfTime+1","Bandage Up","Evaluate+1","EmptyBody+1","ConjureBlade","Crescendo"],"relics":["PureWater","White Beast Statue","Lizard Tail","Omamori","PreservedInsect","Busted Crown","CaptainsWheel","Darkstone Periapt","InkBottle","Coffee Dripper"],"acts_visited":["Exordium","TheCity","TheBeyond"],"potions_floor_usage":[31,33],"damage_taken":[{"damage":7.0,"enemies":"Jaw Worm","floor":1.0,"turns":4.0},{"damage":8.0,"enemies":"2 Louse","floor":2.0,"turns":4.0},{"damage":32.0,"enemies":"Gremlin Nob","floor":6.0,"turns":3.0},{"damage":0.0,"enemies":"Lagavulin","floor":10.0,"turns":6.0},{"damage":0.0,"enemies":"Small Slimes","floor":11.0,"turns":3.0},{"damage":1.0,"enemies":"Exordium Wildlife","floor":12.0,"turns":4.0},{"damage":0.0,"enemies":"Red Slaver","floor":13.0,"turns":4.0},{"damage":9.0,"enemies":"Hexaghost","floor":16.0,"turns":9.0},{"damage":15.0,"enemies":"Shell Parasite","floor":18.0,"turns":5.0},{"damage":6.0,"enemies":"2 Thieves","floor":19.0,"turns":5.0},{"damage":2.0,"enemies":"3 Cultists","floor":21.0,"turns":4.0},{"damage":13.0,"enemies":"Gremlin Leader","floor":24.0,"turns":4.0},{"damage":9.0,"enemies":"Sentry and Sphere","floor":27.0,"turns":3.0},{"damage":16,"enemies":"Snake Plant","floor":31,"turns":3},{"damage":14,"enemies":"Automaton","floor":33,"turns":9},{"damage":0,"enemies":"3 Shapes","floor":35,"turns":3},{"damage":14,"enemies":"3 Darklings","floor":36,"turns":5},{"damage":55,"enemies":"Writhing Mass","floor":39,"turns":7}],"seed_played":"-3892234087789408063","potions_obtained":[{"floor":2.0,"key":"Explosive Potion"},{"floor":10.0,"key":"PowerPotion"},{"floor":11.0,"key":"Swift Potion"},{"floor":12.0,"key":"Energy Potion"},{"floor":13.0,"key":"GamblersBrew"},{"floor":16.0,"key":"Fruit Juice"},{"floor":18.0,"key":"SteroidPotion"},{"floor":21.0,"key":"BlessingOfTheForge"},{"floor":24.0,"key":"SkillPotion"},{"floor":27.0,"key":"CultistPotion"},{"floor":31,"key":"Fire Potion"},{"floor":33,"key":"Dexterity Potion"},{"floor":35,"key":"SpeedPotion"},{"floor":36,"key":"LiquidMemories"}],"is_trial":false,"path_per_floor":["M","M","?","?","?","E","R","?","T","E","M","M","M","T","R","B",null,"M","M","?","M","$","R","E","R","T","M","$","R","$","M","R","B",null,"M","M","?","?","M"],"character_chosen":"WATCHER","items_purchased":["CaptainsWheel","Bandage Up","Evaluate"],"campfire_rested":1,"item_purchase_floors":[22,22,28],"current_hp_per_floor":[58,50,50,36,54,22,22,22,22,22,22,21,21,21,21,17,62,47,41,41,39,39,39,32,32,32,23,23,23,23,11,34,24,64,64,54,54,54,3,3],"gold":182,"neow_bonus":"ONE_RANDOM_RARE_CARD","is_daily":false,"chose_seed":false,"campfire_upgraded":5,"win_rate":0.0,"timestamp":1611706786,"path_taken":["M","M","?","?","?","E","R","?","T","E","?","M","M","?","R","BOSS","M","M","?","M","$","R","E","R","T","?","$","R","$","M","R","BOSS","M","M","?","?","M"],"items_purchased_type":["Relic","Card","Card"],"build_version":"2020-12-22","purchased_purges":0,"victory":false,"max_hp_per_floor":[72,72,72,72,72,72,72,72,72,72,72,72,72,72,72,77,77,77,77,77,77,77,77,77,77,77,77,77,77,77,77,77,77,77,77,77,73,73,73,73],"card_choices":[{"not_picked":["CrushJoints","Protect"],"picked":"SandsOfTime","floor":1.0},{"not_picked":["FlurryOfBlows","Nirvana"],"picked":"InnerPeace","floor":2.0},{"not_picked":["Weave","LikeWater","EmptyBody"],"picked":"SKIP","floor":6.0},{"not_picked":["FearNoEvil","CrushJoints"],"picked":"Wallop","floor":10.0},{"not_picked":["Indignation","JustLucky","MentalFortress"],"picked":"SKIP","floor":11.0},{"not_picked":["BowlingBash","Evaluate"],"picked":"WheelKick","floor":12.0},{"not_picked":["Halt","FearNoEvil"],"picked":"Wallop","floor":13.0},{"not_picked":["DevaForm","Judgement"],"picked":"MasterReality","floor":16.0},{"not_picked":[],"picked":"BowlingBash","floor":18.0},{"not_picked":[],"picked":"SandsOfTime","floor":19.0},{"not_picked":["Indignation"],"picked":"SKIP","floor":21.0},{"not_picked":["Wallop"],"picked":"SKIP","floor":24.0},{"not_picked":["Worship"],"picked":"SKIP","floor":27.0},{"not_picked":[],"picked":"EmptyBody+1","floor":31},{"not_picked":[],"picked":"ConjureBlade","floor":33},{"not_picked":[],"picked":"Crescendo","floor":35},{"not_picked":["WheelKick"],"picked":"SKIP","floor":36}],"player_experience":933009,"relics_obtained":[{"floor":6.0,"key":"White Beast Statue"},{"floor":9.0,"key":"Lizard Tail"},{"floor":10.0,"key":"Omamori"},{"floor":14.0,"key":"PreservedInsect"},{"floor":24.0,"key":"Darkstone Periapt"},{"floor":26.0,"key":"InkBottle"}],"event_choices":[{"damage_healed":0.0,"max_hp_gain":0.0,"max_hp_loss":0.0,"gold_gain":72.0,"event_name":"Golden Wing","player_choice":"Gained Gold","floor":3.0,"gold_loss":0.0,"damage_taken":0.0},{"damage_healed":0.0,"max_hp_gain":0.0,"max_hp_loss":0.0,"gold_gain":0.0,"event_name":"Shining Light","player_choice":"Entered Light","floor":4.0,"gold_loss":0.0,"damage_taken":14.0,"cards_upgraded":["Strike_P","Eruption"]},{"damage_healed":18.0,"max_hp_gain":0.0,"max_hp_loss":0.0,"gold_gain":0.0,"event_name":"The Cleric","player_choice":"Healed","floor":5.0,"gold_loss":35.0,"damage_taken":0.0},{"damage_healed":0.0,"max_hp_gain":0.0,"max_hp_loss":0.0,"gold_gain":0.0,"event_name":"Upgrade Shrine","player_choice":"Upgraded","floor":8.0,"gold_loss":0.0,"damage_taken":0.0,"cards_upgraded":["DevaForm"]},{"damage_healed":0.0,"max_hp_gain":0.0,"max_hp_loss":0.0,"gold_gain":0.0,"event_name":"Wheel of Change","player_choice":"Cursed","floor":20.0,"gold_loss":0.0,"damage_taken":0.0,"cards_obtained":["Decay"]},{"damage_healed":0,"gold_gain":0,"player_choice":"Max HP","damage_taken":0,"max_hp_gain":0,"max_hp_loss":4,"event_name":"Winding Halls","floor":37,"gold_loss":0},{"damage_healed":0,"gold_gain":0,"player_choice":"Ignored","damage_taken":0,"max_hp_gain":0,"max_hp_loss":0,"event_name":"Tomb of Lord Red Mask","floor":38,"gold_loss":0}],"is_beta":false,"boss_relics":[{"not_picked":["Tiny House","Runic Dome"],"picked":"Busted Crown"},{"not_picked":["Black Star","Philosopher\u0027s Stone"],"picked":"Coffee Dripper"}],"items_purged_floors":[],"is_endless":false,"potions_floor_spawned":[2,10,11,12,13,16,18,19,21,24,27,31,33,35,36],"killed_by":"Writhing Mass","ascension_level":9}}