{"host":"m4pe905ae9bldoe7","time":1611743394,"event":{"mods":["BaseMod","Bestiary","Block Reminder","Downfall","Minty Spire (QoL Compilation)","StSLib"],"gold_per_floor":[99,116,216,227,327,327,351,384,405,405,424,445,487,271,295,400,400,400,430,455,455,455,455,503,503,503,503],"floor_reached":25,"language":"ENG","playtime":2292,"items_purged":["downfall:Haunted"],"score":261,"play_id":"4372b33f-cd59-46be-8881-002b4b2db33c","local_time":"20210127112954","is_ascension_mode":false,"campfire_choices":[{"data":"hexamod:Sear","floor":1,"key":"SMITH"},{"data":"hexamod:HeatShield","floor":10,"key":"SMITH"},{"data":"hexamod:ExtraCrispy","floor":18,"key":"SMITH"}],"circlet_count":0,"master_deck":["hexamod:Strike","hexamod:Strike","hexamod:Strike","hexamod:Strike","hexamod:Defend","hexamod:Defend","hexamod:Defend","hexamod:Defend","hexamod:Sear+1","hexamod:Float","hexamod:HeatShield+1","downfall:Haunted","hexamod:GhostOfSpirePresent","Doubt","hexamod:FourthSeal","hexamod:SecondSeal","hexamod:HeatCrush","hexamod:ExtraCrispy+1","hexamod:GhostflameInferno","hexamod:BurningTouch","hexamod:RadiantFlame","hexamod:AdvancingGuard","hexamod:RecurringNightmare","hexamod:FifthSeal","hexamod:FirstSeal","hexamod:StepThrough+1","hexamod:SixthSeal","hexamod:NightmareGuise+1","downfall:Bewildered"],"relics":["hexamod:SpiritBrand","Darkstone Periapt","PreservedInsect","Bottled Tornado","Bag of Marbles","Membership Card","hexamod:IceCube","sneckomod:BabySnecko","Blood Vial"],"acts_visited":["Exordium","TheCity"],"potions_floor_usage":[13,16,16,16,19,25,25],"damage_taken":[{"damage":4,"enemies":"Cultist","floor":2,"turns":4},{"damage":9,"enemies":"Jaw Worm","floor":4,"turns":6},{"damage":21,"enemies":"Lagavulin","floor":8,"turns":7},{"damage":10,"enemies":"Small Slimes","floor":9,"turns":5},{"damage":18,"enemies":"Exordium Thugs","floor":11,"turns":6},{"damage":9,"enemies":"Exordium Wildlife","floor":12,"turns":6},{"damage":13,"enemies":"Gremlin Nob","floor":13,"turns":5},{"damage":1,"enemies":"downfall:FleeingMerchant","floor":14,"turns":4},{"damage":10,"enemies":"2 Fungi Beasts","floor":15,"turns":5},{"damage":30,"enemies":"WA_ARCHETYPE_RETAIN","floor":16,"turns":13},{"damage":58,"enemies":"3 Byrds","floor":19,"turns":8},{"damage":27,"enemies":"Shell Parasite","floor":20,"turns":9},{"damage":31,"enemies":"Cultist and Chosen","floor":25,"turns":4}],"seed_played":"-9065743087950354662","potions_obtained":[{"floor":4,"key":"Block Potion"},{"floor":8,"key":"ColorlessPotion"},{"floor":9,"key":"Regen Potion"},{"floor":12,"key":"sneckomod:MuddlingPotion"},{"floor":12,"key":"hexamod:DoubleChargePotion"},{"floor":13,"key":"AttackPotion"},{"floor":13,"key":"FairyPotion"},{"floor":15,"key":"EntropicBrew"},{"floor":16,"key":"hexamod:EctoCoolerPotion"},{"floor":19,"key":"Weak Potion"},{"floor":19,"key":"SneckoOil"},{"floor":20,"key":"PowerPotion"}],"is_trial":false,"path_per_floor":["R","M","?","M","?","?","T","E","M","R","M","M","E","$","M","B",null,"R","M","M","?","?","?","T","M"],"character_chosen":"THE_SPIRIT","items_purchased":["Membership Card","hexamod:AdvancingGuard"],"campfire_rested":0,"item_purchase_floors":[14,14],"current_hp_per_floor":[77,73,97,88,88,88,88,67,57,57,39,30,31,30,20,23,101,101,43,23,23,29,29,29,0,0,0],"gold":503,"neow_bonus":"TEN_PERCENT_HP_BONUS","is_daily":false,"chose_seed":false,"campfire_upgraded":3,"win_rate":0.0,"timestamp":1611743394,"path_taken":["R","M","?","M","?","?","T","E","?","R","M","M","E","$","M","BOSS","R","M","M","?","?","?","T","?"],"items_purchased_type":["Relic","Card"],"build_version":"2020-12-22","purchased_purges":1,"victory":false,"max_hp_per_floor":[77,77,101,101,101,101,101,101,101,101,101,101,101,101,101,101,101,101,101,101,101,107,107,107,107,107,107],"card_choices":[{"not_picked":["hexamod:Hexaguard","hexamod:Firestarter"],"picked":"hexamod:HeatShield","floor":2},{"not_picked":["hexamod:ChargedBarrage","hexamod:Firestarter"],"picked":"hexamod:FourthSeal","floor":4},{"not_picked":["hexamod:SoulSteal","hexamod:NightmareStrike"],"picked":"hexamod:SecondSeal","floor":8},{"not_picked":["hexamod:BurningTouch","hexamod:Incineration"],"picked":"hexamod:HeatCrush","floor":9},{"not_picked":["hexamod:InspiringFlames","hexamod:DynamicBlow"],"picked":"hexamod:ExtraCrispy","floor":11},{"not_picked":["hexamod:InspiringFlames","hexamod:SwordOfDarkness"],"picked":"hexamod:GhostflameInferno","floor":12},{"not_picked":["hexamod:HeatMetal","hexamod:ThermalTransfer"],"picked":"hexamod:BurningTouch","floor":13},{"not_picked":["hexamod:NightmareStrike","hexamod:StepThrough"],"picked":"hexamod:RadiantFlame","floor":14},{"not_picked":["hexamod:NightmareStrike","hexamod:InspiringFlames"],"picked":"hexamod:RecurringNightmare","floor":15},{"not_picked":["hexamod:VolcanoVisage","hexamod:ForkedFlame"],"picked":"hexamod:FifthSeal","floor":16},{"not_picked":["hexamod:ThirdSeal","hexamod:FourthSeal"],"picked":"hexamod:FirstSeal","floor":19},{"not_picked":["hexamod:PhantomCloak","hexamod:AdvancingGuard"],"picked":"hexamod:StepThrough+1","floor":19},{"not_picked":["hexamod:ThirdSeal","hexamod:FourthSeal"],"picked":"hexamod:SixthSeal","floor":20},{"not_picked":["hexamod:AdvancingGuard","hexamod:ThermalTransfer"],"picked":"hexamod:NightmareGuise+1","floor":20}],"player_experience":489430,"relics_obtained":[{"floor":7,"key":"PreservedInsect"},{"floor":8,"key":"Bottled Tornado"},{"floor":13,"key":"Bag of Marbles"},{"floor":24,"key":"Blood Vial"}],"event_choices":[{"cards_removed":["downfall:Malfunctioning"],"damage_healed":0,"gold_gain":0,"player_choice":"Card Removal","damage_taken":0,"max_hp_gain":0,"max_hp_loss":0,"event_name":"The Cleric","floor":6,"gold_loss":0},{"damage_healed":0,"gold_gain":0,"player_choice":"Ignored","damage_taken":0,"max_hp_gain":0,"max_hp_loss":0,"event_name":"NoteForYourself","floor":23,"gold_loss":0}],"is_beta":false,"boss_relics":[{"not_picked":["Calling Bell","Pandora\u0027s Box"],"picked":"hexamod:IceCube"}],"items_purged_floors":[14],"is_endless":false,"potions_floor_spawned":[4,12,13,16,19,20],"killed_by":"Cultist and Chosen","ascension_level":0}}