{"host":"BinaryLev","time":1611766818,"event":{"mods":["BaseMod","Colored Map","Colored Powertips","Conspire","DeckTracker","Downfall","Highlight Path","Infinite Spire","Minty Spire (QoL Compilation)","Quick Restart","Random Character Button","Relic Sorter","Relic Stats","StSLib","The Animator","The Blue Laboratory"],"gold_per_floor":[115,115,115,115,128,128,148,148,148,163,187,187,34,52,52,175,175,189,189,208,208,232,232,5,5,28,52,52,68,86,125,125,125,125],"floor_reached":33,"language":"ENG","playtime":1070,"items_purged":[],"score":259,"play_id":"623ab4e1-f023-4f09-91c1-69e21bcff22c","local_time":"20210127220018","is_ascension_mode":false,"campfire_choices":[{"data":"WindmillStrike","floor":6.0,"key":"SMITH"},{"data":"Vigilance","floor":8.0,"key":"SMITH"},{"data":"Wireheading","floor":12.0,"key":"SMITH"},{"data":"Nirvana","floor":15.0,"key":"SMITH"},{"data":"Judgement","floor":23.0,"key":"SMITH"},{"data":"Nirvana","floor":25.0,"key":"SMITH"},{"floor":28,"key":"REST"},{"floor":32,"key":"REST"}],"circlet_count":0,"master_deck":["Strike_P","Strike_P","Strike_P","Strike_P","Defend_P","Defend_P","Defend_P","Defend_P","Eruption+1","Vigilance+1","FollowUp+1","WindmillStrike+1","Wireheading+1","Indignation","Nirvana+1","Judgement+1","EmptyMind","FlyingSleeves","Halt","Nirvana+1","EmptyFist+1","Tantrum+1","EmptyFist","FollowUp+1"],"relics":["PureWater","Golden Idol","Orichalcum","Anchor","VioletLotus","Omamori","Lantern","conspire:DecoderRing"],"acts_visited":["Exordium","TheCity"],"potions_floor_usage":[27,29,33],"damage_taken":[{"damage":0.0,"enemies":"Small Slimes","floor":1.0,"turns":3.0},{"damage":0.0,"enemies":"conspire:RoseBush","floor":5.0,"turns":2.0},{"damage":0.0,"enemies":"Cultist","floor":7.0,"turns":2.0},{"damage":0.0,"enemies":"Exordium Thugs","floor":10.0,"turns":3.0},{"damage":0.0,"enemies":"Large Slime","floor":11.0,"turns":2.0},{"damage":4.0,"enemies":"Gremlin Gang","floor":14.0,"turns":3.0},{"damage":46.0,"enemies":"Hexaghost","floor":16.0,"turns":8.0},{"damage":41.0,"enemies":"2 Thieves","floor":18.0,"turns":4.0},{"damage":20.0,"enemies":"Shell Parasite","floor":20.0,"turns":5.0},{"damage":0.0,"enemies":"Cultist and Chosen","floor":22.0,"turns":3.0},{"damage":13,"enemies":"conspire:HollyBat","floor":27,"turns":7},{"damage":3,"enemies":"3 Cultists","floor":29,"turns":5},{"damage":0,"enemies":"Cultist and Chosen","floor":30,"turns":3},{"damage":19,"enemies":"Nightmare","floor":31,"turns":10},{"damage":39,"enemies":"Collector","floor":33,"turns":3}],"seed_played":"-7647703627666921072","potions_obtained":[{"floor":0.0,"key":"blueLaboratory:BottleOfRum"},{"floor":0.0,"key":"GamblersBrew"},{"floor":0.0,"key":"Regen Potion"},{"floor":1.0,"key":"blueLaboratory:HorrorPotion"},{"floor":11.0,"key":"blueLaboratory:EnragingPotion"},{"floor":14.0,"key":"CultistPotion"},{"floor":18.0,"key":"Fire Potion"},{"floor":22.0,"key":"Dexterity Potion"},{"floor":31,"key":"hexamod:SoulburnPotion"}],"is_trial":false,"path_per_floor":["M","?","?","?","M","R","M","R","T","M","M","R","$","M","R","B",null,"M","?","M","?","M","R","$","R","T","M","R","M","M","NM","R","B"],"character_chosen":"WATCHER","items_purchased":["Anchor","Nirvana","Omamori"],"campfire_rested":2,"item_purchase_floors":[13,24,24],"current_hp_per_floor":[72,54,54,54,54,54,54,54,54,54,54,54,54,50,50,4,72,31,31,25,19,19,19,19,19,19,6,27,24,24,5,26,0,0],"gold":125,"neow_bonus":"THREE_SMALL_POTIONS","is_daily":false,"chose_seed":false,"campfire_upgraded":6,"win_rate":0.0,"timestamp":1611766818,"path_taken":["M","?","?","?","M","R","?","R","T","M","M","R","$","M","R","BOSS","M","?","M","?","M","R","$","R","T","M","R","M","M","NM","R","BOSS"],"items_purchased_type":["Relic","Card","Relic"],"build_version":"2020-12-18","purchased_purges":0,"victory":false,"max_hp_per_floor":[72,72,72,72,72,72,72,72,72,72,72,72,72,72,72,72,72,72,72,72,72,72,72,72,72,72,72,72,72,72,72,72,72,72],"relic_stats":{"counters":[15,63],"Golden Idol":76,"VioletLotus":[9],"Orichalcum":[48],"obtain_stats":[{"Anchor":13,"Lantern":26,"Golden Idol":2,"conspire:DecoderRing":31,"VioletLotus":17,"Omamori":24,"PureWater":0,"Orichalcum":9},{"Anchor":5,"Lantern":10,"Golden Idol":1,"conspire:DecoderRing":14,"VioletLotus":7,"Omamori":10,"PureWater":0,"Orichalcum":3},{"Anchor":12,"Lantern":35,"Golden Idol":3,"conspire:DecoderRing":60,"VioletLotus":23,"Omamori":35,"PureWater":0,"Orichalcum":7}]},"card_choices":[{"not_picked":["Meditate","Halt"],"picked":"FollowUp","floor":1.0},{"not_picked":["Perseverance","BowlingBash"],"picked":"WindmillStrike","floor":5.0},{"not_picked":["Collect","CrushJoints","Weave"],"picked":"SKIP","floor":7.0},{"not_picked":["JustLucky","WreathOfFlame"],"picked":"Wireheading","floor":10.0},{"not_picked":["Weave","FlurryOfBlows"],"picked":"Indignation","floor":11.0},{"not_picked":["FollowUp","Vengeance"],"picked":"Nirvana","floor":14.0},{"not_picked":["Blasphemy","Vault"],"picked":"Judgement","floor":16.0},{"not_picked":["Collect","Evaluate"],"picked":"EmptyMind","floor":18.0},{"not_picked":["JustLucky","ClearTheMind"],"picked":"FlyingSleeves","floor":20.0},{"not_picked":["Prostrate","FlurryOfBlows"],"picked":"Halt","floor":22.0},{"not_picked":["BowlingBash","Worship"],"picked":"EmptyFist+1","floor":27},{"not_picked":["ReachHeaven","Meditate+1"],"picked":"Tantrum+1","floor":29},{"not_picked":["Pray","CutThroughFate"],"picked":"EmptyFist","floor":30},{"not_picked":["Prostrate","SashWhip"],"picked":"FollowUp+1","floor":31}],"player_experience":1472708,"relics_obtained":[{"floor":9.0,"key":"Orichalcum"},{"floor":26.0,"key":"Lantern"},{"floor":31,"key":"conspire:DecoderRing"}],"event_choices":[{"damage_healed":0.0,"max_hp_gain":0.0,"max_hp_loss":0.0,"gold_gain":0.0,"event_name":"Golden Idol","player_choice":"Take Damage","floor":2.0,"gold_loss":0.0,"damage_taken":18.0,"relics_obtained":["Golden Idol"]},{"damage_healed":0.0,"max_hp_gain":0.0,"max_hp_loss":0.0,"gold_gain":0.0,"event_name":"Accursed Blacksmith","player_choice":"Forge","floor":4.0,"gold_loss":0.0,"damage_taken":0.0,"cards_upgraded":["FollowUp"]},{"damage_healed":0.0,"max_hp_gain":0.0,"max_hp_loss":0.0,"gold_gain":0.0,"event_name":"Cursed Tome","player_choice":"Ignored","floor":19.0,"gold_loss":0.0,"damage_taken":0.0},{"damage_healed":0.0,"max_hp_gain":0.0,"max_hp_loss":0.0,"gold_gain":0.0,"event_name":"Knowing Skull","player_choice":"","floor":21.0,"potions_obtained":[],"gold_loss":0.0,"damage_taken":6.0,"cards_obtained":[]}],"is_beta":true,"boss_relics":[{"not_picked":["conspire:RunicOctahedron","conspire:SpecialSausage"],"picked":"VioletLotus"}],"items_purged_floors":[],"is_endless":true,"potions_floor_spawned":[1,11,14,18,22,31],"killed_by":"Collector","ascension_level":0}}