{"host":"usdj552hvd2ulznm","time":1611789209,"event":{"mods":["Act Like it!","Aspiration","BaseMod","Better Third Choice","Colored Powertips","Conjunction","Conspire","DeckTracker","Dota2Spire","Downfall","Emptier Cage","Energized Spire","Gensokyo","GifTheSpireLib","GungeonMod","Halation","Hallownest","Hermit","Hubris","Infinite Spire","Key Reminder","Lobotomy","LobotomyExtend","Minty Spire (QoL Compilation)","MostiFishMod","Poem Panic","Quarter Circle Forward PUNCH!","Quick Restart","RNG Fix","Railgun Mod","Random Character Mod","Relic Stats","Reliquary","Replay The Spire","Reworked Bosses","RumiaBox-????????","Small Relic Pack","StSLib","Stuff the Spire","The Animator","The Blue Laboratory","The IronCluck","The Jungle","Uncapped","WarShipGirlsR/????R mod","Wide Potions","??????REMEMod"],"gold_per_floor":[117,117,117,117,42,42,42,69,93,47,47,47,77,77],"floor_reached":1,"language":"ENG","playtime":351,"items_purged":["SpecialBullet"],"score":47,"play_id":"82269e62-d6d8-4ea3-91a1-55faaedd3bc3","local_time":"20210127161329","is_ascension_mode":true,"campfire_choices":[],"circlet_count":0,"master_deck":["SpecialBullet","SpecialBullet","SpecialBullet","SpecialBullet","SpecialBullet","SpecialBullet","ControlCode","InformationCode","WelfareCode","REME_CopyPotion","GrinderMk4","Gensokyo:RustyChest","Gensokyo:TarnishedGold","Laetitia_ego"],"relics":["CogitoBucket","DaveBox","REME_ComplimentaryCards","SentryEyes","NeowsBlessing","Baka","SynthV:TestCard","Gensokyo:CelestialsFlawlessClothing","Happy Flower","DemoMod:GlassGuonStoneRelic","Dota2Spire:HandOfMidas","keyreminder:keyreminder","Bag of Preparation","SynthV:TestCard","LetterFromLob","AddBug","SecretRecord"],"acts_visited":["Gensokyo:Gensokyo"],"potions_floor_usage":[],"damage_taken":[{"damage":0,"enemies":"Gensokyo:3_Fairies","floor":1,"turns":1},{"damage":0,"enemies":"Gensokyo:Aya","floor":8,"turns":1},{"damage":0,"enemies":"2 Louse","floor":1,"turns":1}],"seed_played":"-80820633467333314","potions_obtained":[{"floor":8,"key":"blueLaboratory:PhilterOfMotion"}],"is_trial":false,"path_per_floor":["M","?","?","?","$","R","$","E","T","COS","R","$","M","M"],"character_chosen":"Angela","items_purchased":[],"campfire_rested":0,"item_purchase_floors":[],"current_hp_per_floor":[70,53,53,60,60,60,60,60,60,60,60,60,70,70],"gold":77,"neow_bonus":"THREE_ENEMY_KILL","is_daily":false,"chose_seed":false,"campfire_upgraded":0,"win_rate":0.0,"timestamp":1611789209,"path_taken":["M","?","?","?","$","R","$","E","T","COS","R","?","M","M"],"items_purchased_type":[],"build_version":"2020-12-22","purchased_purges":1,"victory":false,"max_hp_per_floor":[70,70,70,70,70,70,70,70,70,70,70,70,70,70],"relic_stats":{"Happy Flower":[0],"counters":[3,3],"Bag of Preparation":[2],"obtain_stats":[{"Dota2Spire:HandOfMidas":8,"DaveBox":0,"NeowsBlessing":0,"Happy Flower":3,"DemoMod:GlassGuonStoneRelic":8,"AddBug":1,"SecretRecord":1,"Baka":1,"Bag of Preparation":9,"Gensokyo:CelestialsFlawlessClothing":2,"keyreminder:keyreminder":8,"CogitoBucket":0,"SynthV:TestCard":1,"SentryEyes":0,"LetterFromLob":1,"REME_ComplimentaryCards":0},{"Dota2Spire:HandOfMidas":2,"DaveBox":0,"NeowsBlessing":0,"Happy Flower":1,"DemoMod:GlassGuonStoneRelic":2,"AddBug":3,"SecretRecord":3,"Baka":1,"Bag of Preparation":2,"Gensokyo:CelestialsFlawlessClothing":1,"keyreminder:keyreminder":2,"CogitoBucket":0,"SynthV:TestCard":1,"SentryEyes":0,"LetterFromLob":1,"REME_ComplimentaryCards":0},{"Dota2Spire:HandOfMidas":2,"DaveBox":0,"NeowsBlessing":0,"Happy Flower":1,"DemoMod:GlassGuonStoneRelic":2,"AddBug":3,"SecretRecord":3,"Baka":1,"Bag of Preparation":2,"Gensokyo:CelestialsFlawlessClothing":1,"keyreminder:keyreminder":2,"CogitoBucket":0,"SynthV:TestCard":1,"SentryEyes":0,"LetterFromLob":1,"REME_ComplimentaryCards":0}]},"card_choices":[{"not_picked":["Beak"],"picked":"GrinderMk4","floor":1},{"not_picked":["Lantern","ParadiseLost","Wingbeat","Spore"],"picked":"SKIP","floor":8},{"not_picked":["Beak","Ecstasy","Laetitia_ego","Harmony"],"picked":"SKIP","floor":1},{"not_picked":["Beak","Ecstasy","Laetitia_ego","Harmony"],"picked":"SKIP","floor":1},{"not_picked":["Beak","Ecstasy","Laetitia_ego","Harmony"],"picked":"SKIP","floor":1},{"not_picked":["Beak","Ecstasy","Laetitia_ego","Harmony"],"picked":"SKIP","floor":1},{"not_picked":["Beak","Ecstasy","Laetitia_ego","Harmony"],"picked":"SKIP","floor":1},{"not_picked":["Beak","Ecstasy","Harmony"],"picked":"Laetitia_ego","floor":1}],"player_experience":491639,"relics_obtained":[{"floor":1,"key":"Baka"},{"floor":1,"key":"SynthV:TestCard"},{"floor":1,"key":"LetterFromLob"},{"floor":8,"key":"Dota2Spire:HandOfMidas"},{"floor":9,"key":"Bag of Preparation"},{"floor":1,"key":"Baka"},{"floor":1,"key":"SynthV:TestCard"},{"floor":1,"key":"LetterFromLob"},{"floor":1,"key":"AddBug"}],"event_choices":[],"is_beta":false,"boss_relics":[],"items_purged_floors":[5],"is_endless":false,"potions_floor_spawned":[8],"killed_by":"2 Louse","ascension_level":2}}