{"host":"pgm1p3lvdjflie30","time":1611730284,"event":{"mods":["100% Spire Juice","ATMod(阿瑾Mod)","AchievementEnabler","Act Like it!","Aspiration","Astrologer","Bard","BaseMod","Colored Map","Colored Powertips","Conspire","Dark Map","Decade(王小明)","Dota2Spire","Energized Spire","Gensokyo","Gremlin Mod","Hallownest","HololiveMod","Hunter ?人","Jedi Mod","KinomotoSakuraMod(木之本?)","LagranYue(拉格朗·月)","Luminous","Mari Mod (Legacy)","Mari\u0027s V1 Patch","Minty Spire (QoL Compilation)","Nova Terra(?娃·泰拉)","Pale of the Ancients","Quarter Circle Forward PUNCH!","Reimu（博???）","Replay The Spire","Robot Space Explorer","SOS（斯巴?之子）","StSLib","TestMod","The Administrix","The Blackbeard","The Bladedancer","The Bug Knight","The Construct","The Cursed","The Dragon Tamer","The Gatherer","The Hayseed","The Hierophant","The IronCluck","The Jungle","The Poker Player","The Runesmith","The Saiyan","The Senshi","The Servant 0.9.4","The Showman","TheHeartMod","TheWitcher","Waifu the Spire","Warlord Emblem","Yakumo Yukari mod","Yuri Mod","Yuyuko","【功能Mod】混沌之?修复?丁","【?物卡牌】REMEMod","?留之物","篝火指南"],"gold_per_floor":[141,155,155,165,210,244,244,244,244,211,252,270,270,488,23,23,23],"floor_reached":16,"language":"ZHS","playtime":1150,"items_purged":["Clumsy"],"score":129,"play_id":"e37180cb-2116-433f-b0bb-50a86b5a2110","local_time":"20210127145124","is_ascension_mode":false,"campfire_choices":[{"floor":7,"key":"RECALL"}],"circlet_count":0,"master_deck":["Strike_Giant","Strike_Giant","Defend_Giant","Defend_Giant","Defend_Giant","Defend_Giant","CultistPetCall","EagleFirst","EagleFirst","EagleSecond","AT_DrawKnifeCut","Fanatic Cultist","Random Death Rattle","Defend_Giant","Bloody Giant","GremlinTsunderePetCall","Resurrection Giant","CultistPetCall","Fanatic Cultist","HPGrowth_Giant"],"relics":["GiantSoulBox","REME_ComplimentaryCards","AT_ATBox","testmod-TestBox","LagranYue:RandomDrawCardRelic","NeowsBlessing","testmod-NegativeEmotionEnhancer","jedi:cryingmask","Gensokyo:NagashiBinaDoll","PlaceholderMod:SoulofChaos","Toolbox"],"acts_visited":["Exordium"],"potions_floor_usage":[6,6],"damage_taken":[{"damage":0.0,"enemies":"Gensokyo:2_Kodama","floor":1.0,"turns":1.0},{"damage":0.0,"enemies":"Gensokyo:3_Fairies","floor":2.0,"turns":2.0},{"damage":0.0,"enemies":"Gensokyo:Python","floor":4.0,"turns":1.0},{"damage":4,"enemies":"Gensokyo:2_Rabbits","floor":5,"turns":2},{"damage":30,"enemies":"Gensokyo:Cirno","floor":6,"turns":5},{"damage":6,"enemies":"Gensokyo:Python_and_Kodama","floor":11,"turns":4},{"damage":16,"enemies":"Gensokyo:Kitsune","floor":12,"turns":4},{"damage":14,"enemies":"Gensokyo:3_Kodama","floor":14,"turns":4},{"damage":89,"enemies":"Gensokyo:Reimu","floor":16,"turns":11}],"seed_played":"-6532121043597203603","potions_obtained":[{"floor":1.0,"key":"ColorlessPotion"},{"floor":5,"key":"Strength Potion"},{"floor":12,"key":"BlessingOfTheForge"}],"is_trial":false,"path_per_floor":["M","M","?","M","M","E","R","?","T","COS","M","M","?","M","R_BF","B"],"character_chosen":"Giant","items_purchased":["PlaceholderMod:SoulofChaos","Toolbox"],"campfire_rested":0,"item_purchase_floors":[15,15],"current_hp_per_floor":[66,67,67,68,72,61,61,69,69,69,81,70,70,63,63,0,0],"gold":23,"neow_bonus":"THREE_ENEMY_KILL","is_daily":false,"chose_seed":false,"campfire_upgraded":0,"win_rate":0.0,"timestamp":1611730284,"path_taken":["M","?","?","M","?","E","R","?","T","COS","?","M","?","M","R_BF","BOSS"],"items_purchased_type":["Relic","Relic"],"build_version":"2020-12-22","purchased_purges":1,"victory":false,"max_hp_per_floor":[66,67,67,68,74,75,75,75,75,75,81,82,82,83,83,83,83],"card_choices":[{"not_picked":["Ready_Giant","LeftHookFist"],"picked":"Fanatic Cultist","floor":1.0},{"not_picked":["Backflip Giant","Sacrifice Summons"],"picked":"Random Death Rattle","floor":2.0},{"not_picked":["Seek Pet","HPGrowth_Giant"],"picked":"Bloody Giant","floor":4},{"not_picked":["SnakeForm","Protect_Giant"],"picked":"GremlinTsunderePetCall","floor":5},{"not_picked":["Pummel Giant","TakeAction_Giant"],"picked":"Resurrection Giant","floor":6},{"not_picked":["EagleSecond","HPGrowth_Giant"],"picked":"CultistPetCall","floor":11},{"not_picked":["TakeAction_Giant","Protect_Giant"],"picked":"Fanatic Cultist","floor":12},{"not_picked":["Retain Combo","AttackPoison_Giant"],"picked":"HPGrowth_Giant","floor":14}],"player_experience":296690,"relics_obtained":[{"floor":6,"key":"jedi:cryingmask"}],"event_choices":[],"is_beta":false,"boss_relics":[],"items_purged_floors":[15],"is_endless":false,"potions_floor_spawned":[1,5,12],"killed_by":"Gensokyo:Reimu","ascension_level":0}}