{"host":"\u003c无名\u003e","time":1611753330,"event":{"mods":["BaseMod","Downfall","Lobotomy","Minty Spire (QoL Compilation)","Quick Restart","Remilia（蕾米莉亚）","Replay The Spire","Robot Space Explorer","StSLib","The Bug Knight"],"gold_per_floor":[111,111,111,128,128,155,155,172,253,253,282,298,316,342,342,438,438,458,458,475,475,495,522,522,161,211,231,264,264,113,113,113,211,211,223,223,233,249,264,264,290,323,349,58,58,58,72,104,104,84,84,84,9,38,38],"floor_reached":56,"language":"ZHS","playtime":7594,"items_purged":["Strike_RM","VoidDream","Funeral","Defend_RM"],"score":2891,"play_id":"1f74171e-06b8-47f3-9e9a-4b50e6248e19","local_time":"20210127211530","is_ascension_mode":true,"campfire_choices":[{"data":"ScarletNetherworld","floor":7.0,"key":"SMITH"},{"data":"BloodAndWine","floor":29.0,"key":"SMITH"},{"floor":32.0,"key":"DIG"},{"floor":45,"key":"RECALL"},{"data":"MastersStateliness","floor":49,"key":"SMITH"},{"data":"LeisurelyOfLord","floor":52,"key":"SMITH"}],"circlet_count":0,"master_deck":["ApocalypseBird","PunishingBird","LongBird","BigBird","Strike_RM","Defend_RM","RedMoon","ScarletShoot","MastersStateliness+1","AfternoonTea","ScarletNetherworld+1","Woodsman","ScarletDevilSign","MHz","VampirishNight","ShyLook","TransientEternity+1","Scorched","BloodAndWine+1","Wellcheers","Ultimatum+1","Rudolta","CharismaGuard+1","BeautyBeast","DemonKingCradle+1","NakedNest","EternalNight+1","RedRainbow+1","BloodyTrap+1","RedShoes","DemonKingCradle+1","RedRainbow","HappyTeddy","ScarletMeister+1","LeisurelyOfLord+1","VampireClaw","CherryBlossoms","OSAHOGD","NightLord+1","BloodyHallows","SpiderBud","GreedKing","Parasite","QueenBee","ScarletGensokyo+1","Mercenary","Laetitia","Freischutz","BlackArmy","MastersStateliness+1","Alriune","ScarletSymphony+1"],"relics":["ScarletHat","CogitoBucket","Replay:Rubber Ducky","Spirit Poop","Replay:Bottled Steam","Frozen Egg 2","Pantograph","Matryoshka","SkinProphecy","White Beast Statue","Astrolabe","BehaviorAdjustment","Omamori","Pen Nib","PreservedInsect","ReplayTheSpireMod:Lightbulb","Vajra","ScarletDevilRocket","Centennial Puzzle","Divine Protection","Ancient Tea Set","Replay:Ancient Bell","ReplayFunnel","Letter Opener","Counterbalance","Theresia","AtMidnight","Twilight","Smiling Mask","Onion Ring","Bag of Marbles","Bottled Lightning","Gremlin Horn","Quantum Egg"],"acts_visited":["Exordium","TheCity","TheBeyond","TheEnding"],"potions_floor_usage":[50,55,55,55,55],"damage_taken":[{"damage":0.0,"enemies":"2 Louse","floor":1.0,"turns":3.0},{"damage":2.0,"enemies":"Small Slimes","floor":4.0,"turns":5.0},{"damage":18.0,"enemies":"Lagavulin","floor":6.0,"turns":8.0},{"damage":2.0,"enemies":"Cultist","floor":8.0,"turns":6.0},{"damage":23.0,"enemies":"Gremlin Nob","floor":11.0,"turns":7.0},{"damage":0.0,"enemies":"Exordium Thugs","floor":12.0,"turns":2.0},{"damage":9.0,"enemies":"Gremlin Gang","floor":13.0,"turns":4.0},{"damage":10.0,"enemies":"Lagavulin","floor":14.0,"turns":5.0},{"damage":19.0,"enemies":"Fading Forest","floor":16.0,"turns":11.0},{"damage":13.0,"enemies":"3 Byrds","floor":18.0,"turns":5.0},{"damage":8.0,"enemies":"3 Cultists","floor":20.0,"turns":3.0},{"damage":19.0,"enemies":"Centurion and Healer","floor":22.0,"turns":4.0},{"damage":8.0,"enemies":"Gremlin Leader","floor":23.0,"turns":4.0},{"damage":40.0,"enemies":"Cultist and Chosen","floor":27.0,"turns":4.0},{"damage":2.0,"enemies":"Slavers","floor":28.0,"turns":2.0},{"damage":0.0,"enemies":"Champ","floor":33.0,"turns":5.0},{"damage":42.0,"enemies":"Orb Walker","floor":35.0,"turns":8.0},{"damage":54.0,"enemies":"3 Darklings","floor":36.0,"turns":3.0},{"damage":0.0,"enemies":"3 Darklings","floor":37.0,"turns":2.0},{"damage":0,"enemies":"Writhing Mass","floor":38,"turns":4},{"damage":65,"enemies":"Maw","floor":39,"turns":2},{"damage":0,"enemies":"HollowMod:StalkingDevout","floor":40,"turns":2},{"damage":61,"enemies":"Giant Head","floor":42,"turns":4},{"damage":62,"enemies":"R_Hoarder","floor":46,"turns":5},{"damage":0,"enemies":"3 Darklings","floor":47,"turns":2},{"damage":2,"enemies":"R_Hoarder","floor":48,"turns":3},{"damage":12,"enemies":"Awakened One","floor":50,"turns":6},{"damage":0,"enemies":"Shield and Spear","floor":54,"turns":2},{"damage":58,"enemies":"The Heart","floor":55,"turns":5}],"seed_played":"-5037769334394688732","potions_obtained":[{"floor":8.0,"key":"Doom Potion"},{"floor":11.0,"key":"SkillPotion"},{"floor":13.0,"key":"AttackPotion"},{"floor":14.0,"key":"FearPotion"},{"floor":18.0,"key":"LiquidMemories"},{"floor":23.0,"key":"EntropicBrew"},{"floor":27.0,"key":"FairyPotion"},{"floor":36.0,"key":"DistilledChaos"},{"floor":54,"key":"GamblersBrew"}],"is_trial":false,"path_per_floor":["M","?","?","M","?","E","R","M","T","T","E","M","M","E","R","B",null,"M","?","M","?","M","E","?","$","T","M","E","R","$","?","R","B",null,"M","M","M","M","M","E","T","E","T","$","R","E","M","E","R","B",null,"R","$","E","B",null],"character_chosen":"REMILIA","items_purchased":["Pen Nib","PreservedInsect","NightLord+1","Bottled Lightning","MastersStateliness+1"],"campfire_rested":0,"item_purchase_floors":[25,25,30,44,53],"current_hp_per_floor":[75,75,75,73,73,65,65,72,72,72,60,75,77,71,79,81,81,83,83,86,86,84,91,91,91,91,66,79,79,79,56,56,97,97,101,102,105,107,79,100,100,68,68,68,68,69,86,98,98,127,127,127,127,129,128],"gold":38,"neow_bonus":"","is_daily":false,"chose_seed":false,"campfire_upgraded":4,"win_rate":0.0,"timestamp":1611753330,"path_taken":["M","?","?","M","?","E","R","?","T","?","E","M","M","E","R","BOSS","M","?","?","?","?","E","?","$","T","?","E","R","$","?","R","BOSS","M","M","M","M","?","E","?","E","T","$","R","E","?","E","R","BOSS","R","$","E","BOSS"],"items_purchased_type":["Relic","Relic","Card","Relic","Card"],"build_version":"2020-12-18","purchased_purges":4,"victory":true,"max_hp_per_floor":[75,75,75,75,75,75,75,75,75,75,75,75,77,79,79,81,81,83,83,87,87,89,91,91,91,91,93,95,95,95,95,95,97,97,101,103,105,107,109,111,111,113,113,113,113,115,117,119,119,127,127,127,127,129,131],"card_choices":[{"not_picked":["AfternoonTea","BloodHunter"],"picked":"MastersStateliness","floor":1.0},{"not_picked":["PunishingBird","Murderer"],"picked":"CrumblingArmor","floor":1.0},{"not_picked":["CharismaGuard","BloodHunter"],"picked":"ScarletNetherworld","floor":4.0},{"not_picked":["SpiderBud","DespairKnight"],"picked":"Woodsman","floor":4.0},{"not_picked":["HunterOfTheNight","LeisurelyOfLord"],"picked":"ScarletDevilSign","floor":6.0},{"not_picked":["Rudolta","GreedKing"],"picked":"MHz","floor":6.0},{"not_picked":["BloodyMagicSquare","ScarletImprint"],"picked":"VampirishNight","floor":8.0},{"not_picked":["MeatLantern","SpiderBud"],"picked":"ShyLook","floor":8.0},{"not_picked":["CeilingFear","BombardNight"],"picked":"TransientEternity+1","floor":11.0},{"not_picked":["WallGazer","OldLady"],"picked":"Scorched","floor":11.0},{"not_picked":["MastersStateliness+1","RedRainbow"],"picked":"BloodAndWine","floor":12.0},{"not_picked":["HeroicMonk","Murderer"],"picked":"Wellcheers","floor":12.0},{"not_picked":["BloodyMagicSquare","ScarletDevilSign"],"picked":"Ultimatum","floor":13.0},{"not_picked":["BeautyBeast","Porccubus"],"picked":"Rudolta","floor":13.0},{"not_picked":["DiffusionOfMisfortune","VampirishNight"],"picked":"CharismaGuard+1","floor":14.0},{"not_picked":["MeatLantern","Bloodbath"],"picked":"BeautyBeast","floor":14.0},{"not_picked":["ReincarnationDial","FavorOfDestiny","BlasphemousPunishment"],"picked":"SKIP","floor":14.0},{"not_picked":["BatForm+1","BloodyCatastrophe"],"picked":"DemonKingCradle+1","floor":16.0},{"not_picked":["Murderer","FairyFestival"],"picked":"NakedNest","floor":16.0},{"not_picked":["Bloodbath","WallGazer"],"picked":"RedShoes","floor":18.0},{"not_picked":["ScarletImprint","NightDance"],"picked":"BombardNight+1","floor":18.0},{"not_picked":["BloodHunter","ScarletDevil"],"picked":"RedRainbow","floor":20.0},{"not_picked":["SnowQueen","Bloodbath"],"picked":"HappyTeddy","floor":20.0},{"not_picked":["OldLady","Murderer"],"picked":"PunishingBird","floor":22.0},{"not_picked":["VampireKiss+1","BloodHunter","RedRainbow"],"picked":"SKIP","floor":22.0},{"not_picked":["LittlePrince","BlackSwan"],"picked":"VoidDream","floor":23.0},{"not_picked":["DemonKingCradle+1","ScarletDevilSign","VampireKiss+1"],"picked":"SKIP","floor":23.0},{"not_picked":["SpiderBud","Alriune"],"picked":"CherryBlossoms","floor":27.0},{"not_picked":["Stigmanizer+1","BombardNight","BloodyTrap+1"],"picked":"SKIP","floor":27.0},{"not_picked":["BigBadWolf","WallGazer"],"picked":"OSAHOGD","floor":28.0},{"not_picked":["ScarletImprint","HeartBreak","FitfulNightmare+1"],"picked":"SKIP","floor":28.0},{"not_picked":["CurseOfVladTepes+1","DemonKingCradle+1"],"picked":"KillingBlow","floor":33.0},{"not_picked":["Porccubus","VoidDream"],"picked":"BigBird","floor":33.0},{"not_picked":["ReplayTheSpireMod:Doomed","Shame"],"picked":"Clumsy","floor":34.0},{"not_picked":["downfall:Icky","ReplayTheSpireMod:Faulty Equipment"],"picked":"Looming Evil","floor":34.0},{"not_picked":["Parasite","Writhe"],"picked":"CommonCold","floor":34.0},{"not_picked":["GalaxyChild","CrumblingArmor"],"picked":"LongBird","floor":35.0},{"not_picked":["VampirishNight+1","StarOfDavid+1","Stigmanizer"],"picked":"SKIP","floor":35.0},{"not_picked":["BloodHunter+1","BombardNight+1"],"picked":"BloodyHallows","floor":36.0},{"not_picked":["Variant","MeatLantern"],"picked":"SpiderBud","floor":36.0},{"not_picked":["LittlePrince","Funeral","NothingThere"],"picked":"Singing Bowl","floor":37.0},{"not_picked":["BlackSwan","Variant"],"picked":"GreedKing","floor":37.0},{"not_picked":["VampireClaw+1","ReincarnationDial+1","RedRainbow+1"],"picked":"SKIP","floor":37.0},{"not_picked":["OldLady","WallGazer","Porccubus"],"picked":"Singing Bowl","floor":38},{"not_picked":["LittlePrince","Variant"],"picked":"QueenBee","floor":38},{"not_picked":["RedRainbow+1","Septette+1","UnstableMagic"],"picked":"SKIP","floor":38},{"not_picked":["Murderer","MeltingLove","Bloodbath"],"picked":"Singing Bowl","floor":39},{"not_picked":["SnowQueen","WhitesApple"],"picked":"LittleHelper","floor":39},{"not_picked":["BloodHunter+1","ChainGang","NightDance"],"picked":"SKIP","floor":39},{"not_picked":["BloodHunter","BombardNight","ScarletImprint"],"picked":"SKIP","floor":39},{"not_picked":["VoidDream","BlueStar"],"picked":"Funeral","floor":40},{"not_picked":["CharismaGuard+1","CurseOfVladTepes+1","VampireKiss+1"],"picked":"SKIP","floor":40},{"not_picked":["BatForm+1","EternalNight+1"],"picked":"ScarletGensokyo+1","floor":42},{"not_picked":["LittlePrince","HeroicMonk"],"picked":"Mercenary","floor":42},{"not_picked":["FairyFestival","WhitesApple"],"picked":"Laetitia","floor":46},{"not_picked":["LittlePrince","SnowQueen"],"picked":"Freischutz","floor":47},{"not_picked":["CharismaGuard+1","SuperhumanBloodyKnife+1","Stigmanizer"],"picked":"SKIP","floor":47},{"not_picked":["WhitesApple","DespairKnight","DreamingCurrent"],"picked":"Singing Bowl","floor":48},{"not_picked":["LittlePrince","MeatLantern"],"picked":"BlackArmy","floor":48},{"not_picked":["FavorOfDestiny+1","BlasphemousPunishment+1","HeartBreak"],"picked":"SKIP","floor":48},{"not_picked":["NothingThere","HeroicMonk"],"picked":"Alriune","floor":54},{"not_picked":["DiffusionOfMisfortune+1","ChaoticDestiny"],"picked":"ScarletSymphony+1","floor":54},{"not_picked":["FavorOfDestiny+1","VampirishNight","StarOfDavid+1"],"picked":"SKIP","floor":54},{"not_picked":["FavorOfDestiny+1","VampirishNight","StarOfDavid+1"],"picked":"SKIP","floor":54}],"player_experience":579732,"relics_obtained":[{"floor":6.0,"key":"Replay:Bottled Steam"},{"floor":9.0,"key":"Frozen Egg 2"},{"floor":10.0,"key":"Pantograph"},{"floor":11.0,"key":"Matryoshka"},{"floor":14.0,"key":"White Beast Statue"},{"floor":23.0,"key":"Omamori"},{"floor":26.0,"key":"ReplayTheSpireMod:Lightbulb"},{"floor":26.0,"key":"Vajra"},{"floor":28.0,"key":"ScarletDevilRocket"},{"floor":31.0,"key":"Centennial Puzzle"},{"floor":31.0,"key":"Divine Protection"},{"floor":32.0,"key":"Ancient Tea Set"},{"floor":35.0,"key":"AtMidnight"},{"floor":36.0,"key":"Twilight"},{"floor":40,"key":"Smiling Mask"},{"floor":42,"key":"Onion Ring"},{"floor":43,"key":"Bag of Marbles"},{"floor":48,"key":"Gremlin Horn"},{"floor":54,"key":"Quantum Egg"}],"event_choices":[{"damage_healed":0.0,"max_hp_gain":0.0,"max_hp_loss":0.0,"gold_gain":0.0,"cards_transformed":["CrumblingArmor"],"event_name":"Living Wall","player_choice":"Change","floor":2.0,"gold_loss":0.0,"damage_taken":0.0,"cards_obtained":["AfternoonTea"]},{"damage_healed":0.0,"max_hp_gain":0.0,"max_hp_loss":0.0,"gold_gain":0.0,"event_name":"Big Fish","player_choice":"Box","floor":3.0,"gold_loss":0.0,"damage_taken":0.0,"relics_obtained":["Replay:Rubber Ducky"],"cards_obtained":["Regret"]},{"cards_removed":["Regret"],"damage_healed":0.0,"max_hp_gain":0.0,"max_hp_loss":0.0,"gold_gain":0.0,"event_name":"Bonfire Elementals","player_choice":"Offered Curse","floor":5.0,"gold_loss":0.0,"damage_taken":0.0,"relics_obtained":["Spirit Poop"]},{"damage_healed":0.0,"max_hp_gain":0.0,"max_hp_loss":0.0,"gold_gain":0.0,"event_name":"Duplicator","player_choice":"Copied","floor":19.0,"gold_loss":0.0,"damage_taken":0.0,"cards_obtained":["DemonKingCradle"]},{"damage_healed":0.0,"max_hp_gain":0.0,"max_hp_loss":0.0,"gold_gain":0.0,"event_name":"Match and Keep!","player_choice":"2 cards matched","floor":21.0,"gold_loss":0.0,"damage_taken":0.0,"cards_obtained":["ScarletMeister","LeisurelyOfLord"]},{"damage_healed":0.0,"max_hp_gain":0.0,"max_hp_loss":0.0,"gold_gain":0.0,"cards_transformed":["Defend_RM"],"event_name":"Transmorgrifier","player_choice":"Transformed","floor":24.0,"gold_loss":0.0,"damage_taken":0.0,"cards_obtained":["VampireClaw"]}],"is_beta":true,"boss_relics":[{"not_picked":["Runic Dome","Kintsugi"],"picked":"Astrolabe"},{"not_picked":["Sozu","APieceOfRedMist"],"picked":"Replay:Ancient Bell"},{"not_picked":["Tiny Chest","Akabeko"],"picked":"ReplayFunnel"},{"not_picked":["The Courier","Golden Egg"],"picked":"Letter Opener"},{"not_picked":["Pocketwatch","Ginger"],"picked":"Counterbalance"}],"items_purged_floors":[25,30,44,53],"is_endless":false,"potions_floor_spawned":[8,11,13,14,16,18,20,22,23,27,28,33,35,36,37,38,39,40,42,46,47,48,54],"ascension_level":2}}