{"host":"g907ck67u7c3hrs6","time":1611719430,"event":{"mods":["BaseMod","Colored Map","DeckTracker","Highlight Path","Keyboard Shortcuts","Minty Spire (QoL Compilation)","Permanent Neow","Say the Spire","SuperFastMode"],"gold_per_floor":[114,129,144,159,84,84,114,114,114,178,220,232,259,286,298,410,472,499,526,189,189,114,114,129,159,159,174,354,384,384,259,259,359,359,374,389,239,280,190,220,235,265,265,265,295,295,310,340,340,340],"floor_reached":51,"language":"KOR","playtime":1287,"items_purged":["Strike_R","Strike_R","Corruption","Strike_R"],"score":1138,"play_id":"f62e1e34-ae20-4e34-b629-f82370d05f8e","local_time":"20210127125030","daily_mods":["Heirloom","Blue Cards","Elite Swarm"],"is_ascension_mode":false,"campfire_choices":[{"data":"1","floor":6,"key":"LIFT"},{"data":"2","floor":8,"key":"LIFT"},{"data":"3","floor":15,"key":"LIFT"},{"data":"Double Energy","floor":23,"key":"SMITH"},{"data":"Double Energy","floor":30,"key":"SMITH"},{"data":"Seek","floor":32,"key":"SMITH"},{"data":"Brutality","floor":44,"key":"SMITH"},{"data":"Brutality","floor":46,"key":"SMITH"},{"data":"Flex","floor":49,"key":"SMITH"}],"circlet_count":0,"master_deck":["Strike_R","Defend_R","Defend_R","Defend_R+1","Defend_R","Anger+1","BootSequence","Brutality+1","Anger","Brutality+1","Double Energy+1","Anger","Anger+1","Flex+1","Offering","Double Energy+1","Seek+1","Go for the Eyes+1","Clash"],"relics":["Burning Blood","Girya","Unceasing Top","MawBank","Centennial Puzzle","Bottled Flame","Tiny House","DollysMirror","Dream Catcher","Mummified Hand","Nunchaku","Letter Opener","Philosopher\u0027s Stone","Thread and Needle","Pantograph","Art of War","StrikeDummy","Torii","Magic Flower"],"acts_visited":["Exordium","TheCity","TheBeyond"],"potions_floor_usage":[17,42,50,50,50],"damage_taken":[{"damage":0,"enemies":"2 Louse","floor":1,"turns":4},{"damage":6,"enemies":"Cultist","floor":2,"turns":3},{"damage":0,"enemies":"Small Slimes","floor":3,"turns":3},{"damage":16,"enemies":"Red Slaver","floor":4,"turns":5},{"damage":33,"enemies":"3 Sentries","floor":7,"turns":8},{"damage":24,"enemies":"Lagavulin Event","floor":10,"turns":5},{"damage":11,"enemies":"Gremlin Nob","floor":11,"turns":4},{"damage":2,"enemies":"Large Slime","floor":13,"turns":5},{"damage":2,"enemies":"Lots of Slimes","floor":14,"turns":3},{"damage":21,"enemies":"Hexaghost","floor":16,"turns":8},{"damage":1,"enemies":"Shell Parasite","floor":18,"turns":2},{"damage":17,"enemies":"3 Byrds","floor":19,"turns":6},{"damage":3,"enemies":"Sentry and Sphere","floor":24,"turns":3},{"damage":13,"enemies":"Slavers","floor":25,"turns":5},{"damage":13,"enemies":"Centurion and Healer","floor":27,"turns":2},{"damage":6,"enemies":"Gremlin Leader","floor":29,"turns":1},{"damage":6,"enemies":"Champ","floor":33,"turns":1},{"damage":6,"enemies":"3 Shapes","floor":35,"turns":1},{"damage":6,"enemies":"Orb Walker","floor":36,"turns":1},{"damage":9,"enemies":"2 Orb Walkers","floor":38,"turns":3},{"damage":6,"enemies":"Giant Head","floor":40,"turns":1},{"damage":6,"enemies":"Sphere and 2 Shapes","floor":41,"turns":1},{"damage":6,"enemies":"Nemesis","floor":42,"turns":1},{"damage":6,"enemies":"Giant Head","floor":45,"turns":1},{"damage":6,"enemies":"3 Darklings","floor":47,"turns":1},{"damage":6,"enemies":"Reptomancer","floor":48,"turns":1},{"damage":6,"enemies":"Donu and Deca","floor":50,"turns":1}],"seed_played":"-8653540479942029245","potions_obtained":[{"floor":1,"key":"SkillPotion"},{"floor":3,"key":"SneckoOil"},{"floor":10,"key":"Strength Potion"},{"floor":14,"key":"HeartOfIron"},{"floor":16,"key":"Swift Potion"},{"floor":17,"key":"Fruit Juice"},{"floor":19,"key":"AttackPotion"},{"floor":42,"key":"Fruit Juice"},{"floor":47,"key":"SneckoOil"},{"floor":48,"key":"SkillPotion"}],"is_trial":false,"path_per_floor":["M","M","M","M","$","R","E","R","T","?","E","?","M","M","R","B",null,"M","M","$","?","?","R","M","E","T","M","?","E","R","$","R","B",null,"M","M","$","?","?","E","M","E","T","R","E","R","M","E","R","B",null],"character_chosen":"IRONCLAD","items_purchased":["Anger","DollysMirror","Flex"],"campfire_rested":0,"item_purchase_floors":[20,20,20],"current_hp_per_floor":[80,80,80,70,70,70,43,43,43,25,20,20,24,28,28,13,90,90,79,79,79,79,79,82,75,75,68,49,49,49,49,49,49,90,90,90,90,87,87,87,87,92,92,92,92,92,92,92,92,95],"gold":340,"neow_bonus":"","is_daily":true,"chose_seed":false,"campfire_upgraded":6,"win_rate":0.0,"timestamp":1611719430,"path_taken":["M","M","M","M","$","R","E","R","T","?","E","?","M","?","R","BOSS","M","M","$","?","?","R","M","E","T","M","?","E","R","$","R","BOSS","M","M","$","?","?","E","?","E","T","R","E","R","M","E","R","BOSS"],"items_purchased_type":["Card","Relic","Card"],"build_version":"2020-12-22","purchased_purges":4,"victory":true,"max_hp_per_floor":[80,80,80,80,80,80,80,80,80,80,80,80,80,80,80,80,90,90,90,90,90,90,90,90,90,90,90,90,90,90,90,90,90,90,90,90,90,90,90,90,90,95,95,95,95,95,95,95,95,95],"card_choices":[{"not_picked":["Metallicize","Static Discharge","Chaos"],"picked":"SKIP","floor":1},{"not_picked":["Sword Boomerang","Steam"],"picked":"Anger","floor":2},{"not_picked":["Loop","Cleave","Genetic Algorithm"],"picked":"SKIP","floor":3},{"not_picked":["Body Slam","Heavy Blade","Undo"],"picked":"SKIP","floor":4},{"not_picked":["Rainbow","Double Tap"],"picked":"Corruption","floor":7},{"not_picked":["Flame Barrier","Body Slam"],"picked":"BootSequence","floor":10},{"not_picked":["Machine Learning","Creative AI"],"picked":"Brutality","floor":11},{"not_picked":["Streamline","Go for the Eyes"],"picked":"Anger","floor":13},{"not_picked":["Pummel","Blizzard","Clothesline"],"picked":"SKIP","floor":14},{"not_picked":["Core Surge","Fission"],"picked":"Brutality","floor":16},{"not_picked":["Streamline+1","Compile Driver"],"picked":"Double Energy","floor":18},{"not_picked":["Heavy Blade+1","Spot Weakness","Sever Soul"],"picked":"SKIP","floor":19},{"not_picked":["Rainbow","Inflame","Streamline"],"picked":"SKIP","floor":24},{"not_picked":["All For One","Brutality"],"picked":"Offering","floor":25},{"not_picked":["Iron Wave","Steam"],"picked":"Double Energy","floor":27},{"not_picked":["All For One","Hyperbeam"],"picked":"Seek","floor":29},{"not_picked":["Static Discharge","White Noise"],"picked":"Go for the Eyes+1","floor":35},{"not_picked":["Ghostly Armor+1","True Grit"],"picked":"Clash","floor":36},{"not_picked":["Feed","Barricade","Buffer"],"picked":"SKIP","floor":40},{"not_picked":["Recycle","Disarm+1","Combust"],"picked":"SKIP","floor":41},{"not_picked":["Buffer","Hyperbeam","Corruption"],"picked":"SKIP","floor":42},{"not_picked":["Barricade","Creative AI","Exhume"],"picked":"SKIP","floor":45},{"not_picked":["Barricade","Creative AI","Exhume"],"picked":"SKIP","floor":45},{"not_picked":["Second Wind","Melter","Cold Snap+1"],"picked":"SKIP","floor":47},{"not_picked":["Double Tap","Exhume","Juggernaut"],"picked":"SKIP","floor":48}],"player_experience":236546,"relics_obtained":[{"floor":7,"key":"Unceasing Top"},{"floor":9,"key":"MawBank"},{"floor":10,"key":"Centennial Puzzle"},{"floor":11,"key":"Bottled Flame"},{"floor":25,"key":"Mummified Hand"},{"floor":26,"key":"Nunchaku"},{"floor":29,"key":"Letter Opener"},{"floor":38,"key":"Thread and Needle"},{"floor":40,"key":"Pantograph"},{"floor":42,"key":"Art of War"},{"floor":43,"key":"StrikeDummy"},{"floor":45,"key":"Torii"},{"floor":48,"key":"Magic Flower"}],"event_choices":[{"damage_healed":0,"gold_gain":0,"player_choice":"Searched \u00271\u0027 times","damage_taken":0,"max_hp_gain":0,"max_hp_loss":0,"event_name":"Dead Adventurer","floor":10,"gold_loss":0},{"damage_healed":0,"gold_gain":0,"player_choice":"Upgraded","damage_taken":0,"max_hp_gain":0,"max_hp_loss":0,"event_name":"Upgrade Shrine","floor":12,"gold_loss":0,"cards_upgraded":["Anger"]},{"damage_healed":0,"gold_gain":0,"player_choice":"Opened","damage_taken":0,"relics_obtained":["Dream Catcher"],"max_hp_gain":0,"max_hp_loss":0,"event_name":"The Mausoleum","floor":21,"gold_loss":0},{"cards_removed":["Strike_R"],"damage_healed":0,"gold_gain":0,"player_choice":"Gave Gold","damage_taken":0,"max_hp_gain":0,"max_hp_loss":0,"event_name":"Beggar","floor":22,"gold_loss":75},{"damage_healed":0,"gold_gain":180,"player_choice":"GOLD GOLD ","damage_taken":19,"max_hp_gain":0,"max_hp_loss":0,"event_name":"Knowing Skull","floor":28,"potions_obtained":[],"gold_loss":0,"cards_obtained":[]},{"damage_healed":0,"gold_gain":0,"player_choice":"Fight","damage_taken":0,"max_hp_gain":0,"max_hp_loss":0,"event_name":"Mysterious Sphere","floor":38,"gold_loss":0},{"cards_removed":["Bash"],"damage_healed":0,"gold_gain":0,"player_choice":"Upgrade and Remove","damage_taken":0,"max_hp_gain":0,"max_hp_loss":0,"event_name":"Designer","floor":39,"gold_loss":90,"cards_upgraded":["Defend_R"]}],"is_beta":false,"boss_relics":[{"not_picked":["Velvet Choker","Snecko Eye"],"picked":"Tiny House"},{"not_picked":["Cursed Key","Calling Bell"],"picked":"Philosopher\u0027s Stone"}],"items_purged_floors":[5,20,31,37],"is_endless":false,"potions_floor_spawned":[1,3,10,14,16,19,24,25,27,40,41,42,47,48],"ascension_level":0}}