{"host":"v0xbo920qxoewo3e","time":1611763188,"event":{"mods":["Act Like it!","Aspiration","Astrologer","BaseMod","Conspire","Downfall","Friendly Minions","GifTheSpireLib","Halation","Hermit","Hubris","Infinite Spire","Jedi Mod","Jorbs\u0027s Wanderer Trilogy","Koishi","Marisa????????","Minty Spire (QoL Compilation)","Potionbrewer","Rare Cards Sparkle","Reimu??????","Remilia??????","Replay The Spire","StSLib","Stuff the Spire","The Animator","The Blackbeard","The Bladedancer","The Bug Knight","The Construct","The Cursed","The Disciple","The Gatherer","The Jungle","The Problem Sleuth","The Runesmith","The Servant 0.9.4","TheBandit","Unceasing Turn Reminder"],"gold_per_floor":[15,15,32,32,32,42,54,54,54,54,54,73,22,37,37,111,111,127,42,116,126,145,145,160,160,160,160,190,208,208,208,208,208,208],"floor_reached":33,"language":"ENG","playtime":1694,"items_purged":[],"score":424,"play_id":"ed536718-e17f-4191-bc6a-4d56eedba78e","local_time":"20210127175948","is_ascension_mode":true,"campfire_choices":[{"data":"Pommel Strike","floor":8,"key":"SMITH"},{"data":"Armaments","floor":11,"key":"SMITH"},{"data":"Wild Strike","floor":15,"key":"SMITH"},{"data":"Bludgeon","floor":23,"key":"SMITH"},{"floor":25,"key":"REST"},{"floor":32,"key":"REST"}],"circlet_count":0,"master_deck":["AscendersBane","Defend_R","Defend_R","Defend_R","Defend_R","Bash","StuffTheSpire:Incineration","Cleave+1","ReplayTheSpireMod:Strike From Hell","Pommel Strike+1","jedi:unlimitedpower","Regret","Armaments+1","StuffTheSpire:RockThrow","StuffTheSpire:Resist+1","Wild Strike+1","Flex","Bludgeon+1","Spot Weakness","StuffTheSpire:Slingshot","StuffTheSpire:RockThrow+1","Power Through","Burning Pact","Flame Barrier"],"relics":["Burning Blood","Replay:PocketPolymizer","Another Sword","hubris:IronBody","StuffTheSpire:RedRose","hubris:TerracottaHorce","jedi:crownofsimplicity","aspiration:StickyExplosives_weak","Chameleon Ring","aspiration:DSix","Oddly Smooth Stone","CaptainsWheel"],"acts_visited":["Exordium","TheCity"],"potions_floor_usage":[16,24,24,29],"damage_taken":[{"damage":11,"enemies":"Cultist","floor":1,"turns":4},{"damage":4,"enemies":"conspire:RoseBush","floor":3,"turns":7},{"damage":3,"enemies":"Small Slimes","floor":6,"turns":3},{"damage":7,"enemies":"2 Fungi Beasts","floor":7,"turns":3},{"damage":8,"enemies":"3 Louse","floor":12,"turns":2},{"damage":7,"enemies":"Large Slime","floor":14,"turns":5},{"damage":35,"enemies":"Hexaghost","floor":16,"turns":6},{"damage":29,"enemies":"conspire:FuzzyDice","floor":18,"turns":5},{"damage":3,"enemies":"Spheric Guardian","floor":21,"turns":3},{"damage":14,"enemies":"conspire:HollyBat","floor":22,"turns":6},{"damage":22,"enemies":"Shelled Parasite and Fungi","floor":24,"turns":3},{"damage":42,"enemies":"Gremlin Leader","floor":28,"turns":5},{"damage":0,"enemies":"Cultist and Chosen","floor":29,"turns":4},{"damage":35,"enemies":"conspire:MysteriousRune","floor":33,"turns":6}],"seed_played":"-3592428774057257731","potions_obtained":[{"floor":1,"key":"potionbrewer:NoxiousPotion"},{"floor":3,"key":"potionbrewer:FreezingPotion"},{"floor":21,"key":"potionbrewer:NoxiousPotion"},{"floor":28,"key":"FearPotion"}],"is_trial":false,"path_per_floor":["M","?","M","?","?","M","M","R","T","?","R","M","$","M","R","B",null,"M","?","T","M","M","R","M","R","T","?","E","M","T","?","R","B"],"character_chosen":"IRONCLAD","items_purchased":["StuffTheSpire:Resist+1"],"campfire_rested":2,"item_purchase_floors":[13],"current_hp_per_floor":[67,67,69,66,66,69,68,68,68,68,68,66,66,65,65,36,69,46,46,46,49,41,41,25,49,49,49,13,19,19,11,35,0,0],"gold":208,"neow_bonus":"ONE_RARE_RELIC","is_daily":false,"chose_seed":false,"campfire_upgraded":4,"win_rate":0.0,"timestamp":1611763188,"path_taken":["M","?","M","?","?","M","M","R","T","?","R","M","?","M","R","BOSS","M","?","?","M","?","R","M","R","T","?","E","M","?","?","R","BOSS"],"items_purchased_type":["Card"],"build_version":"2020-12-22","purchased_purges":0,"victory":false,"max_hp_per_floor":[80,80,80,80,80,80,80,80,80,80,80,80,80,80,80,80,80,80,80,80,80,80,80,80,80,80,80,80,80,80,80,80,80,80],"card_choices":[{"not_picked":["Replay:Undeath\u0027s Touch","Pommel Strike"],"picked":"StuffTheSpire:Incineration","floor":1},{"not_picked":["Anger","Dual Wield"],"picked":"ReplayTheSpireMod:Strike From Hell","floor":3},{"not_picked":["StuffTheSpire:RagingBull","Havoc"],"picked":"Pommel Strike","floor":6},{"not_picked":["Cleave","Havoc"],"picked":"jedi:unlimitedpower","floor":7},{"not_picked":["conspire:Purge","Shrug It Off"],"picked":"StuffTheSpire:RockThrow","floor":12},{"not_picked":["Replay:Undeath\u0027s Touch","Anger"],"picked":"Wild Strike","floor":14},{"not_picked":["Impervious","Barricade"],"picked":"Bludgeon","floor":16},{"not_picked":["Replay:Undeath\u0027s Touch","Run Through"],"picked":"Spot Weakness","floor":18},{"not_picked":["conspire:HitWhereItHurts","Dual Wield"],"picked":"StuffTheSpire:Slingshot","floor":21},{"not_picked":["Clothesline","Headbutt"],"picked":"StuffTheSpire:RockThrow+1","floor":22},{"not_picked":["jedi:fear","Clothesline"],"picked":"Power Through","floor":24},{"not_picked":["Heavy Blade","StuffTheSpire:Incineration"],"picked":"Burning Pact","floor":28},{"not_picked":["Heavy Blade","Armaments","hubris:SharpeningStone"],"picked":"SKIP","floor":29}],"player_experience":1424741,"relics_obtained":[{"floor":9,"key":"hubris:IronBody"},{"floor":20,"key":"aspiration:StickyExplosives_weak"},{"floor":26,"key":"Chameleon Ring"},{"floor":28,"key":"aspiration:DSix"},{"floor":30,"key":"Oddly Smooth Stone"}],"event_choices":[{"damage_healed":0,"gold_gain":0,"player_choice":"Success","damage_taken":3,"relics_obtained":["Another Sword"],"max_hp_gain":0,"max_hp_loss":0,"event_name":"Scrap Ooze","floor":4,"gold_loss":0},{"damage_healed":0,"gold_gain":0,"player_choice":"Obtained Relic","damage_taken":0,"relics_obtained":["jedi:crownofsimplicity"],"max_hp_gain":0,"max_hp_loss":0,"event_name":"Addict","floor":19,"gold_loss":85},{"damage_healed":0,"gold_gain":0,"player_choice":"Ignored","damage_taken":0,"max_hp_gain":0,"max_hp_loss":0,"event_name":"The Mausoleum","floor":27,"gold_loss":0},{"damage_healed":0,"gold_gain":0,"player_choice":"CaptainsWheel","damage_taken":0,"relics_obtained":["CaptainsWheel"],"max_hp_gain":0,"max_hp_loss":0,"event_name":"blackbeard:ShipwreckEvent","floor":31,"gold_loss":0}],"is_beta":false,"boss_relics":[{"not_picked":["ReplayTheSpireMod:SealedPack","hubris:BlackHole"],"picked":"hubris:TerracottaHorce"}],"items_purged_floors":[],"is_endless":false,"potions_floor_spawned":[1,3,7,14,21,28],"killed_by":"conspire:MysteriousRune","ascension_level":13}}