{"host":"vyiqbz5w606ur92t","time":1611767323,"event":{"mods":["BaseMod","Downfall","Minty Spire (QoL Compilation)","StSLib"],"gold_per_floor":[99,111,126,126,145,157,183,200,185,200,300,200,214,245,256,360,360,260,271,271,281,292,292,319,3,30,62,62,100,0,27,50,50,50,50],"floor_reached":33,"language":"ENG","playtime":4294,"items_purged":[],"score":316,"play_id":"fc6f1685-6b3a-4a84-965a-c6a9ffadfadf","local_time":"20210127170843","is_ascension_mode":false,"campfire_choices":[{"data":"hexamod:Float","floor":1,"key":"SMITH"},{"data":"hexamod:HexaLevel","floor":12,"key":"SMITH"},{"floor":18,"key":"RECALL"},{"data":"hexamod:RecurringNightmare","floor":28,"key":"SMITH"},{"data":"hexamod:WildfireWeapon","floor":30,"key":"SMITH"}],"circlet_count":0,"master_deck":["hexamod:Defend+1","hexamod:Defend","hexamod:Defend","hexamod:Defend","hexamod:Sear","hexamod:Float+1","hexamod:FirstSeal","hexamod:GhostflameBarrier+1","hexamod:FastForward+1","hexamod:NightmareStrike","hexamod:HexaLevel+1","hexamod:RainOfEmbers","hexamod:HauntingEcho+1","hexamod:StepThrough","hexamod:RecurringNightmare+1","hexamod:FifthSeal","Slimebound:Tackle+1","Slimebound:Tackle+1","Slimebound:Tackle+1","hexamod:FastForward+1","hexamod:SixthSeal","hexamod:ChargedBarrage+1","hexamod:WildfireWeapon+1","hexamod:SecondSeal","hexamod:FourthSeal","hexamod:SpectersWail+1","hexamod:ThirdSeal"],"relics":["hexamod:SpiritBrand","downfall:HeartBlessingBlue","Orichalcum","Coffee Dripper","downfall:HeartBlessingGreen","Boot","TungstenRod","Turnip","Bronze Scales","downfall:HeartBlessingRed","Red Mask"],"acts_visited":["Exordium","TheCity"],"potions_floor_usage":[6,14,16,16,16,22,29,29,29,33,33,33],"damage_taken":[{"damage":0,"enemies":"Small Slimes","floor":2,"turns":3},{"damage":0,"enemies":"Cultist","floor":3,"turns":3},{"damage":4,"enemies":"2 Louse","floor":5,"turns":4},{"damage":1,"enemies":"Large Slime","floor":6,"turns":6},{"damage":2,"enemies":"2 Fungi Beasts","floor":8,"turns":4},{"damage":5,"enemies":"downfall:FleeingMerchant","floor":9,"turns":4},{"damage":10,"enemies":"3 Louse","floor":10,"turns":5},{"damage":1,"enemies":"Large Slime","floor":13,"turns":7},{"damage":16,"enemies":"Lagavulin","floor":14,"turns":7},{"damage":0,"enemies":"Blue Slaver","floor":15,"turns":3},{"damage":30,"enemies":"DF_ARCHETYPE_STREAMLINE","floor":16,"turns":11},{"damage":1,"enemies":"Shell Parasite","floor":19,"turns":4},{"damage":8,"enemies":"Cultist and Chosen","floor":21,"turns":5},{"damage":10,"enemies":"Centurion and Healer","floor":22,"turns":6},{"damage":2,"enemies":"downfall:FleeingMerchant","floor":25,"turns":4},{"damage":30,"enemies":"3 Cultists","floor":26,"turns":6},{"damage":19,"enemies":"Slavers","floor":27,"turns":5},{"damage":27,"enemies":"Gremlin Leader","floor":29,"turns":9},{"damage":8,"enemies":"Masked Bandits","floor":31,"turns":3},{"damage":8,"enemies":"Snake Plant","floor":32,"turns":5},{"damage":25,"enemies":"SI_MIRROR_ARCHETYPE","floor":33,"turns":8}],"seed_played":"-7345065468519566708","potions_obtained":[{"floor":3,"key":"hexamod:EctoCoolerPotion"},{"floor":4,"key":"EntropicBrew"},{"floor":4,"key":"DistilledChaos"},{"floor":6,"key":"hexamod:EctoCoolerPotion"},{"floor":14,"key":"Fruit Juice"},{"floor":22,"key":"BlessingOfTheForge"},{"floor":29,"key":"hexamod:InfernoChargePotion"},{"floor":29,"key":"SpeedPotion"},{"floor":32,"key":"PowerPotion"}],"is_trial":false,"path_per_floor":["R","M","M","?","M","M","T","M","$","M","?","R","M","E","M","B",null,"R","M","?","M","M","?","T","$","M","E","R","E","R","?","M","B"],"character_chosen":"THE_SPIRIT","items_purchased":["TungstenRod"],"campfire_rested":0,"item_purchase_floors":[25],"current_hp_per_floor":[77,77,77,77,77,77,77,75,77,74,74,84,87,78,85,67,92,92,92,92,91,88,88,88,86,63,51,51,31,31,23,22,0,0,0],"gold":50,"neow_bonus":"TEN_PERCENT_HP_BONUS","is_daily":false,"chose_seed":false,"campfire_upgraded":4,"win_rate":0.0,"timestamp":1611767323,"path_taken":["R","M","M","?","M","?","T","M","$","M","?","R","M","E","M","BOSS","R","M","?","M","M","?","T","$","M","E","R","E","R","?","M","BOSS"],"items_purchased_type":["Relic"],"build_version":"2020-12-22","purchased_purges":0,"victory":false,"max_hp_per_floor":[77,77,77,77,77,77,77,77,77,77,77,87,87,87,87,92,92,92,92,92,92,92,92,92,92,92,92,92,92,92,92,92,92,92,92],"card_choices":[{"not_picked":["hexamod:ThermalTransfer","hexamod:Incineration"],"picked":"hexamod:FirstSeal","floor":2},{"not_picked":["hexamod:PhantomCloak","hexamod:InspiringFlames"],"picked":"hexamod:GhostflameBarrier","floor":3},{"not_picked":["hexamod:AdvancingGuard","hexamod:GhostflameBarrier"],"picked":"hexamod:FastForward","floor":5},{"not_picked":["hexamod:Firestarter","hexamod:CatchUp"],"picked":"hexamod:NightmareStrike","floor":6},{"not_picked":["hexamod:GhostflameBarrier","hexamod:FastForward","hexamod:NecessarySacrifice"],"picked":"SKIP","floor":8},{"not_picked":["hexamod:GhostShield","hexamod:HeatMetal"],"picked":"hexamod:HexaLevel","floor":9},{"not_picked":["hexamod:InspiringFlames","hexamod:GhostShield"],"picked":"hexamod:RainOfEmbers","floor":10},{"not_picked":["hexamod:Hexaguard","hexamod:HeatShield"],"picked":"hexamod:HauntingEcho","floor":13},{"not_picked":["hexamod:Hexaguard","hexamod:NightmareGuise"],"picked":"hexamod:StepThrough","floor":14},{"not_picked":["hexamod:Firestarter","hexamod:ThermalTransfer"],"picked":"hexamod:RecurringNightmare","floor":15},{"not_picked":["hexamod:ParanormalForm","hexamod:GhostflameInferno"],"picked":"hexamod:FifthSeal","floor":16},{"not_picked":["hexamod:InspiringFlames","hexamod:FastForward","hexamod:ShieldOfDarkness"],"picked":"SKIP","floor":19},{"not_picked":["hexamod:BacktrackSmack","hexamod:BurningTouch"],"picked":"hexamod:FastForward","floor":21},{"not_picked":["hexamod:FourthSeal","hexamod:ThirdSeal"],"picked":"hexamod:SixthSeal","floor":22},{"not_picked":["hexamod:SwordOfDarkness+1","hexamod:GhostShield"],"picked":"hexamod:ChargedBarrage+1","floor":22},{"not_picked":["hexamod:ThirdSeal","hexamod:FourthSeal"],"picked":"hexamod:SecondSeal","floor":25},{"not_picked":["hexamod:Rewind","hexamod:PhantomFireball","hexamod:SpectersWail"],"picked":"SKIP","floor":25},{"not_picked":["hexamod:FirstSeal","hexamod:SecondSeal"],"picked":"hexamod:FourthSeal","floor":26},{"not_picked":["hexamod:GhostOfSpireFuture","hexamod:Hexaguard"],"picked":"hexamod:SpectersWail+1","floor":26},{"not_picked":["hexamod:ChargedBarrage","hexamod:HexaLevel","hexamod:BacktrackSmack"],"picked":"SKIP","floor":27},{"not_picked":["hexamod:GhostflameBarrier","hexamod:BacktrackSmack","hexamod:FastForward"],"picked":"SKIP","floor":29},{"not_picked":["hexamod:FourthSeal","hexamod:SixthSeal"],"picked":"hexamod:ThirdSeal","floor":32},{"not_picked":["hexamod:BurningTouch","hexamod:HeatMetal","hexamod:Incineration"],"picked":"SKIP","floor":32}],"player_experience":1113474,"relics_obtained":[{"floor":14,"key":"Orichalcum"},{"floor":24,"key":"Boot"},{"floor":27,"key":"Turnip"},{"floor":29,"key":"Bronze Scales"},{"floor":31,"key":"Red Mask"}],"event_choices":[{"damage_healed":0,"gold_gain":0,"player_choice":"Got Potions","damage_taken":0,"max_hp_gain":0,"max_hp_loss":0,"event_name":"Lab","floor":4,"gold_loss":0},{"damage_healed":0,"gold_gain":0,"player_choice":"Read","damage_taken":0,"max_hp_gain":0,"max_hp_loss":0,"event_name":"The Library","floor":23,"gold_loss":0,"cards_obtained":["hexamod:WildfireWeapon"]},{"damage_healed":0,"gold_gain":0,"player_choice":"Fought Bandits","damage_taken":0,"max_hp_gain":0,"max_hp_loss":0,"event_name":"Masked Bandits","floor":31,"gold_loss":0}],"is_beta":false,"boss_relics":[{"not_picked":["Philosopher\u0027s Stone","SlaversCollar"],"picked":"Coffee Dripper"}],"items_purged_floors":[],"is_endless":false,"potions_floor_spawned":[3,6,13,14,15,22,26,29],"killed_by":"SI_MIRROR_ARCHETYPE","ascension_level":0}}