{"host":"sav7uxregyirlf69","time":1611744461,"event":{"mods":["AchievementEnabler","BaseMod","Colored Map","DeckTracker","Keyboard Shortcuts","Minty Spire (QoL Compilation)","READ ME - Guardian Mod","StSLib","SuperFastMode"],"gold_per_floor":[113,127,127,143,162,195,195,208,258,274,288,319,319,347,347,347,347],"floor_reached":16,"language":"KOR","playtime":284,"items_purged":[],"score":228,"play_id":"33679658-45b6-48cd-b7a4-14ca19f6abcc","local_time":"20210127194741","is_ascension_mode":true,"campfire_choices":[{"floor":7,"key":"REST"},{"data":"Perfected Strike","floor":13,"key":"SMITH"},{"data":"True Grit","floor":15,"key":"SMITH"}],"circlet_count":0,"master_deck":["AscendersBane","Strike_R","Strike_R","Strike_R","Strike_R","Strike_R","Defend_R","Defend_R","Defend_R","Defend_R","Bash","Perfected Strike+1","Seeing Red","Feel No Pain","Shrug It Off","Perfected Strike+1","True Grit+1"],"relics":["Burning Blood","CaptainsWheel","Boot","Strawberry","Pantograph","Odd Mushroom"],"acts_visited":["Exordium"],"potions_floor_usage":[10,16],"damage_taken":[{"damage":4,"enemies":"2 Louse","floor":1,"turns":4},{"damage":6,"enemies":"Cultist","floor":2,"turns":3},{"damage":0,"enemies":"Jaw Worm","floor":4,"turns":1},{"damage":0,"enemies":"Large Slime","floor":5,"turns":4},{"damage":47,"enemies":"Lagavulin","floor":6,"turns":8},{"damage":5,"enemies":"Red Slaver","floor":8,"turns":3},{"damage":12,"enemies":"Gremlin Gang","floor":10,"turns":4},{"damage":1,"enemies":"2 Fungi Beasts","floor":11,"turns":3},{"damage":13,"enemies":"3 Sentries","floor":12,"turns":11},{"damage":4,"enemies":"The Mushroom Lair","floor":14,"turns":4},{"damage":77,"enemies":"Hexaghost","floor":16,"turns":10}],"seed_played":"1213871931380916810","potions_obtained":[{"floor":1,"key":"PowerPotion"},{"floor":4,"key":"Explosive Potion"},{"floor":6,"key":"Fire Potion"},{"floor":14,"key":"Energy Potion"}],"is_trial":false,"path_per_floor":["M","M","?","M","M","E","R","M","T","M","M","E","R","?","R","B"],"character_chosen":"IRONCLAD","items_purchased":[],"campfire_rested":1,"item_purchase_floors":[],"current_hp_per_floor":[68,68,68,68,68,27,47,48,55,49,54,47,47,49,49,0,0],"gold":347,"neow_bonus":"ONE_RARE_RELIC","is_daily":false,"chose_seed":false,"campfire_upgraded":2,"win_rate":0.0,"timestamp":1611744461,"path_taken":["M","M","?","M","M","E","R","M","T","?","M","E","R","?","R","BOSS"],"items_purchased_type":[],"build_version":"2020-12-22","purchased_purges":0,"victory":false,"max_hp_per_floor":[68,68,68,68,68,68,68,68,75,75,75,75,75,75,75,75,75],"card_choices":[{"not_picked":["Spot Weakness","Entrench"],"picked":"Perfected Strike","floor":1},{"not_picked":["Flame Barrier","Rage"],"picked":"Seeing Red","floor":2},{"not_picked":["Flex","Whirlwind","Iron Wave"],"picked":"SKIP","floor":4},{"not_picked":["Body Slam","Sentinel"],"picked":"Feel No Pain","floor":5},{"not_picked":["Flex","Rampage"],"picked":"Shrug It Off","floor":6},{"not_picked":["Thunderclap","Combust","Heavy Blade"],"picked":"SKIP","floor":8},{"not_picked":["Anger","Iron Wave"],"picked":"Perfected Strike","floor":10},{"not_picked":["Sever Soul","Flex","Body Slam"],"picked":"SKIP","floor":11},{"not_picked":["True Grit","Flame Barrier","Infernal Blade"],"picked":"SKIP","floor":12},{"not_picked":["Headbutt","Thunderclap"],"picked":"True Grit","floor":14}],"player_experience":1396888,"relics_obtained":[{"floor":6,"key":"Boot"},{"floor":9,"key":"Strawberry"},{"floor":12,"key":"Pantograph"},{"floor":14,"key":"Odd Mushroom"}],"event_choices":[{"damage_healed":0,"gold_gain":0,"player_choice":"Upgraded","damage_taken":0,"max_hp_gain":0,"max_hp_loss":0,"event_name":"Upgrade Shrine","floor":3,"gold_loss":0,"cards_upgraded":["Perfected Strike"]},{"damage_healed":0,"gold_gain":0,"player_choice":"Fought Mushrooms","damage_taken":0,"max_hp_gain":0,"max_hp_loss":0,"event_name":"Mushrooms","floor":14,"gold_loss":0}],"is_beta":false,"boss_relics":[],"items_purged_floors":[],"is_endless":false,"potions_floor_spawned":[1,4,6,14],"killed_by":"Hexaghost","ascension_level":20}}