{"host":"qxeepl7ydvsgmfdb","time":1611743768,"event":{"mods":["AchievementEnabler","BaseMod","Colored Powertips","Minty Spire (QoL Compilation)","Quick Restart","slay the spire mod where everything is the same but ironclad has a cowboy hat"],"gold_per_floor":[119,134,134,134,154,154,154],"floor_reached":6,"language":"ENG","playtime":484,"items_purged":[],"score":56,"play_id":"81781b6e-d34a-449b-a2ee-9ad50b993eb9","local_time":"20210127053608","is_ascension_mode":true,"campfire_choices":[],"circlet_count":0,"master_deck":["AscendersBane","Strike_G","Strike_G","Strike_G","Strike_G","Strike_G","Defend_G","Defend_G","Defend_G","Defend_G","Defend_G","Survivor","Neutralize","CurseOfTheBell","Cloak And Dagger+1","Slice+1","PiercingWail+1"],"relics":["Calling Bell","Ancient Tea Set","Toxic Egg 2","FossilizedHelix","Golden Idol"],"acts_visited":["Exordium"],"potions_floor_usage":[6],"damage_taken":[{"damage":7,"enemies":"2 Louse","floor":1,"turns":4},{"damage":0,"enemies":"Small Slimes","floor":2,"turns":4},{"damage":0,"enemies":"Cultist","floor":5,"turns":4},{"damage":48,"enemies":"3 Sentries","floor":6,"turns":8}],"seed_played":"9002125534139481224","potions_obtained":[{"floor":5,"key":"AttackPotion"}],"is_trial":false,"path_per_floor":["M","M","?","?","M","E"],"character_chosen":"THE_SILENT","items_purchased":[],"campfire_rested":0,"item_purchase_floors":[],"current_hp_per_floor":[56,56,39,39,39,0,0],"gold":154,"neow_bonus":"BOSS_RELIC","is_daily":false,"chose_seed":false,"campfire_upgraded":0,"win_rate":0.0,"timestamp":1611743768,"path_taken":["M","M","?","?","M","E"],"items_purchased_type":[],"build_version":"2020-12-22","purchased_purges":0,"victory":false,"max_hp_per_floor":[70,70,70,70,70,70,70],"card_choices":[{"not_picked":["All Out Attack","Quick Slash"],"picked":"Cloak And Dagger+1","floor":1},{"not_picked":["Grand Finale","Setup+1"],"picked":"Slice","floor":2},{"not_picked":["Sucker Punch","Outmaneuver+1"],"picked":"PiercingWail+1","floor":5}],"player_experience":233209,"relics_obtained":[{"floor":0.0,"key":"Ancient Tea Set"},{"floor":0.0,"key":"Toxic Egg 2"},{"floor":0.0,"key":"FossilizedHelix"}],"event_choices":[{"damage_healed":0,"gold_gain":0,"player_choice":"Take Damage","damage_taken":17,"relics_obtained":["Golden Idol"],"max_hp_gain":0,"max_hp_loss":0,"event_name":"Golden Idol","floor":3,"gold_loss":0},{"damage_healed":0,"gold_gain":0,"player_choice":"Forge","damage_taken":0,"max_hp_gain":0,"max_hp_loss":0,"event_name":"Accursed Blacksmith","floor":4,"gold_loss":0,"cards_upgraded":["Slice"]}],"is_beta":false,"boss_relics":[],"items_purged_floors":[],"is_endless":false,"potions_floor_spawned":[5],"killed_by":"3 Sentries","ascension_level":11}}