{"host":"rjfefv2ruvigm2gb","time":1611765420,"event":{"mods":["Act Like it!","AlwaysNeverKeys","BaseMod","Better Third Choice","Block Reminder","Conspire","Curses Come First","Displayed Cursed Tome","Downfall","Elementarium","Fox Events","GifTheSpireLib","Gold Saver","Googly Eyes","HexUI Lib","Hubris","Infinite Spire","Ironclad Rager","Marked Mod","Mimic Mod","Minty Spire (QoL Compilation)","Permanent Neow","Poor People Problems","Quick Restart","Relic Filter","Relic Stats","Reliquary","Replay The Spire","Retaliation","Shop Mod","Small Relic Pack","StS++","StSLib","Stuff the Spire","SuperFastMode","The Blue Laboratory","The Dragonkin","TheSurvivalist","Transform Curses","Uncapped","Virulent Crown","Watcher Patcher","Yakumo Yukari mod"],"gold_per_floor":[816,816,816,171,184,184,212,212,212,230,230,261,261,273,273,345,345,363,363,363,363,363,363],"floor_reached":22,"language":"ENG","playtime":1125,"items_purged":[],"score":405,"play_id":"5ca80334-67cd-4a4f-b506-68285604622b","local_time":"20210127103700","is_ascension_mode":true,"campfire_choices":[{"data":"ReplayTheSpireMod:Book of Names","floor":6.0,"key":"SMITH"},{"data":"Warcry","floor":8.0,"key":"SMITH"},{"floor":11.0,"key":"REST"},{"floor":13.0,"key":"REST"},{"floor":15.0,"key":"REST"}],"circlet_count":0,"master_deck":["AscendersBane","Strike_P","Strike_P","Strike_P","Strike_P","Defend_P","Defend_P","Defend_P","Defend_P","Eruption","Vigilance","Prostrate","ReplayTheSpireMod:Book of Names+1","Nirvana","Outmaneuver","Dramatic Entrance","Warcry+1","EmptyBody","Fusion","StuffTheSpire:CelestialWarden"],"relics":["PureWater","Lee\u0027s Waffle","hubris:GlazedTorus","StuffTheSpire:EmeraldSignet","ReplayTheSpireMod:Ninjato","conspire:Dentures","conspire:SpecialSausage","StuffTheSpire:DarkSteelAnvil","hubris:Backtick","conspire:InfiniteJournal"],"acts_visited":["Exordium","TheCity"],"potions_floor_usage":[22],"damage_taken":[{"damage":7.0,"enemies":"Small Slimes","floor":1.0,"turns":3.0},{"damage":3.0,"enemies":"Cultist","floor":5.0,"turns":4.0},{"damage":17.0,"enemies":"3 Sentries","floor":7.0,"turns":3.0},{"damage":7.0,"enemies":"Jaw Worm","floor":10.0,"turns":5.0},{"damage":52.0,"enemies":"Gremlin Nob","floor":12.0,"turns":7.0},{"damage":3.0,"enemies":"Gremlin Gang","floor":14.0,"turns":3.0},{"damage":56.0,"enemies":"The Guardian","floor":16.0,"turns":11.0},{"damage":19.0,"enemies":"Shell Parasite","floor":18.0,"turns":10.0},{"damage":26,"enemies":"3 Byrds","floor":22,"turns":6}],"seed_played":"-9086476554349534922","potions_obtained":[{"floor":1.0,"key":"blueLaboratory:LouseDecoction"},{"floor":5.0,"key":"Explosive Potion"},{"floor":10.0,"key":"blueLaboratory:HorrorPotion"},{"floor":18.0,"key":"FearPotion"}],"is_trial":false,"path_per_floor":["M","?","?","$","M","R","E","R","T","M","R","E","R","M","R","B",null,"M","?","AVR","?","M"],"character_chosen":"WATCHER","items_purchased":["Lee\u0027s Waffle","hubris:GlazedTorus","Nirvana","Outmaneuver"],"campfire_rested":3,"item_purchase_floors":[4,4,4,4],"current_hp_per_floor":[66,46,46,87,84,84,67,67,67,60,86,34,60,57,83,27,72,53,38,38,25,0,0],"gold":363,"neow_bonus":"TWENTY_PERCENT_HP_BONUS","is_daily":false,"chose_seed":false,"campfire_upgraded":2,"win_rate":0.0,"timestamp":1611765420,"path_taken":["M","?","?","$","M","R","E","R","T","M","R","E","R","?","R","BOSS","M","?","AVR","?","?"],"items_purchased_type":["Relic","Relic","Card","Card"],"build_version":"2020-12-22","purchased_purges":0,"victory":false,"max_hp_per_floor":[80,80,80,87,87,87,87,87,87,87,87,87,87,87,87,87,87,87,87,87,87,87,87],"relic_stats":{"Lee\u0027s Waffle":41,"counters":[9,52],"obtain_stats":[{"conspire:Dentures":12,"Lee\u0027s Waffle":4,"ReplayTheSpireMod:Ninjato":9,"hubris:Backtick":20,"conspire:SpecialSausage":17,"StuffTheSpire:DarkSteelAnvil":20,"StuffTheSpire:EmeraldSignet":7,"PureWater":0,"hubris:GlazedTorus":4,"conspire:InfiniteJournal":20},{"conspire:Dentures":5,"Lee\u0027s Waffle":1,"ReplayTheSpireMod:Ninjato":3,"hubris:Backtick":8,"conspire:SpecialSausage":7,"StuffTheSpire:DarkSteelAnvil":8,"StuffTheSpire:EmeraldSignet":3,"PureWater":0,"hubris:GlazedTorus":1,"conspire:InfiniteJournal":8},{"conspire:Dentures":22,"Lee\u0027s Waffle":3,"ReplayTheSpireMod:Ninjato":10,"hubris:Backtick":46,"conspire:SpecialSausage":36,"StuffTheSpire:DarkSteelAnvil":46,"StuffTheSpire:EmeraldSignet":10,"PureWater":0,"hubris:GlazedTorus":3,"conspire:InfiniteJournal":46}]},"card_choices":[{"not_picked":["Scrape","Deep Breath"],"picked":"Prostrate","floor":1.0},{"not_picked":["infinitespire:Menacing","infinitespire:Fortify"],"picked":"ReplayTheSpireMod:Book of Names","floor":2.0},{"not_picked":["Outmaneuver","Impatience"],"picked":"Dramatic Entrance","floor":5.0},{"not_picked":["Weave","MarkedMod:FirstStrike"],"picked":"Warcry","floor":7.0},{"not_picked":["Rage","PathToVictory","StSpp:LatentStrike"],"picked":"SKIP","floor":10.0},{"not_picked":["StSpp:LatentStrike","Distraction","Replay:AtTheReady"],"picked":"SKIP","floor":12.0},{"not_picked":["Replay:Anticipation","Blizzard"],"picked":"EmptyBody","floor":14.0},{"not_picked":["Sever Soul","Underhanded Strike"],"picked":"Fusion","floor":18.0}],"player_experience":1091321,"relics_obtained":[{"floor":7.0,"key":"StuffTheSpire:EmeraldSignet"},{"floor":9.0,"key":"ReplayTheSpireMod:Ninjato"},{"floor":12.0,"key":"conspire:Dentures"}],"event_choices":[{"cards_removed":["hubris:Wrath"],"damage_healed":0.0,"max_hp_gain":0.0,"max_hp_loss":0.0,"gold_gain":0.0,"event_name":"Wheel of Change","player_choice":"Card Removal","floor":3.0,"gold_loss":0.0,"damage_taken":0.0},{"damage_healed":0.0,"max_hp_gain":0.0,"max_hp_loss":0.0,"gold_gain":0.0,"event_name":"Wheel of Change","player_choice":"Damaged","floor":21.0,"gold_loss":0.0,"damage_taken":13.0}],"is_beta":false,"boss_relics":[{"not_picked":["conspire:SlowCooker","Ring of Chaos"],"picked":"conspire:SpecialSausage"}],"items_purged_floors":[],"is_endless":false,"potions_floor_spawned":[1,5,10,18],"killed_by":"3 Byrds","ascension_level":20}}