{"host":"v3oldak69fx1zt0p","time":1611783662,"event":{"mods":["BaseMod","Downfall","Hermit","Minty Spire (QoL Compilation)","Quick Restart","StSLib","Waifu the Spire","noobMod"],"gold_per_floor":[99,117,21,39,49,499,526,526,557,570,6,6,6,18,31,136,136,136,156,156,156,93,112,135,71,87,87,103,64,64,164,183,288,288,288,302,302,302,302,28,28,42,54,54,67,117,137,8,19,19],"floor_reached":51,"language":"ENG","playtime":3036,"items_purged":["champ:Strike","downfall:Icky"],"score":799,"play_id":"9a6dbbdf-1377-43dc-8c5b-e5311a7055cf","local_time":"20210127154102","is_ascension_mode":false,"campfire_choices":[{"data":"champ:Taunt","floor":1,"key":"SMITH"},{"floor":12,"key":"REST"},{"data":"champ:ShieldWall","floor":18,"key":"SMITH"},{"data":"champ:StanceDance","floor":27,"key":"SMITH"},{"floor":30,"key":"REST"},{"data":"champ:DefensiveShout","floor":35,"key":"SMITH"}],"circlet_count":0,"master_deck":["champ:Strike","champ:Defend","champ:Defend","champ:Execute","champ:Taunt+1","champ:DefensiveShout","champ:FanOfKnives","champ:IronFortress","champ:CrownThrow","champ:TornadoPunch","downfall:Icky","champ:EndlessRage","champ:Haymaker","champ:FocusedBerserking","champ:ShieldWall+1","champ:IgnorePain","champ:ShieldThrow","champ:DefensiveShout+1","champ:GladiatorForm","champ:AdrenalArmor","champ:FocusedDefense","champ:GutPunch","champ:DeathBlow","champ:Duel","champ:Haymaker","champ:StanceDance+1","champ:RapidStrikes+1","champ:Shatter+1","champ:EndlessRage","champ:CalledShot","champ:Haymaker","J.A.X.","champ:DancingMaster","champ:CalledShot","champ:SwordThrow","champ:TornadoPunch+1","expansioncontent:StudyTheSpire","expansioncontent:YouAreMine","champ:ArenaPreparation+1","champ:Backstep+1","champ:Haymaker+1","champ:FocusedDefense+1","champ:IronFortress","champ:StanceDance","champ:BerserkersShout","champ:FanOfKnives+1"],"relics":["champ:ChampionCrown","ice","Regal Pillow","Omamori","PreservedInsect","Medical Kit","Vajra","SacredBark","champ:DefensiveTrainingManual","Lizard Tail","MutagenicStrength","Empty Cage","Centennial Puzzle","Letter Opener","Membership Card","Ice Cream","Shovel","Lee\u0027s Waffle"],"acts_visited":["Exordium","TheCity","TheBeyond"],"potions_floor_usage":[9,10,15,16,19,25,28,29,31,33,42,46,46,50],"damage_taken":[{"damage":17,"enemies":"Small Slimes","floor":2,"turns":4},{"damage":15,"enemies":"downfall:FleeingMerchant","floor":3,"turns":4},{"damage":2,"enemies":"2 Louse","floor":4,"turns":2},{"damage":13,"enemies":"Jaw Worm","floor":5,"turns":4},{"damage":67,"enemies":"Gremlin Nob","floor":9,"turns":6},{"damage":10,"enemies":"Exordium Thugs","floor":10,"turns":3},{"damage":13,"enemies":"downfall:FleeingMerchant","floor":11,"turns":4},{"damage":12,"enemies":"2 Fungi Beasts","floor":14,"turns":4},{"damage":33,"enemies":"Exordium Wildlife","floor":15,"turns":4},{"damage":7,"enemies":"IC_STATUS_ARCHETYPE","floor":16,"turns":6},{"damage":24,"enemies":"3 Byrds","floor":19,"turns":6},{"damage":40,"enemies":"downfall:FleeingMerchant","floor":22,"turns":4},{"damage":35,"enemies":"Snake Plant","floor":23,"turns":5},{"damage":28,"enemies":"downfall:FleeingMerchant","floor":25,"turns":4},{"damage":76,"enemies":"Centurion and Healer","floor":26,"turns":6},{"damage":25,"enemies":"Snecko","floor":28,"turns":2},{"damage":40,"enemies":"downfall:FleeingMerchant","floor":29,"turns":3},{"damage":61,"enemies":"downfall:Augmenter","floor":31,"turns":2},{"damage":10,"enemies":"Sentry and Sphere","floor":32,"turns":2},{"damage":45,"enemies":"DF_ARCHETYPE_CLAW","floor":33,"turns":6},{"damage":0,"enemies":"Orb Walker","floor":36,"turns":1},{"damage":10,"enemies":"3 Darklings","floor":42,"turns":2},{"damage":26,"enemies":"Spire Growth","floor":43,"turns":3},{"damage":25,"enemies":"Writhing Mass","floor":45,"turns":2},{"damage":28,"enemies":"Writhing Mass","floor":46,"turns":3},{"damage":58,"enemies":"Transient","floor":47,"turns":5},{"damage":10,"enemies":"Jaw Worm Horde","floor":49,"turns":2},{"damage":84,"enemies":"SI_POISON_ARCHETYPE","floor":50,"turns":4}],"seed_played":"4754215005602703856","potions_obtained":[{"floor":4,"key":"GamblersBrew"},{"floor":9,"key":"hexamod:SoulburnPotion"},{"floor":14,"key":"champ:TechniquePotion"},{"floor":15,"key":"champ:TechniquePotion"},{"floor":16,"key":"Weak Potion"},{"floor":23,"key":"Slimebound:ThreeZeroPotion"},{"floor":26,"key":"Ancient Potion"},{"floor":28,"key":"Strength Potion"},{"floor":31,"key":"Ancient Potion"},{"floor":42,"key":"Guardian:BlockOnCardUsePotion"},{"floor":45,"key":"EntropicBrew"},{"floor":49,"key":"SpeedPotion"}],"is_trial":false,"path_per_floor":["R","M","$","M","M","?","T","?","E","M","$","R","?","M","M","B",null,"R","M","?","?","$","M","T","$","M","R","M","$","R","?","M","B",null,"R","M","?","?","T","$","T","M","M","$","M","?","M","$","M","B",null],"character_chosen":"THE_CHAMP","items_purchased":["champ:IronFortress","champ:ShieldWall","PreservedInsect","champ:IgnorePain","Medical Kit","champ:GutPunch","champ:Haymaker","Lizard Tail","AttackPotion","champ:EndlessRage","Membership Card","expansioncontent:YouAreMine","hexamod:SoulburnPotion","champ:StanceDance","Lee\u0027s Waffle","champ:BerserkersShout"],"campfire_rested":2,"item_purchase_floors":[3,11,11,11,11,22,25,29,29,29,40,40,40,48,48,48],"current_hp_per_floor":[99,82,77,75,72,72,72,72,15,99,86,105,105,93,65,63,117,117,98,98,98,83,58,58,50,168,168,168,138,177,156,156,141,190,190,190,190,190,190,190,190,190,164,164,164,161,158,206,206,177],"gold":19,"neow_bonus":"TEN_PERCENT_HP_BONUS","is_daily":false,"chose_seed":false,"campfire_upgraded":4,"win_rate":0.0,"timestamp":1611783662,"path_taken":["R","M","$","M","M","?","T","?","E","M","$","R","?","?","M","BOSS","R","M","?","?","$","M","T","$","M","R","M","?","R","?","M","BOSS","R","M","?","?","?","$","T","M","M","$","?","?","M","$","M","BOSS"],"items_purchased_type":["Card","Card","Relic","Card","Relic","Card","Card","Relic","Potion","Card","Relic","Card","Potion","Card","Relic","Card"],"build_version":"2020-12-22","purchased_purges":2,"victory":true,"max_hp_per_floor":[99,99,99,99,99,99,99,99,99,100,105,105,105,109,113,117,117,117,148,148,148,153,162,162,167,171,171,172,177,177,178,179,190,190,190,190,190,190,190,190,190,190,192,192,192,194,199,206,209,212],"card_choices":[{"not_picked":["champ:FalseCounter","champ:Encircle"],"picked":"champ:DefensiveShout","floor":2},{"not_picked":["champ:SwordThrow","champ:AdrenalArmor"],"picked":"champ:FanOfKnives","floor":3},{"not_picked":["champ:FlashCut","champ:Circumvent"],"picked":"champ:CrownThrow","floor":4},{"not_picked":["champ:HeartStrike","champ:FanOfKnives"],"picked":"champ:TornadoPunch","floor":5},{"not_picked":["champ:CrownThrow","champ:Endure"],"picked":"champ:EndlessRage","floor":9},{"not_picked":["champ:Lariat","champ:FalseCounter"],"picked":"champ:Haymaker","floor":10},{"not_picked":["champ:EnragedBash","champ:CrownThrow"],"picked":"champ:FocusedBerserking","floor":11},{"not_picked":["champ:CrownThrow","champ:CrookedStrike"],"picked":"champ:ShieldThrow","floor":14},{"not_picked":["champ:IronFortress","champ:BringItOn"],"picked":"champ:DefensiveShout","floor":15},{"not_picked":["champ:Devastate","champ:DancingMaster"],"picked":"champ:GladiatorForm","floor":16},{"not_picked":["champ:GutPunch+1","champ:TornadoPunch"],"picked":"champ:AdrenalArmor","floor":19},{"not_picked":["champ:PreciseThrust","champ:SetATrap"],"picked":"champ:FocusedDefense","floor":22},{"not_picked":["champ:FanOfKnives","champ:Circumvent"],"picked":"champ:DeathBlow","floor":23},{"not_picked":["champ:CrookedStrike","champ:HeartStrike+1"],"picked":"champ:Duel","floor":25},{"not_picked":["champ:CrownThrow","champ:Haymaker"],"picked":"champ:StanceDance","floor":26},{"not_picked":["champ:GladiatorForm","champ:BerserkersShout+1"],"picked":"champ:RapidStrikes+1","floor":28},{"not_picked":["champ:PerfectedStrike","champ:FanOfKnives"],"picked":"champ:Shatter+1","floor":29},{"not_picked":[],"picked":"J.A.X.","floor":31},{"not_picked":["champ:StanceDance","champ:BladeFlurry"],"picked":"champ:DancingMaster","floor":31},{"not_picked":["champ:DefensiveShout","champ:FlashCut"],"picked":"champ:CalledShot","floor":32},{"not_picked":["champ:LastStand","champ:StrikeOfGenius"],"picked":"champ:SwordThrow","floor":33},{"not_picked":["champ:EnGarde","champ:ShieldSlam+1"],"picked":"champ:TornadoPunch+1","floor":36},{"not_picked":["expansioncontent:Chronoboost","expansioncontent:DashGenerateEvil"],"picked":"expansioncontent:StudyTheSpire","floor":38},{"not_picked":["champ:CalledShot","champ:FancyFootwork+1"],"picked":"champ:ArenaPreparation+1","floor":42},{"not_picked":["champ:AdrenalArmor","champ:StanceDance+1"],"picked":"champ:Backstep+1","floor":43},{"not_picked":["champ:CrownThrow+1","champ:FanOfKnives"],"picked":"champ:Haymaker+1","floor":45},{"not_picked":["champ:ShieldThrow","champ:Shatter"],"picked":"champ:FocusedDefense+1","floor":46},{"not_picked":["champ:BladeFlurry+1","champ:EndlessRage+1"],"picked":"champ:IronFortress","floor":47},{"not_picked":["champ:BladeFlurry+1","champ:FaceSlap+1"],"picked":"champ:FanOfKnives+1","floor":49}],"player_experience":142178,"relics_obtained":[{"floor":7,"key":"Regal Pillow"},{"floor":9,"key":"Omamori"},{"floor":24,"key":"champ:DefensiveTrainingManual"},{"floor":31,"key":"MutagenicStrength"},{"floor":37,"key":"Centennial Puzzle"},{"floor":39,"key":"Letter Opener"},{"floor":41,"key":"Ice Cream"},{"floor":46,"key":"Shovel"}],"event_choices":[{"damage_healed":0,"gold_gain":0,"player_choice":"Box","damage_taken":0,"relics_obtained":["Vajra"],"max_hp_gain":0,"max_hp_loss":0,"event_name":"Big Fish","floor":13,"gold_loss":0,"cards_obtained":["Regret"]},{"damage_healed":0,"gold_gain":0,"player_choice":"Ignored","damage_taken":0,"max_hp_gain":0,"max_hp_loss":0,"event_name":"Vampires","floor":20,"gold_loss":0}],"is_beta":false,"boss_relics":[{"not_picked":["Philosopher\u0027s Stone","Snecko Eye"],"picked":"SacredBark"},{"not_picked":["SlaversCollar","Busted Crown"],"picked":"Empty Cage"}],"items_purged_floors":[11,40],"is_endless":false,"potions_floor_spawned":[4,9,14,15,16,23,26,28,31,42,45,49],"ascension_level":0}}