{"host":"farxtl2u8hmkbdo2","time":1611786890,"event":{"mods":["A Magickal Journey","BaseMod","Better Altar","Better Note","Better Sensory Stone","Better Skull","Better Third Choice","Challenge The Spire","Colored Map","Colored Powertips","Current Relic Mod","Energized Spire","Fox Events","Gremlin Mod","Hermit","Hubris","Mimic Mod","Minty Spire (QoL Compilation)","Quick Restart","READ ME - Guardian Mod","READ ME - Snecko Mod","Rare Cards Sparkle","StSLib","The Bladedancer","The Bug Knight","The Cursed","The Disciple","The Elementalist","The Hierophant","The Marked","The Necromancer","The Runesmith","Transform Curses"],"gold_per_floor":[109,133,133,154,229,229,234,226,226],"floor_reached":8,"language":"SPA","playtime":1382,"items_purged":[],"score":48,"play_id":"73366912-4533-404f-a115-9bc9eabefb6b","local_time":"20210127193450","is_ascension_mode":false,"campfire_choices":[{"data":"hierophant:ChurchCoffers","floor":6,"key":"SMITH"}],"circlet_count":0,"master_deck":["hierophant:Strike_Hierophant","hierophant:Strike_Hierophant","hierophant:Strike_Hierophant","hierophant:Strike_Hierophant","hierophant:Punish","hierophant:Defend_Hierophant","hierophant:Defend_Hierophant","hierophant:Defend_Hierophant","hierophant:ChurchCoffers+1","hierophant:Doubloon","hierophant:RecallFunds","hierophant:DisplayOfPower","hierophant:Flagellation","hierophant:Doubloon","hierophant:Dazzle"],"relics":["hierophant:PropheticMaskRelic"],"acts_visited":["Exordium"],"potions_floor_usage":[8],"damage_taken":[{"damage":1.0,"enemies":"Cultist","floor":1.0,"turns":4.0},{"damage":0.0,"enemies":"Small Slimes","floor":2.0,"turns":3.0},{"damage":1.0,"enemies":"Jaw Worm","floor":4.0,"turns":3.0},{"damage":0,"enemies":"Looter","floor":7,"turns":2},{"damage":74,"enemies":"Gremlin Nob","floor":8,"turns":5}],"seed_played":"-478583803034132616","potions_obtained":[{"floor":1.0,"key":"Dexterity Potion"}],"is_trial":false,"path_per_floor":["M","M","?","M","?","R","M","E"],"character_chosen":"HIEROPHANT","items_purchased":[],"campfire_rested":0,"item_purchase_floors":[],"current_hp_per_floor":[81,81,74,73,65,65,65,0,0],"gold":226,"neow_bonus":"TEN_PERCENT_HP_BONUS","is_daily":false,"chose_seed":false,"campfire_upgraded":1,"win_rate":0.0,"timestamp":1611786890,"path_taken":["M","M","?","M","?","R","M","E"],"items_purchased_type":[],"build_version":"2020-12-22","purchased_purges":0,"victory":false,"max_hp_per_floor":[82,82,82,82,82,82,82,82,82],"card_choices":[{"not_picked":["hierophant:Purify","hierophant:AuricBeam"],"picked":"hierophant:RecallFunds","floor":1.0},{"not_picked":["hierophant:FlamingChariot","hierophant:AuricBeam"],"picked":"hierophant:DisplayOfPower","floor":2.0},{"not_picked":["hierophant:CursedGold","hierophant:TollTheBells"],"picked":"hierophant:Flagellation","floor":4.0},{"not_picked":["hierophant:AuricBeam","hierophant:OrnateJavelin"],"picked":"hierophant:Dazzle","floor":7}],"player_experience":1908469,"relics_obtained":[],"event_choices":[{"cards_removed":["hierophant:Defend_Hierophant"],"damage_healed":0.0,"max_hp_gain":0.0,"max_hp_loss":0.0,"gold_gain":0.0,"event_name":"Golden Wing","player_choice":"Card Removal","floor":3.0,"gold_loss":0.0,"damage_taken":7.0},{"damage_healed":0,"gold_gain":75,"player_choice":"Touch","damage_taken":8,"max_hp_gain":0,"max_hp_loss":0,"event_name":"FaceTrader","floor":5,"gold_loss":0}],"is_beta":false,"boss_relics":[],"items_purged_floors":[],"is_endless":false,"potions_floor_spawned":[1],"killed_by":"Gremlin Nob","ascension_level":0}}