{"host":"5x08nt64u3vxxcfi","time":1611734555,"event":{"mods":["BaseMod","Minty Spire (QoL Compilation)","StSLib","SuperFastMode"],"gold_per_floor":[15,26,26,38,55,86,86,86,86,86,120,136,171,182,182,286,286,303,322,335,31,31,69,69,31,31,59,71,90,131,154,154,268,268,296,306,33,58,58,58,92,113,113,137,165,183,192,9,9,9],"floor_reached":51,"language":"KOR","playtime":1388,"items_purged":["Strike_R","Strike_R"],"score":979,"play_id":"e5d44641-d440-41f7-b896-c6d3cafeb404","local_time":"20210127170235","is_ascension_mode":true,"campfire_choices":[{"data":"Body Slam","floor":7.0,"key":"SMITH"},{"data":"Flex","floor":10.0,"key":"SMITH"},{"data":"Flex","floor":15.0,"key":"SMITH"},{"data":"Flex","floor":24.0,"key":"SMITH"},{"data":"Armaments","floor":32,"key":"SMITH"},{"data":"Enlightenment","floor":40,"key":"SMITH"},{"floor":47,"key":"REST"},{"data":"Uppercut","floor":49,"key":"SMITH"}],"circlet_count":0,"master_deck":["Strike_R","Strike_R","Defend_R","Defend_R","Defend_R","Defend_R","Bash","Limit Break+1","Body Slam+1","Flex+1","Heavy Blade","Evolve","Armaments+1","Pommel Strike","Body Slam","Flex+1","Reaper","Warcry","Flex+1","Heavy Blade+1","Master of Strategy","Reaper","Headbutt+1","Thunderclap+1","Warcry+1","Heavy Blade+1","Reaper","Flex+1","Double Tap","Shockwave","Flex+1","Rage+1","Enlightenment+1","Flex+1","Battle Trance+1","Sword Boomerang+1","Sword Boomerang+1","Uppercut+1","Madness","Madness","Heavy Blade+1","Dropkick","Inflame"],"relics":["Burning Blood","Pen Nib","Bag of Preparation","InkBottle","Happy Flower","Sozu","Membership Card","CeramicFish","Centennial Puzzle","Regal Pillow","Oddly Smooth Stone","Pantograph","Snecko Eye","Gambling Chip","Orrery","Dream Catcher","Omamori","Sundial","Paper Frog"],"acts_visited":["Exordium","TheCity","TheBeyond"],"potions_floor_usage":[],"damage_taken":[{"damage":6.0,"enemies":"Cultist","floor":1.0,"turns":3.0},{"damage":10.0,"enemies":"2 Louse","floor":2.0,"turns":3.0},{"damage":2.0,"enemies":"Jaw Worm","floor":4.0,"turns":3.0},{"damage":20.0,"enemies":"Large Slime","floor":5.0,"turns":6.0},{"damage":25.0,"enemies":"Lagavulin","floor":6.0,"turns":6.0},{"damage":0.0,"enemies":"Gremlin Nob","floor":11.0,"turns":2.0},{"damage":24.0,"enemies":"Exordium Thugs","floor":12.0,"turns":5.0},{"damage":15.0,"enemies":"3 Sentries","floor":13.0,"turns":6.0},{"damage":6.0,"enemies":"Looter","floor":14.0,"turns":2.0},{"damage":18.0,"enemies":"Slime Boss","floor":16.0,"turns":5.0},{"damage":14.0,"enemies":"Chosen","floor":18.0,"turns":4.0},{"damage":6.0,"enemies":"Spheric Guardian","floor":19.0,"turns":3.0},{"damage":1.0,"enemies":"3 Cultists","floor":20.0,"turns":3.0},{"damage":36.0,"enemies":"Slavers","floor":23.0,"turns":4.0},{"damage":24,"enemies":"Snake Plant","floor":27,"turns":2},{"damage":26,"enemies":"Shelled Parasite and Fungi","floor":28,"turns":4},{"damage":6,"enemies":"3 Cultists","floor":29,"turns":3},{"damage":15,"enemies":"Gremlin Leader","floor":30,"turns":4},{"damage":12,"enemies":"Snake Plant","floor":31,"turns":3},{"damage":22,"enemies":"Automaton","floor":33,"turns":6},{"damage":13,"enemies":"Orb Walker","floor":35,"turns":3},{"damage":0,"enemies":"3 Shapes","floor":36,"turns":2},{"damage":0,"enemies":"Writhing Mass","floor":38,"turns":2},{"damage":69,"enemies":"Reptomancer","floor":41,"turns":5},{"damage":19,"enemies":"4 Shapes","floor":42,"turns":3},{"damage":0,"enemies":"Sphere and 2 Shapes","floor":44,"turns":2},{"damage":38,"enemies":"Maw","floor":45,"turns":5},{"damage":64,"enemies":"Time Eater","floor":50,"turns":6}],"seed_played":"1370563882404535158","potions_obtained":[{"floor":1.0,"key":"BlessingOfTheForge"},{"floor":4.0,"key":"Ancient Potion"},{"floor":11.0,"key":"Ancient Potion"},{"floor":13.0,"key":"Ancient Potion"}],"is_trial":false,"path_per_floor":["M","M","?","M","M","E","R","?","T","R","E","M","E","M","R","B",null,"M","M","M","$","T","E","R","$","T","M","M","M","E","M","R","B",null,"M","M","$","M","T","R","E","M","T","M","M","?","R","$","R","B",null],"character_chosen":"IRONCLAD","items_purchased":["Membership Card","Master of Strategy","CeramicFish","Gambling Chip","Orrery","Enlightenment","Dropkick","Inflame","Paper Frog"],"campfire_rested":1,"item_purchase_floors":[21,21,21,37,37,37,48,48,48],"current_hp_per_floor":[80,76,76,80,66,47,47,47,47,47,53,35,26,26,26,14,80,79,79,80,80,80,72,72,72,72,54,46,80,71,65,65,80,80,73,80,80,80,80,80,26,80,80,80,48,38,77,77,77,32],"gold":9,"neow_bonus":"THREE_RARE_CARDS","is_daily":false,"chose_seed":false,"campfire_upgraded":7,"win_rate":0.0,"timestamp":1611734555,"path_taken":["M","?","?","M","M","E","R","?","T","R","E","M","E","M","R","BOSS","M","?","?","?","?","E","R","$","T","M","M","?","E","M","R","BOSS","M","M","$","?","?","R","E","M","T","M","M","?","R","$","R","BOSS"],"items_purchased_type":["Relic","Card","Relic","Relic","Relic","Card","Card","Card","Relic"],"build_version":"2020-12-22","purchased_purges":2,"victory":true,"max_hp_per_floor":[80,80,80,80,80,80,80,80,80,80,80,80,80,80,80,80,80,80,80,80,80,80,80,80,80,80,80,80,80,80,80,80,80,80,80,80,80,80,80,80,80,80,80,80,80,80,80,80,80,80],"card_choices":[{"not_picked":["Corruption","Feed"],"picked":"Limit Break","floor":0.0},{"not_picked":["Dark Embrace","Clash"],"picked":"Body Slam","floor":1.0},{"not_picked":["Headbutt","Anger"],"picked":"Flex","floor":2.0},{"not_picked":["Perfected Strike","Wild Strike","Cleave"],"picked":"SKIP","floor":4.0},{"not_picked":["Perfected Strike","Combust"],"picked":"Heavy Blade","floor":5.0},{"not_picked":["Sword Boomerang","Warcry"],"picked":"Evolve","floor":6.0},{"not_picked":["Sentinel","Thunderclap"],"picked":"Armaments","floor":11.0},{"not_picked":["Rupture","Corruption"],"picked":"Pommel Strike","floor":12.0},{"not_picked":["Feed","Iron Wave"],"picked":"Body Slam","floor":13.0},{"not_picked":["Cleave","Twin Strike"],"picked":"Flex","floor":14.0},{"not_picked":["Immolate","Offering"],"picked":"Reaper","floor":16.0},{"not_picked":["Perfected Strike+1","Sword Boomerang"],"picked":"Warcry","floor":18.0},{"not_picked":["Headbutt","Infernal Blade"],"picked":"Flex","floor":19.0},{"not_picked":["Warcry","Hemokinesis"],"picked":"Heavy Blade+1","floor":20.0},{"not_picked":["Twin Strike","Pommel Strike"],"picked":"Reaper","floor":23.0},{"not_picked":["Anger","Body Slam"],"picked":"Headbutt+1","floor":27},{"not_picked":["Armaments","Anger+1","Thunderclap"],"picked":"SKIP","floor":28},{"not_picked":["Sword Boomerang","Ghostly Armor"],"picked":"Thunderclap+1","floor":29},{"not_picked":["Fire Breathing+1","Burning Pact+1"],"picked":"Warcry+1","floor":30},{"not_picked":["Body Slam","Reckless Charge"],"picked":"Heavy Blade+1","floor":31},{"not_picked":["Corruption","Bludgeon"],"picked":"Reaper","floor":33},{"not_picked":["Body Slam","Anger+1"],"picked":"Flex+1","floor":35},{"not_picked":["Perfected Strike","Clash+1","Havoc"],"picked":"SKIP","floor":36},{"not_picked":["Armaments","Second Wind"],"picked":"Double Tap","floor":37},{"not_picked":["Cleave+1","Clothesline+1"],"picked":"Shockwave","floor":37},{"not_picked":["True Grit","Burning Pact+1"],"picked":"Flex+1","floor":37},{"not_picked":["True Grit","Iron Wave"],"picked":"Rage+1","floor":37},{"not_picked":["Wild Strike+1","Anger"],"picked":"Flex+1","floor":38},{"not_picked":["Fire Breathing+1","Twin Strike+1"],"picked":"Battle Trance+1","floor":41},{"not_picked":["Perfected Strike","Warcry"],"picked":"Sword Boomerang+1","floor":42},{"not_picked":["Hemokinesis+1","Shrug It Off+1"],"picked":"Sword Boomerang+1","floor":44},{"not_picked":["Havoc+1","Iron Wave"],"picked":"Uppercut","floor":45},{"not_picked":["Double Tap","Searing Blow"],"picked":"Heavy Blade+1","floor":47}],"player_experience":112877,"relics_obtained":[{"floor":6.0,"key":"Pen Nib"},{"floor":9.0,"key":"Bag of Preparation"},{"floor":11.0,"key":"InkBottle"},{"floor":13.0,"key":"Happy Flower"},{"floor":22.0,"key":"Centennial Puzzle"},{"floor":23.0,"key":"Regal Pillow"},{"floor":26,"key":"Oddly Smooth Stone"},{"floor":30,"key":"Pantograph"},{"floor":39,"key":"Dream Catcher"},{"floor":41,"key":"Omamori"},{"floor":43,"key":"Sundial"}],"event_choices":[{"damage_healed":0.0,"max_hp_gain":0.0,"max_hp_loss":0.0,"gold_gain":0.0,"event_name":"Living Wall","player_choice":"Grow","floor":3.0,"gold_loss":0.0,"damage_taken":0.0,"cards_upgraded":["Limit Break"]},{"cards_removed":["Strike_R"],"damage_healed":0.0,"max_hp_gain":0.0,"max_hp_loss":0.0,"gold_gain":0.0,"event_name":"Purifier","player_choice":"Purged","floor":8.0,"gold_loss":0.0,"damage_taken":0.0},{"damage_healed":0,"gold_gain":0,"player_choice":"Embrace Madness","damage_taken":10,"max_hp_gain":0,"max_hp_loss":0,"event_name":"Winding Halls","floor":46,"gold_loss":0,"cards_obtained":["Madness","Madness"]}],"is_beta":false,"boss_relics":[{"not_picked":["Busted Crown","Runic Cube"],"picked":"Sozu"},{"not_picked":["SacredBark","Black Blood"],"picked":"Snecko Eye"}],"items_purged_floors":[25,37],"is_endless":false,"potions_floor_spawned":[1,4,11,13,23,28,29,31,33,36,38,44,45],"ascension_level":3}}