{"host":"Bilverbakes","time":1611777484,"event":{"mods":["2.2 Compatiblity","AchievementEnabler","BaseMod","Bestiary","Colored Map","Minty Spire (QoL Compilation)","Relic Stats","StSLib","ojb\u0027s Info Mod"],"gold_per_floor":[365,384,32,32,52,52,81,92,92,92,110,173,203,217,217,291,291,305,355,310,23,37,37,68,68,68,68,68,68,68],"floor_reached":29,"language":"ENG","playtime":1291,"items_purged":[],"score":506,"play_id":"d2331c8b-0258-4eb2-92f7-544123ea5474","local_time":"20210127135804","is_ascension_mode":true,"campfire_choices":[{"data":"Neutralize","floor":6.0,"key":"SMITH"},{"data":"Cloak And Dagger","floor":10.0,"key":"SMITH"},{"data":"Cloak And Dagger","floor":15,"key":"SMITH"},{"floor":23,"key":"DIG"}],"circlet_count":0,"master_deck":["AscendersBane","Strike_G+1","Strike_G+1","Strike_G+1","Strike_G+1","Defend_G+1","Defend_G+1","Defend_G+1","Defend_G+1","Defend_G+1","Survivor","Neutralize+1","Masterful Stab","Cloak And Dagger+1","Underhanded Strike","Dagger Spray","Cloak And Dagger+1","Riddle With Holes","Leg Sweep","Malaise+1","CurseOfTheBell","Blade Dance+1","Leg Sweep+1","Outmaneuver+1","Wraith Form v2","Ghostly+1","Ghostly+1","Ghostly+1"],"relics":["Ring of the Snake","Shuriken","White Beast Statue","Shovel","Calipers","Darkstone Periapt","Calling Bell","MealTicket","Mercury Hourglass","Girya","Ornamental Fan","InkBottle","War Paint","Toxic Egg 2"],"acts_visited":["Exordium","TheCity"],"potions_floor_usage":[16,18,20,22,24,24,29],"damage_taken":[{"damage":1.0,"enemies":"Cultist","floor":1.0,"turns":4.0},{"damage":21.0,"enemies":"Jaw Worm","floor":2.0,"turns":6.0},{"damage":0.0,"enemies":"Small Slimes","floor":5.0,"turns":5.0},{"damage":2.0,"enemies":"3 Sentries","floor":7.0,"turns":6.0},{"damage":0.0,"enemies":"Looter","floor":8.0,"turns":2.0},{"damage":1.0,"enemies":"3 Louse","floor":11.0,"turns":3.0},{"damage":4.0,"enemies":"3 Sentries","floor":12.0,"turns":6.0},{"damage":9.0,"enemies":"Lagavulin","floor":13.0,"turns":5.0},{"damage":0,"enemies":"2 Fungi Beasts","floor":14,"turns":2},{"damage":10,"enemies":"Slime Boss","floor":16,"turns":7},{"damage":0,"enemies":"Spheric Guardian","floor":18,"turns":2},{"damage":15,"enemies":"2 Thieves","floor":20,"turns":5},{"damage":19,"enemies":"Snake Plant","floor":22,"turns":6},{"damage":12,"enemies":"Slavers","floor":24,"turns":7},{"damage":3,"enemies":"Gremlin Leader","floor":29,"turns":7}],"seed_played":"-3769399085700603836","potions_obtained":[{"floor":5.0,"key":"CultistPotion"},{"floor":8.0,"key":"Strength Potion"},{"floor":11.0,"key":"Block Potion"},{"floor":16,"key":"BlessingOfTheForge"},{"floor":18,"key":"Weak Potion"},{"floor":20,"key":"Energy Potion"},{"floor":22,"key":"Fire Potion"},{"floor":24,"key":"SkillPotion"}],"is_trial":false,"path_per_floor":["M","M","$","?","M","R","E","M","T","R","M","?","E","M","R","B",null,"M","?","M","$","M","R","E","?","T","?","?","E"],"character_chosen":"THE_SILENT","items_purchased":["Shuriken","Cloak And Dagger","Underhanded Strike","Ornamental Fan"],"campfire_rested":0,"item_purchase_floors":[3,3,3,21],"current_hp_per_floor":[58,37,37,37,37,37,35,35,35,35,34,30,21,21,21,11,54,54,54,39,54,35,35,23,23,23,23,23,20,20],"gold":68,"neow_bonus":"TWO_FIFTY_GOLD","is_daily":false,"chose_seed":false,"campfire_upgraded":3,"win_rate":0.0,"timestamp":1611777484,"path_taken":["M","?","$","?","M","R","E","M","T","R","M","?","E","?","R","BOSS","M","?","M","$","M","R","E","?","T","?","?","E"],"items_purchased_type":["Relic","Card","Card","Relic"],"build_version":"2020-12-18","purchased_purges":0,"victory":false,"max_hp_per_floor":[60,60,60,60,60,60,60,60,60,60,60,60,60,60,60,60,66,66,66,66,66,66,66,66,66,66,33,33,33,33],"relic_stats":{"Darkstone Periapt":6,"Shovel":1,"counters":[15,72],"Shuriken":[31],"Ornamental Fan":[40],"MealTicket":15,"War Paint":["Malaise","Blade Dance"],"obtain_stats":[{"Darkstone Periapt":13,"Girya":17,"Calipers":12,"War Paint":24,"White Beast Statue":7,"Mercury Hourglass":17,"Calling Bell":17,"Shovel":9,"Shuriken":3,"Ornamental Fan":21,"MealTicket":17,"Toxic Egg 2":26,"InkBottle":23,"Ring of the Snake":0},{"Darkstone Periapt":8,"Girya":10,"Calipers":7,"War Paint":14,"White Beast Statue":4,"Mercury Hourglass":10,"Calling Bell":10,"Shovel":5,"Shuriken":2,"Ornamental Fan":12,"MealTicket":10,"Toxic Egg 2":14,"InkBottle":13,"Ring of the Snake":0},{"Darkstone Periapt":37,"Girya":46,"Calipers":32,"War Paint":65,"White Beast Statue":21,"Mercury Hourglass":46,"Calling Bell":46,"Shovel":23,"Shuriken":10,"Ornamental Fan":53,"MealTicket":46,"Toxic Egg 2":65,"InkBottle":59,"Ring of the Snake":0}],"InkBottle":[5],"Ring of the Snake":[30],"Mercury Hourglass":[129]},"card_choices":[{"not_picked":["Deflect","Expertise","Acrobatics"],"picked":"SKIP","floor":1.0},{"not_picked":["Well Laid Plans","PiercingWail"],"picked":"Masterful Stab","floor":2.0},{"not_picked":["Quick Slash","Prepared"],"picked":"Dagger Spray","floor":5.0},{"not_picked":["Flying Knee","Footwork"],"picked":"Cloak And Dagger","floor":7.0},{"not_picked":["Prepared","Quick Slash"],"picked":"Riddle With Holes","floor":8.0},{"not_picked":["Bane","Quick Slash","PiercingWail"],"picked":"SKIP","floor":11.0},{"not_picked":["Escape Plan","Tools of the Trade"],"picked":"Leg Sweep","floor":13.0},{"not_picked":["Deflect","Bane","Distraction"],"picked":"SKIP","floor":14},{"not_picked":["Glass Knife","Burst"],"picked":"Malaise","floor":16},{"not_picked":["Concentrate","Choke"],"picked":"Blade Dance","floor":18},{"not_picked":["Flying Knee","Bane"],"picked":"Leg Sweep+1","floor":20},{"not_picked":["PiercingWail","Underhanded Strike"],"picked":"Outmaneuver+1","floor":22},{"not_picked":["Slice","Predator"],"picked":"Wraith Form v2","floor":24}],"player_experience":819873,"relics_obtained":[{"floor":7.0,"key":"White Beast Statue"},{"floor":9.0,"key":"Shovel"},{"floor":12.0,"key":"Calipers"},{"floor":13.0,"key":"Darkstone Periapt"},{"floor":17,"key":"MealTicket"},{"floor":17,"key":"Mercury Hourglass"},{"floor":17,"key":"Girya"},{"floor":23,"key":"InkBottle"},{"floor":24,"key":"War Paint"},{"floor":26,"key":"Toxic Egg 2"}],"event_choices":[{"damage_healed":0.0,"max_hp_gain":0.0,"max_hp_loss":0.0,"gold_gain":0.0,"event_name":"Scrap Ooze","player_choice":"Fled","floor":4.0,"gold_loss":0.0,"damage_taken":0.0},{"damage_healed":0.0,"max_hp_gain":0.0,"max_hp_loss":0.0,"gold_gain":0.0,"event_name":"Dead Adventurer","player_choice":"Searched \u00271\u0027 times","floor":12.0,"gold_loss":0.0,"damage_taken":0.0},{"damage_healed":0,"gold_gain":50,"player_choice":"Stole From Cult","damage_taken":0,"max_hp_gain":0,"max_hp_loss":0,"event_name":"Nest","floor":19,"gold_loss":0},{"damage_healed":0,"gold_gain":0,"player_choice":"Simplicity","damage_taken":0,"max_hp_gain":0,"max_hp_loss":0,"event_name":"Back to Basics","floor":25,"gold_loss":0,"cards_upgraded":["Strike_G","Strike_G","Strike_G","Strike_G","Strike_G","Defend_G","Defend_G","Defend_G","Defend_G","Defend_G"]},{"damage_healed":0,"gold_gain":0,"player_choice":"Became a Ghost","damage_taken":0,"max_hp_gain":0,"max_hp_loss":33,"event_name":"Ghosts","floor":27,"gold_loss":0,"cards_obtained":["Ghostly","Ghostly","Ghostly"]},{"cards_removed":["Strike_G"],"damage_healed":0,"gold_gain":0,"player_choice":"Purged","damage_taken":0,"max_hp_gain":0,"max_hp_loss":0,"event_name":"Purifier","floor":28,"gold_loss":0}],"is_beta":true,"boss_relics":[{"not_picked":["WristBlade","Philosopher\u0027s Stone"],"picked":"Calling Bell"}],"items_purged_floors":[],"is_endless":false,"potions_floor_spawned":[5,8,11,12,13,14,16,18,20,22,24],"killed_by":"Gremlin Leader","ascension_level":20}}