{"host":"2eswhqk6sgfpt1j1","time":1611750883,"event":{"mods":["Act Like it!","BaseMod","Colored Powertips","Hallownest","Lobotomy","Minty Spire (QoL Compilation)","Replay The Spire","StSLib","The Bug Knight","The Cursed","The Hierophant","The Servant 0.9.4"],"gold_per_floor":[111,125,180,196,207,207,227,227,254,254,254,48,65,65,65,65,65],"floor_reached":16,"language":"ZHS","playtime":590,"items_purged":["HollowMod:NailStrikeStart"],"score":92,"play_id":"6badf6e7-2b31-40dc-a43e-a51c7d6941f7","local_time":"20210127203443","is_ascension_mode":false,"campfire_choices":[{"data":"HollowMod:MantisMark","floor":6,"key":"SMITH"},{"data":"HollowMod:WraithStrike","floor":8,"key":"SMITH"},{"data":"HollowMod:LuriensSpire","floor":15,"key":"SMITH"}],"circlet_count":0,"master_deck":["HollowMod:NailStrikeStart","HollowMod:NailStrikeStart","HollowMod:NailStrikeStart","HollowMod:QuickDashStart","HollowMod:QuickDashStart","HollowMod:QuickDashStart","HollowMod:QuickDashStart+1","HollowMod:PogoStrike","HollowMod:WraithStrike+1","HollowMod:MantisMark+1","HollowMod:DescendingDark","HollowMod:ShapeofUnn","HollowMod:MantisMark+1","Specialist","HollowMod:LuriensSpire+1"],"relics":["HollowMod:VesselMask","Mercury Hourglass","Smiling Mask","Blood Vial","Toy Ornithopter"],"acts_visited":["Hallownest:Greenpath"],"potions_floor_usage":[5,13,13,16],"damage_taken":[{"damage":0,"enemies":"2_ Uuma","floor":1,"turns":4},{"damage":4,"enemies":"Hallownest:monsterHuskGuard","floor":2,"turns":4},{"damage":0,"enemies":"Hallownest:2_MossCreeps","floor":4,"turns":3},{"damage":0,"enemies":"Hallownest:MossCreep_and_Mosskin","floor":5,"turns":4},{"damage":0,"enemies":"Hallownest:monsterAspidMother","floor":7,"turns":3},{"damage":0,"enemies":"Hallownest:Guard_and_Warrior","floor":13,"turns":3},{"damage":63,"enemies":"Hallownest:BossHornet","floor":16,"turns":11}],"seed_played":"7062893475205078484","potions_obtained":[{"floor":1,"key":"Fire Potion"},{"floor":2,"key":"SkillPotion"},{"floor":3,"key":"SpeedPotion"},{"floor":7,"key":"ColorlessPotion"}],"is_trial":false,"path_per_floor":["M","M","?","M","M","R","M","R","T","?","?","$","M","?","R","B"],"character_chosen":"THE_BUGKNIGHT","items_purchased":["HollowMod:MantisMark","Specialist"],"campfire_rested":0,"item_purchase_floors":[12,12],"current_hp_per_floor":[75,71,71,71,71,71,71,71,71,43,43,43,55,55,55,0,0],"gold":65,"neow_bonus":"TRANSFORM_CARD","is_daily":false,"chose_seed":false,"campfire_upgraded":3,"win_rate":0.0,"timestamp":1611750883,"path_taken":["M","M","?","M","M","R","?","R","T","?","?","?","M","?","R","BOSS"],"items_purchased_type":["Card","Card"],"build_version":"2020-12-22","purchased_purges":1,"victory":false,"max_hp_per_floor":[75,75,75,75,75,75,75,75,75,75,75,75,75,75,75,75,75],"card_choices":[{"not_picked":["HollowMod:PerfectDash","HollowMod:FastStrike"],"picked":"HollowMod:MantisMark","floor":1},{"not_picked":["HollowMod:NewLittleFool","HollowMod:DashSlash","HollowMod:CoiledNail"],"picked":"SKIP","floor":2},{"not_picked":["HollowMod:InfectedAttack","HollowMod:SoulStrike"],"picked":"HollowMod:DescendingDark","floor":3},{"not_picked":["HollowMod:MothsMistake","HollowMod:CrystalDash"],"picked":"HollowMod:ShapeofUnn","floor":4},{"not_picked":["HollowMod:InfectedCysts","HollowMod:Weaversong","HollowMod:InfectedAttack"],"picked":"SKIP","floor":5},{"not_picked":["HollowMod:SoulShaman","HollowMod:FastStrike","HollowMod:SoulVessel"],"picked":"SKIP","floor":7},{"not_picked":["HollowMod:SoulShaman","HollowMod:FastStrike","HollowMod:SoulVessel"],"picked":"SKIP","floor":7},{"not_picked":["HollowMod:DashSlash","HollowMod:InfectedCysts"],"picked":"HollowMod:LuriensSpire","floor":13}],"player_experience":419849,"relics_obtained":[{"floor":3,"key":"Mercury Hourglass"},{"floor":9,"key":"Smiling Mask"}],"event_choices":[],"is_beta":false,"boss_relics":[],"items_purged_floors":[12],"is_endless":false,"potions_floor_spawned":[1,2,7],"killed_by":"Hallownest:BossHornet","ascension_level":0}}