{"host":"w8jq41i5zn1fudf9","time":1611706573,"event":{"mods":["AchievementEnabler","BaseMod","Colored Map","Colored Powertips","Curses Come First","GifTheSpireLib","Googly Eyes","Minty Spire (QoL Compilation)","Quick Restart","Rare Cards Sparkle","Relic Stats","StSLib","everything is the same but u backflip on backflip","slay the spire mod where everything is the same but ironclad has a cowboy hat"],"gold_per_floor":[109,63,63,76,76,76,112,112,138,138,162,196,216,229,229,350,350,368,368,368,384,405,405,445,147,147,172,172,91,91,106,106,227,227,251,584,632,632,263,263,279,293,318,330,358,370,370],"floor_reached":46,"language":"ENG","playtime":2493,"items_purged":["Strike_R"],"score":495,"play_id":"1335926c-20d3-40fa-a3ed-a7797c23e4ee","local_time":"20210126171613","is_ascension_mode":true,"campfire_choices":[{"data":"Shrug It Off","floor":6,"key":"SMITH"},{"data":"Reaper","floor":10,"key":"SMITH"},{"floor":15,"key":"REST"},{"data":"Berserk","floor":23,"key":"SMITH"},{"data":"Cleave","floor":28,"key":"SMITH"},{"data":"Discovery","floor":30,"key":"SMITH"},{"data":"Pommel Strike","floor":32,"key":"SMITH"},{"floor":40,"key":"REST"},{"data":"1","floor":44,"key":"LIFT"}],"circlet_count":0,"master_deck":["Strike_R","Strike_R","Strike_R","Defend_R","Defend_R","Defend_R","Defend_R+1","Bash","Heavy Blade","Twin Strike","Shrug It Off+1","Pommel Strike+1","Reaper+1","Spot Weakness+1","Berserk+1","Cleave+1","Thunderclap","Reaper+1","Perfected Strike+1","Iron Wave","Perfected Strike","Discovery+1","Juggernaut","CurseOfTheBell","Whirlwind+1","Rampage","Finesse","Shrug It Off","Parasite","Perfected Strike"],"relics":["Black Blood","Thread and Needle","Red Skull","Pantograph","War Paint","Lizard Tail","Sundial","Calling Bell","Pen Nib","Ornamental Fan","Girya","Unceasing Top","Bag of Marbles","MawBank"],"acts_visited":["Exordium","TheCity","TheBeyond"],"potions_floor_usage":[16,18,21,21,31,33,33,37,41,46],"damage_taken":[{"damage":15,"enemies":"Cultist","floor":1,"turns":4},{"damage":0,"enemies":"2 Louse","floor":4,"turns":2},{"damage":41,"enemies":"Lagavulin","floor":7,"turns":8},{"damage":0,"enemies":"Small Slimes","floor":11,"turns":2},{"damage":6,"enemies":"3 Sentries","floor":12,"turns":7},{"damage":8,"enemies":"Blue Slaver","floor":13,"turns":3},{"damage":25,"enemies":"Gremlin Gang","floor":14,"turns":7},{"damage":49,"enemies":"Slime Boss","floor":16,"turns":11},{"damage":11,"enemies":"Chosen","floor":18,"turns":5},{"damage":12,"enemies":"Spheric Guardian","floor":21,"turns":5},{"damage":8,"enemies":"Centurion and Healer","floor":22,"turns":6},{"damage":62,"enemies":"Slavers","floor":24,"turns":5},{"damage":15,"enemies":"Chosen and Byrds","floor":27,"turns":7},{"damage":23,"enemies":"Shelled Parasite and Fungi","floor":31,"turns":4},{"damage":120,"enemies":"Collector","floor":33,"turns":13},{"damage":23,"enemies":"3 Shapes","floor":35,"turns":3},{"damage":66,"enemies":"2 Orb Walkers","floor":37,"turns":5},{"damage":35,"enemies":"3 Darklings","floor":41,"turns":5},{"damage":42,"enemies":"Writhing Mass","floor":42,"turns":6},{"damage":11,"enemies":"4 Shapes","floor":45,"turns":2},{"damage":153,"enemies":"Nemesis","floor":46,"turns":8}],"seed_played":"878814265328067688","potions_obtained":[{"floor":12,"key":"EssenceOfSteel"},{"floor":13,"key":"BloodPotion"},{"floor":14,"key":"Energy Potion"},{"floor":16,"key":"DuplicationPotion"},{"floor":18,"key":"Block Potion"},{"floor":24,"key":"Energy Potion"},{"floor":31,"key":"PowerPotion"},{"floor":33,"key":"Swift Potion"},{"floor":37,"key":"Fire Potion"},{"floor":41,"key":"BlessingOfTheForge"},{"floor":45,"key":"PowerPotion"}],"is_trial":false,"path_per_floor":["M","$","?","M","?","R","E","?","T","R","M","E","M","M","R","B",null,"M","?","?","M","M","R","E","$","T","M","R","$","R","M","R","B",null,"M","?","?","?","$","R","M","M","T","R","M","E"],"character_chosen":"IRONCLAD","items_purchased":["Twin Strike","Lizard Tail","Discovery","Bag of Marbles","Rampage","Finesse"],"campfire_rested":2,"item_purchase_floors":[2,25,29,39,39,39],"current_hp_per_floor":[79,79,79,85,63,63,28,28,28,28,41,57,55,45,71,70,88,88,88,88,88,88,88,60,60,60,63,63,63,63,63,63,45,88,77,77,23,23,23,49,71,41,41,41,88,0,0],"gold":370,"neow_bonus":"TEN_PERCENT_HP_BONUS","is_daily":false,"chose_seed":false,"campfire_upgraded":6,"win_rate":0.0,"timestamp":1611706573,"path_taken":["M","$","?","?","?","R","E","?","T","R","?","E","M","M","R","BOSS","M","?","?","?","M","R","E","$","T","M","R","$","R","M","R","BOSS","M","?","?","?","$","R","M","M","T","R","M","E"],"items_purchased_type":["Card","Relic","Card","Relic","Card","Card"],"build_version":"2020-12-22","purchased_purges":1,"victory":false,"max_hp_per_floor":[88,88,88,88,88,88,88,88,88,88,88,88,88,88,88,88,88,88,88,88,88,88,88,88,88,88,88,88,88,88,88,88,88,88,88,88,88,88,88,88,88,88,88,88,88,88,88],"relic_stats":{"Lizard Tail":44,"counters":[21,118],"Sundial":[4],"Ornamental Fan":[4],"Pantograph":42,"Black Blood":180,"Pen Nib":[4],"War Paint":["Spot Weakness","Defend_R"],"MawBank":36,"obtain_stats":[{"Girya":34,"Golden Idol":5,"Black Blood":17,"Thread and Needle":7,"Pen Nib":34,"War Paint":24,"MawBank":43,"Burning Blood":0,"Calling Bell":34,"Lizard Tail":25,"Sundial":26,"Ornamental Fan":34,"Pantograph":12,"Bag of Marbles":39,"Red Skull":9,"Unceasing Top":37},{"Girya":15,"Golden Idol":2,"Black Blood":8,"Thread and Needle":3,"Pen Nib":15,"War Paint":12,"MawBank":19,"Burning Blood":0,"Calling Bell":15,"Lizard Tail":12,"Sundial":12,"Ornamental Fan":15,"Pantograph":5,"Bag of Marbles":17,"Red Skull":3,"Unceasing Top":17},{"Girya":89,"Golden Idol":6,"Black Blood":44,"Thread and Needle":14,"Pen Nib":89,"War Paint":65,"MawBank":108,"Burning Blood":0,"Calling Bell":89,"Lizard Tail":65,"Sundial":65,"Ornamental Fan":89,"Pantograph":23,"Bag of Marbles":97,"Red Skull":14,"Unceasing Top":97}],"Unceasing Top":[0]},"card_choices":[{"not_picked":["Warcry","Sever Soul"],"picked":"Heavy Blade","floor":1},{"not_picked":["Disarm","Burning Pact"],"picked":"Shrug It Off","floor":4},{"not_picked":["Second Wind","Armaments"],"picked":"Pommel Strike","floor":7},{"not_picked":["Reckless Charge","Sever Soul","Wild Strike"],"picked":"SKIP","floor":11},{"not_picked":["Wild Strike","Bludgeon","Blood for Blood"],"picked":"SKIP","floor":12},{"not_picked":["Sentinel","Sword Boomerang","Havoc"],"picked":"SKIP","floor":13},{"not_picked":["Thunderclap","Shrug It Off"],"picked":"Spot Weakness","floor":14},{"not_picked":["Barricade","Fiend Fire"],"picked":"Berserk","floor":16},{"not_picked":["Wild Strike","Pommel Strike"],"picked":"Cleave","floor":18},{"not_picked":["Whirlwind","Pommel Strike"],"picked":"Perfected Strike+1","floor":21},{"not_picked":["Flex+1","Rage"],"picked":"Iron Wave","floor":22},{"not_picked":["Twin Strike","Sever Soul"],"picked":"Perfected Strike","floor":24},{"not_picked":["Bloodletting","Havoc","Shrug It Off"],"picked":"SKIP","floor":27},{"not_picked":["True Grit","Anger","Warcry"],"picked":"SKIP","floor":31},{"not_picked":["Impervious","Fiend Fire"],"picked":"Juggernaut","floor":33},{"not_picked":["Heavy Blade","Anger+1"],"picked":"Whirlwind+1","floor":35},{"not_picked":["Bludgeon","Perfected Strike+1","Shrug It Off"],"picked":"SKIP","floor":41},{"not_picked":["Bludgeon","Perfected Strike+1"],"picked":"Shrug It Off","floor":41},{"not_picked":["Cleave+1","Searing Blow+1","Flex+1"],"picked":"SKIP","floor":42},{"not_picked":["Anger","Headbutt"],"picked":"Perfected Strike","floor":45}],"player_experience":61477,"relics_obtained":[{"floor":7,"key":"Thread and Needle"},{"floor":9,"key":"Red Skull"},{"floor":12,"key":"Pantograph"},{"floor":24,"key":"War Paint"},{"floor":26,"key":"Sundial"},{"floor":34,"key":"Pen Nib"},{"floor":34,"key":"Ornamental Fan"},{"floor":34,"key":"Girya"},{"floor":37,"key":"Unceasing Top"},{"floor":43,"key":"MawBank"}],"event_choices":[{"damage_healed":0,"gold_gain":0,"player_choice":"Bought 0 Potions","damage_taken":0,"max_hp_gain":0,"max_hp_loss":0,"event_name":"The Woman in Blue","floor":3,"gold_loss":0},{"damage_healed":0,"gold_gain":0,"player_choice":"Take Damage","damage_taken":22,"relics_obtained":["Golden Idol"],"max_hp_gain":0,"max_hp_loss":0,"event_name":"Golden Idol","floor":5,"gold_loss":0},{"damage_healed":0,"gold_gain":0,"cards_transformed":["Strike_R"],"player_choice":"Transformed","damage_taken":0,"max_hp_gain":0,"max_hp_loss":0,"event_name":"Transmorgrifier","floor":8,"gold_loss":0,"cards_obtained":["Reaper"]},{"damage_healed":0,"gold_gain":0,"player_choice":"Read","damage_taken":0,"max_hp_gain":0,"max_hp_loss":0,"event_name":"The Library","floor":19,"gold_loss":0,"cards_obtained":["Thunderclap"]},{"damage_healed":0,"gold_gain":0,"player_choice":"Copied","damage_taken":0,"max_hp_gain":0,"max_hp_loss":0,"event_name":"Duplicator","floor":20,"gold_loss":0,"cards_obtained":["Reaper"]},{"damage_healed":0,"gold_gain":333,"player_choice":"Gave Idol","damage_taken":0,"max_hp_gain":0,"max_hp_loss":0,"event_name":"The Moai Head","floor":36,"relics_lost":["Golden Idol"],"gold_loss":0},{"damage_healed":0,"gold_gain":0,"player_choice":"Fight","damage_taken":0,"max_hp_gain":0,"max_hp_loss":0,"event_name":"Mysterious Sphere","floor":37,"gold_loss":0},{"damage_healed":0,"gold_gain":0,"player_choice":"Ignored","damage_taken":0,"max_hp_gain":0,"max_hp_loss":0,"event_name":"Tomb of Lord Red Mask","floor":38,"gold_loss":0}],"is_beta":false,"boss_relics":[{"not_picked":["Snecko Eye","SacredBark"],"picked":"Black Blood"},{"not_picked":["Runic Pyramid","Fusion Hammer"],"picked":"Calling Bell"}],"items_purged_floors":[39],"is_endless":false,"potions_floor_spawned":[12,13,14,16,18,24,31,33,37,41,45],"killed_by":"Nemesis","ascension_level":1}}