{"host":"g01l53quoe6lrer0","time":1611718001,"event":{"mods":["2.2 Compatiblity","AchievementEnabler","BaseMod","Colored Map","Highlight Path","Keyboard Shortcuts","Minty Spire (QoL Compilation)","Permanent Neow","StSLib","SuperFastMode","everything is the same but u backflip on backflip"],"gold_per_floor":[117,117,132,158,158,158,28,68,122,166,184,184,228,241,241,336,336,355,355,170,189,239,273,63,63,116,160,85,101,119,159,159,252,252,268,268,268,13,13,13,13,38,38,54,79,112,112,125,125,125],"floor_reached":51,"language":"KOR","playtime":1265,"items_purged":["Strike_G","Strike_G","Strike_G"],"score":1629,"play_id":"31d292b9-1586-486f-9dc6-b94958fdf6c6","local_time":"20210127122641","is_ascension_mode":true,"campfire_choices":[{"data":"Glass Knife","floor":6.0,"key":"SMITH"},{"data":"Terror","floor":12.0,"key":"SMITH"},{"floor":15.0,"key":"REST"},{"floor":25.0,"key":"REST"},{"floor":32.0,"key":"REST"},{"data":"Accuracy","floor":40.0,"key":"SMITH"},{"floor":47,"key":"REST"},{"floor":49,"key":"REST"}],"circlet_count":0,"master_deck":["AscendersBane","Defend_G","Defend_G","Defend_G+1","Defend_G","Survivor","Neutralize+1","Glass Knife+1","Distraction+1","Dagger Spray+1","Terror+1","Blade Dance","Tactician","PiercingWail","Acrobatics","Adrenaline","Reflex","Crippling Poison+1","Calculated Gamble","Expertise+1","After Image","Envenom","Outmaneuver+1","Accuracy+1","Writhe","Blade Dance+1","Dagger Throw+1","Quick Slash+1","Poisoned Stab+1"],"relics":["Ring of the Snake","Golden Idol","Vajra","StrikeDummy","Akabeko","Ninja Scroll","Art of War","Black Star","Lantern","Matryoshka","Centennial Puzzle","War Paint","Gremlin Horn","Tiny Chest","Potion Belt","Happy Flower","HoveringKite","Whetstone","Mummified Hand","Sling","Blue Candle","StoneCalendar","Torii"],"acts_visited":["Exordium","TheCity","TheBeyond"],"potions_floor_usage":[41,45],"damage_taken":[{"damage":2.0,"enemies":"Jaw Worm","floor":1.0,"turns":3.0},{"damage":0.0,"enemies":"2 Louse","floor":3.0,"turns":2.0},{"damage":8.0,"enemies":"Gremlin Nob","floor":8.0,"turns":3.0},{"damage":2.0,"enemies":"3 Sentries","floor":10.0,"turns":2.0},{"damage":0.0,"enemies":"Cultist","floor":11.0,"turns":1.0},{"damage":0.0,"enemies":"Gremlin Nob","floor":13.0,"turns":2.0},{"damage":0.0,"enemies":"Looter","floor":14.0,"turns":1.0},{"damage":18.0,"enemies":"Hexaghost","floor":16.0,"turns":8.0},{"damage":0.0,"enemies":"Chosen","floor":18.0,"turns":2.0},{"damage":0.0,"enemies":"Spheric Guardian","floor":21.0,"turns":1.0},{"damage":28.0,"enemies":"Slavers","floor":23.0,"turns":6.0},{"damage":7.0,"enemies":"Gremlin Leader","floor":27.0,"turns":4.0},{"damage":0.0,"enemies":"Snecko","floor":29.0,"turns":2.0},{"damage":0.0,"enemies":"Snake Plant","floor":30.0,"turns":3.0},{"damage":0.0,"enemies":"Book of Stabbing","floor":31.0,"turns":2.0},{"damage":31.0,"enemies":"Champ","floor":33.0,"turns":8.0},{"damage":8.0,"enemies":"Orb Walker","floor":35.0,"turns":2.0},{"damage":0,"enemies":"Nemesis","floor":41,"turns":1},{"damage":13,"enemies":"3 Shapes","floor":42,"turns":2},{"damage":1,"enemies":"Spire Growth","floor":44,"turns":1},{"damage":7,"enemies":"Sphere and 2 Shapes","floor":45,"turns":6},{"damage":1,"enemies":"Giant Head","floor":46,"turns":2},{"damage":1,"enemies":"Jaw Worm Horde","floor":48,"turns":3},{"damage":55,"enemies":"Awakened One","floor":50,"turns":12}],"seed_played":"-4682585271607748731","potions_obtained":[{"floor":8.0,"key":"SneckoOil"},{"floor":10.0,"key":"Swift Potion"},{"floor":13.0,"key":"Poison Potion"},{"floor":16.0,"key":"SteroidPotion"},{"floor":23.0,"key":"Strength Potion"},{"floor":29.0,"key":"SpeedPotion"},{"floor":30.0,"key":"Strength Potion"},{"floor":33.0,"key":"SmokeBomb"},{"floor":42,"key":"ColorlessPotion"}],"is_trial":false,"path_per_floor":["M","?","M","T","$","R","$","E","T","E","M","R","E","M","R","B",null,"M","?","$","M","?","E","$","R","T","E","?","M","M","E","R","B",null,"M","T","?","$","?","R","E","M","T","M","M","E","R","M","R","B",null],"character_chosen":"THE_SILENT","items_purchased":["Blade Dance","Reflex","Calculated Gamble","Sling","Accuracy"],"campfire_rested":5,"item_purchase_floors":[7,20,24,38,38],"current_hp_per_floor":[42,42,42,42,42,42,42,34,34,32,32,32,32,32,50,32,53,53,53,53,53,53,25,25,43,43,36,36,36,36,36,54,23,51,43,43,43,43,55,55,55,42,42,41,34,33,51,50,60,5],"gold":125,"neow_bonus":"TRANSFORM_TWO_CARDS","is_daily":false,"chose_seed":false,"campfire_upgraded":3,"win_rate":0.0,"timestamp":1611718001,"path_taken":["M","?","M","?","$","R","$","E","T","E","M","R","E","M","R","BOSS","M","?","$","M","?","E","$","R","T","E","?","?","?","E","R","BOSS","M","?","?","$","?","R","E","?","T","M","M","E","R","M","R","BOSS"],"items_purchased_type":["Card","Card","Card","Relic","Card"],"build_version":"2020-12-22","purchased_purges":3,"victory":true,"max_hp_per_floor":[66,60,60,60,60,60,60,60,60,60,60,60,60,60,60,60,60,60,60,60,60,60,60,60,60,60,60,60,60,60,60,60,60,60,60,60,60,60,60,60,60,60,60,60,60,60,60,60,60,60],"card_choices":[{"not_picked":["Flying Knee","Sucker Punch"],"picked":"Dagger Spray","floor":1.0},{"not_picked":["Dodge and Roll","Bane"],"picked":"Terror","floor":3.0},{"not_picked":["Bouncing Flask","Deflect"],"picked":"Tactician","floor":8.0},{"not_picked":["Dagger Spray","Setup","Endless Agony"],"picked":"SKIP","floor":10.0},{"not_picked":["Flying Knee","Deadly Poison"],"picked":"PiercingWail","floor":11.0},{"not_picked":["Heel Hook","Flechettes"],"picked":"Acrobatics","floor":13.0},{"not_picked":["Acrobatics","Expertise","Deflect"],"picked":"SKIP","floor":14.0},{"not_picked":["Venomology","Doppelganger"],"picked":"Adrenaline","floor":16.0},{"not_picked":["Prepared","Quick Slash","PiercingWail"],"picked":"SKIP","floor":18.0},{"not_picked":["Cloak And Dagger","Outmaneuver"],"picked":"Crippling Poison+1","floor":21.0},{"not_picked":["Envenom","Outmaneuver","Sucker Punch"],"picked":"SKIP","floor":23.0},{"not_picked":["Sucker Punch","Choke","Reflex"],"picked":"SKIP","floor":27.0},{"not_picked":["Eviscerate","Quick Slash"],"picked":"Expertise+1","floor":29.0},{"not_picked":["Footwork","Deflect"],"picked":"After Image","floor":30.0},{"not_picked":["Bane","Acrobatics","Quick Slash"],"picked":"SKIP","floor":31.0},{"not_picked":["Storm of Steel","Glass Knife"],"picked":"Envenom","floor":33.0},{"not_picked":["All Out Attack+1","Sucker Punch"],"picked":"Outmaneuver+1","floor":35.0},{"not_picked":["Deadly Poison+1","Deflect"],"picked":"Blade Dance+1","floor":42},{"not_picked":["PiercingWail","Bane+1"],"picked":"Dagger Throw+1","floor":44},{"not_picked":["Slice+1","Heel Hook"],"picked":"Quick Slash+1","floor":45},{"not_picked":["Dodge and Roll","Deflect+1","Eviscerate"],"picked":"SKIP","floor":46},{"not_picked":["Doppelganger","Outmaneuver"],"picked":"Poisoned Stab+1","floor":48}],"player_experience":309550,"relics_obtained":[{"floor":4.0,"key":"Vajra"},{"floor":8.0,"key":"StrikeDummy"},{"floor":9.0,"key":"Akabeko"},{"floor":10.0,"key":"Ninja Scroll"},{"floor":13.0,"key":"Art of War"},{"floor":23.0,"key":"Lantern"},{"floor":23.0,"key":"Matryoshka"},{"floor":26.0,"key":"Centennial Puzzle"},{"floor":26.0,"key":"War Paint"},{"floor":27.0,"key":"Gremlin Horn"},{"floor":27.0,"key":"Tiny Chest"},{"floor":31.0,"key":"Potion Belt"},{"floor":31.0,"key":"Happy Flower"},{"floor":36.0,"key":"Whetstone"},{"floor":36.0,"key":"Mummified Hand"},{"floor":43,"key":"Blue Candle"},{"floor":46,"key":"StoneCalendar"},{"floor":46,"key":"Torii"}],"event_choices":[{"damage_healed":0.0,"max_hp_gain":0.0,"max_hp_loss":6.0,"gold_gain":0.0,"event_name":"Golden Idol","player_choice":"Lose Max HP","floor":2.0,"gold_loss":0.0,"damage_taken":0.0,"relics_obtained":["Golden Idol"]},{"damage_healed":0.0,"max_hp_gain":0.0,"max_hp_loss":0.0,"gold_gain":0.0,"event_name":"Ghosts","player_choice":"Ignored","floor":19.0,"gold_loss":0.0,"damage_taken":0.0},{"damage_healed":0.0,"max_hp_gain":0.0,"max_hp_loss":0.0,"gold_gain":50.0,"event_name":"Nest","player_choice":"Stole From Cult","floor":22.0,"gold_loss":0.0,"damage_taken":0.0},{"cards_removed":["Strike_G"],"damage_healed":0.0,"max_hp_gain":0.0,"max_hp_loss":0.0,"gold_gain":0.0,"event_name":"Beggar","player_choice":"Gave Gold","floor":28.0,"gold_loss":75.0,"damage_taken":0.0},{"damage_healed":0.0,"max_hp_gain":0.0,"max_hp_loss":0.0,"gold_gain":0.0,"event_name":"Tomb of Lord Red Mask","player_choice":"Ignored","floor":37.0,"gold_loss":0.0,"damage_taken":0.0},{"damage_healed":12.0,"max_hp_gain":0.0,"max_hp_loss":0.0,"gold_gain":0.0,"event_name":"Winding Halls","player_choice":"Writhe","floor":39.0,"gold_loss":0.0,"damage_taken":0.0,"cards_obtained":["Writhe"]}],"is_beta":false,"boss_relics":[{"not_picked":["Velvet Choker","Busted Crown"],"picked":"Black Star"},{"not_picked":["Astrolabe","Fusion Hammer"],"picked":"HoveringKite"}],"items_purged_floors":[7,20,24],"is_endless":false,"potions_floor_spawned":[8,10,13,14,16,23,27,29,30,33,41,42],"ascension_level":18}}