{"host":"w4itzgfiflucot85","time":1611722122,"event":{"mods":["2.2 Compatiblity","BaseMod","Bestiary","Better Note","BetterRewards","Colored Map","Conspire","Highlight Path","Infinite Spire","Minty Spire (QoL Compilation)","Permanent Neow","Replay The Spire","StSLib","The Bug Knight","The Dragon Tamer","The Jungle"],"gold_per_floor":[109,123,142,160,180,180,205,205,205,220,261,281,323,345,345,355,355],"floor_reached":16,"language":"ENG","playtime":872,"items_purged":[],"score":211,"play_id":"d2103e71-19e3-4e77-ae40-ff3860be346a","local_time":"20210126233522","is_ascension_mode":true,"campfire_choices":[{"data":"Buffer","floor":6,"key":"SMITH"},{"data":"Chill","floor":8,"key":"SMITH"},{"data":"Storm","floor":15,"key":"SMITH"}],"circlet_count":0,"master_deck":["Strike_B","Strike_B","Strike_B","Strike_B","Defend_B","Defend_B","Defend_B","Defend_B","Zap","Dualcast","Buffer+1","Skim","Chill+1","Storm+1","Ball Lightning","ReplayRNGCard","Self Repair","Glacier"],"relics":["Cracked Core","Anchor","CeramicFish","Smiling Mask","infinitespire:Midas Blood"],"acts_visited":["Exordium"],"potions_floor_usage":[2,16],"damage_taken":[{"damage":0,"enemies":"Cultist","floor":1,"turns":4},{"damage":2,"enemies":"Jaw Worm","floor":2,"turns":4},{"damage":0,"enemies":"2 Louse","floor":3,"turns":3},{"damage":0,"enemies":"Looter","floor":4,"turns":4},{"damage":16,"enemies":"3 Louse","floor":5,"turns":7},{"damage":0,"enemies":"Lagavulin","floor":7,"turns":7},{"damage":0,"enemies":"Exordium Thugs","floor":10,"turns":6},{"damage":0,"enemies":"Gremlin Nob","floor":11,"turns":4},{"damage":0,"enemies":"Gremlin Gang","floor":12,"turns":4},{"damage":10,"enemies":"3 Sentries","floor":13,"turns":5},{"damage":13,"enemies":"Large Slime","floor":14,"turns":7},{"damage":63,"enemies":"Fading Forest","floor":16,"turns":10}],"seed_played":"-7802488810773077951","potions_obtained":[{"floor":1,"key":"AttackPotion"},{"floor":4,"key":"ColorlessPotion"},{"floor":10,"key":"Swift Potion"},{"floor":11,"key":"conspire:TimeTravelPotion"}],"is_trial":false,"path_per_floor":["M","M","M","M","M","R","E","R","T","M","E","M","E","M","R","B"],"character_chosen":"DEFECT","items_purchased":[],"campfire_rested":0,"item_purchase_floors":[],"current_hp_per_floor":[68,66,66,66,50,50,50,50,50,50,50,50,47,41,41,0,0],"gold":355,"neow_bonus":"THREE_RARE_CARDS","is_daily":false,"chose_seed":false,"campfire_upgraded":3,"win_rate":0.0,"timestamp":1611722122,"path_taken":["M","M","M","M","M","R","E","R","T","M","E","M","E","M","R","BOSS"],"items_purchased_type":[],"build_version":"2020-12-22","purchased_purges":0,"victory":false,"max_hp_per_floor":[68,68,68,68,68,68,68,68,68,68,68,68,68,68,68,68,68],"card_choices":[{"not_picked":["Thunder Strike","ReplayTheSpireMod:Omega Cannon"],"picked":"Buffer","floor":0},{"not_picked":["ReplayTheSpireMod:Reroute Power","Barrage"],"picked":"Skim","floor":1},{"not_picked":["Stack","Steam Power"],"picked":"Chill","floor":2},{"not_picked":["Compile Driver","Go for the Eyes","ReplayTheSpireMod:GoodbyeWorld"],"picked":"SKIP","floor":3},{"not_picked":["Core Surge","Hologram"],"picked":"Storm","floor":4},{"not_picked":["Turbo","Reprogram"],"picked":"Ball Lightning","floor":5},{"not_picked":["BasicCrystalCard","Turbo","ReplayGash"],"picked":"SKIP","floor":7},{"not_picked":["Barrage","Compile Driver","Redo"],"picked":"SKIP","floor":10},{"not_picked":["Scrape","Sweeping Beam"],"picked":"ReplayRNGCard","floor":11},{"not_picked":["Leap","Beam Cell"],"picked":"Self Repair","floor":12},{"not_picked":["Electrodynamics","Leap"],"picked":"Glacier","floor":13},{"not_picked":["ReplaySolidLightProjector","Gash","Sweeping Beam"],"picked":"SKIP","floor":14}],"player_experience":142504,"relics_obtained":[{"floor":7,"key":"Anchor"},{"floor":9,"key":"CeramicFish"},{"floor":11,"key":"Smiling Mask"},{"floor":13,"key":"infinitespire:Midas Blood"}],"event_choices":[],"is_beta":false,"boss_relics":[],"items_purged_floors":[],"is_endless":false,"potions_floor_spawned":[1,4,10,11,13,14],"killed_by":"Fading Forest","ascension_level":4}}