{"host":"smn2tb46ysgs1sad","time":1611730402,"event":{"mods":["AchievementEnabler","Aspiration","BaseMod","Colored Powertips","Downfall","Hermit","Minty Spire (QoL Compilation)","Replay The Spire","StSLib","The Cursed","The Disciple","The Hierophant"],"gold_per_floor":[112,4,4,79,79,114,114,114,167,167,182,182,212,237,237,360,360,384,215,233,233,233],"floor_reached":21,"language":"ENG","playtime":809,"items_purged":["Injury"],"score":200,"play_id":"86d0d201-c614-45c9-a748-1104667355c4","local_time":"20210126225322","is_ascension_mode":false,"campfire_choices":[{"data":"Eruption","floor":7,"key":"SMITH"},{"floor":10,"key":"REST"},{"data":"Prostrate","floor":12,"key":"SMITH"},{"floor":15,"key":"REST"}],"circlet_count":0,"master_deck":["Strike_P","Strike_P","Strike_P","Strike_P","Defend_P","Defend_P","Defend_P","Defend_P","Eruption+1","Vigilance","PathToVictory","Prostrate+1","LikeWater+1","Indignation+1","Crescendo+1","Prostrate+1","FlurryOfBlows","Alpha+1","Halt+1","Worship+1","Consecrate","Replay:Anticipation+1"],"relics":["PureWater","NeowsBlessing","Toxic Egg 2","Mirror","Golden Idol","Bag of Marbles","Replay:Towering Pillar of Hats","aspiration:RitualDagger"],"acts_visited":["Exordium","TheCity"],"potions_floor_usage":[16],"damage_taken":[{"damage":0,"enemies":"Small Slimes","floor":1,"turns":2},{"damage":0,"enemies":"Gremlin Nob","floor":6,"turns":1},{"damage":0,"enemies":"Jaw Worm","floor":11,"turns":1},{"damage":8,"enemies":"2 Louse","floor":14,"turns":2},{"damage":18,"enemies":"Slime Boss","floor":16,"turns":8},{"damage":27,"enemies":"2 Thieves","floor":18,"turns":4},{"damage":57,"enemies":"Shell Parasite","floor":20,"turns":5},{"damage":103,"enemies":"Sentry and Sphere","floor":21,"turns":8}],"seed_played":"7588243653593105931","potions_obtained":[{"floor":11,"key":"LiquidMemories"},{"floor":18,"key":"FairyPotion"}],"is_trial":false,"path_per_floor":["M","$","?","?","$","E","R","?","T","R","M","R","?","M","R","B",null,"M","$","M","M"],"character_chosen":"WATCHER","items_purchased":["Prostrate","LikeWater+1","Worship+1","Consecrate"],"campfire_rested":2,"item_purchase_floors":[2,2,19,19],"current_hp_per_floor":[72,72,72,61,61,61,61,43,43,64,64,64,64,56,72,54,72,45,45,11,0,0],"gold":233,"neow_bonus":"THREE_ENEMY_KILL","is_daily":false,"chose_seed":false,"campfire_upgraded":2,"win_rate":0.0,"timestamp":1611730402,"path_taken":["M","$","?","?","?","E","R","?","T","R","M","R","?","M","R","BOSS","M","$","?","?"],"items_purchased_type":["Card","Card","Card","Card"],"build_version":"2020-12-22","purchased_purges":1,"victory":false,"max_hp_per_floor":[72,72,72,72,72,72,72,72,72,72,72,72,72,72,72,72,72,72,72,72,72,72],"card_choices":[{"not_picked":["EmptyBody","SashWhip"],"picked":"PathToVictory","floor":1},{"not_picked":["ThirdEye+1","Replay:BluntJabs"],"picked":"Indignation+1","floor":6},{"not_picked":["Replay:BluntJabs","Consecrate"],"picked":"Crescendo+1","floor":11},{"not_picked":["FollowUp","Vengeance+1"],"picked":"Prostrate+1","floor":13},{"not_picked":["FlyingSleeves","Tantrum"],"picked":"FlurryOfBlows","floor":14},{"not_picked":["Scrawl+1","Judgement+1"],"picked":"Alpha+1","floor":16},{"not_picked":["Weave","DeceiveReality+1"],"picked":"Halt+1","floor":18},{"not_picked":["Consecrate","Swivel+1"],"picked":"Replay:Anticipation+1","floor":20}],"player_experience":178131,"relics_obtained":[{"floor":6,"key":"Mirror"},{"floor":9,"key":"Bag of Marbles"},{"floor":13,"key":"Replay:Towering Pillar of Hats"}],"event_choices":[{"damage_healed":0,"gold_gain":75,"player_choice":"Gather Gold","damage_taken":11,"max_hp_gain":0,"max_hp_loss":0,"event_name":"World of Goop","floor":4,"gold_loss":0},{"damage_healed":0,"gold_gain":0,"player_choice":"Take Damage","damage_taken":18,"relics_obtained":["Golden Idol"],"max_hp_gain":0,"max_hp_loss":0,"event_name":"Golden Idol","floor":8,"gold_loss":0}],"is_beta":false,"boss_relics":[{"not_picked":["aspiration:RunicSpoon","Ring of Chaos"],"picked":"aspiration:RitualDagger"}],"items_purged_floors":[19],"is_endless":false,"potions_floor_spawned":[11,18],"killed_by":"Sentry and Sphere","ascension_level":0}}