{"host":"bq4pt811tk9yrmjl","time":1611774166,"event":{"mods":["AchievementEnabler","BaseMod","Colored Map","Colored Powertips","Defuse TimeMaze Blight","Hermit","Minty Spire (QoL Compilation)","StSLib","SuperFastMode"],"gold_per_floor":[116,116,127,29,48,48,48,70,70,103,117,16,16,27,27,27,27],"floor_reached":16,"language":"ENG","playtime":398,"items_purged":[],"score":105,"play_id":"49db12b2-6674-4ad8-86b6-240b2a13dbd7","local_time":"20210127170246","is_ascension_mode":true,"campfire_choices":[{"data":"hermit:GhostlyPresence","floor":6.0,"key":"SMITH"},{"data":"hermit:TakeAim","floor":15.0,"key":"SMITH"}],"circlet_count":0,"master_deck":["hermit:Strike_Hermit","hermit:Strike_Hermit","hermit:Strike_Hermit","hermit:Strike_Hermit","hermit:Defend_Hermit","hermit:Defend_Hermit","hermit:Defend_Hermit","hermit:Defend_Hermit","hermit:Snapshot","hermit:Covet","hermit:TakeAim+1","hermit:GhostlyPresence+1","hermit:TakeCover+1"],"relics":["hermit:Momento","NeowsBlessing","Odd Mushroom","Shovel"],"acts_visited":["Exordium"],"potions_floor_usage":[16,16],"damage_taken":[{"damage":0.0,"enemies":"Small Slimes","floor":1.0,"turns":1.0},{"damage":0.0,"enemies":"Cultist","floor":3.0,"turns":1.0},{"damage":0.0,"enemies":"Jaw Worm","floor":5.0,"turns":1.0},{"damage":10.0,"enemies":"The Mushroom Lair","floor":8.0,"turns":6.0},{"damage":2.0,"enemies":"Lagavulin","floor":10.0,"turns":14.0},{"damage":6.0,"enemies":"Large Slime","floor":11.0,"turns":11.0},{"damage":4.0,"enemies":"Red Slaver","floor":14.0,"turns":5.0},{"damage":31,"enemies":"Slime Boss","floor":16,"turns":15}],"seed_played":"1345907406364570184","potions_obtained":[{"floor":2.0,"key":"Dexterity Potion"},{"floor":2.0,"key":"AttackPotion"},{"floor":2.0,"key":"Ancient Potion"},{"floor":8.0,"key":"Swift Potion"},{"floor":10.0,"key":"Energy Potion"},{"floor":14.0,"key":"Fire Potion"}],"is_trial":false,"path_per_floor":["M","?","M","$","M","R","$","?","T","E","M","$","?","M","R","B"],"character_chosen":"HERMIT","items_purchased":["FairyPotion","EntropicBrew"],"campfire_rested":0,"item_purchase_floors":[4,12],"current_hp_per_floor":[75,75,75,75,75,75,75,65,65,63,57,57,57,53,53,22,22],"gold":27,"neow_bonus":"THREE_ENEMY_KILL","is_daily":false,"chose_seed":false,"campfire_upgraded":2,"win_rate":0.0,"timestamp":1611774166,"path_taken":["M","?","M","?","?","R","$","?","T","E","M","$","?","M","R","BOSS"],"items_purchased_type":["Potion","Potion"],"build_version":"2020-12-22","purchased_purges":0,"victory":false,"max_hp_per_floor":[75,75,75,75,75,75,75,75,75,75,75,75,75,75,75,75,75],"card_choices":[{"not_picked":["hermit:Roulette","hermit:DeadMansHand","hermit:SprayPray"],"picked":"SKIP","floor":1.0},{"not_picked":["hermit:Roulette","hermit:Snipe"],"picked":"hermit:TakeAim","floor":3.0},{"not_picked":["hermit:FromBeyond","hermit:Snipe"],"picked":"hermit:GhostlyPresence","floor":5.0},{"not_picked":["hermit:HighCaliber","hermit:TrackingShot"],"picked":"hermit:TakeCover","floor":8.0},{"not_picked":["hermit:ItchyTrigger","hermit:Ricochet","hermit:HoleUp"],"picked":"SKIP","floor":10.0},{"not_picked":["hermit:Ricochet","hermit:TrackingShot","hermit:Desperado"],"picked":"SKIP","floor":11.0},{"not_picked":["hermit:LuckOfTheDraw","hermit:CalledShot","hermit:HoleUp"],"picked":"SKIP","floor":14.0}],"player_experience":274018,"relics_obtained":[{"floor":8.0,"key":"Odd Mushroom"},{"floor":10.0,"key":"Shovel"}],"event_choices":[{"damage_healed":0.0,"max_hp_gain":0.0,"max_hp_loss":0.0,"gold_gain":0.0,"event_name":"Lab","player_choice":"Got Potions","floor":2.0,"gold_loss":0.0,"damage_taken":0.0},{"damage_healed":0.0,"max_hp_gain":0.0,"max_hp_loss":0.0,"gold_gain":0.0,"event_name":"Mushrooms","player_choice":"Fought Mushrooms","floor":8.0,"gold_loss":0.0,"damage_taken":0.0},{"damage_healed":0.0,"max_hp_gain":0.0,"max_hp_loss":0.0,"gold_gain":0.0,"event_name":"Upgrade Shrine","player_choice":"Upgraded","floor":13.0,"gold_loss":0.0,"damage_taken":0.0,"cards_upgraded":["hermit:TakeCover"]}],"is_beta":false,"boss_relics":[],"items_purged_floors":[],"is_endless":false,"potions_floor_spawned":[5,8,10,14],"killed_by":"Slime Boss","ascension_level":1}}