{"host":"uld0x1f6or5rl385","time":1611767780,"event":{"mods":["BaseMod","Minty Spire (QoL Compilation)","Quick Restart","StSLib","Unceasing Turn Reminder"],"gold_per_floor":[113,113,113,113,123,123,123,21,72,72,84,84,7,26,26,125,125,139,139,139,149,164,164,164],"floor_reached":23,"language":"ZHS","playtime":1129,"items_purged":["Regret"],"score":179,"play_id":"d024a205-64e2-49e8-8386-d31216ddc6ab","local_time":"20210128011620","is_ascension_mode":false,"campfire_choices":[{"floor":6,"key":"REST"},{"data":"Storm of Steel","floor":10,"key":"SMITH"},{"data":"Deflect","floor":12,"key":"SMITH"},{"data":"Footwork","floor":15,"key":"SMITH"}],"circlet_count":0,"master_deck":["Strike_G","Strike_G+1","Strike_G","Strike_G","Strike_G","Defend_G","Defend_G","Defend_G","Defend_G","Survivor","Neutralize","Storm of Steel+1","Cloak And Dagger+1","Footwork","Deflect+1","Footwork+1","Escape Plan","Deflect","Burst"],"relics":["Ring of the Snake","Paper Crane","Strawberry","Blood Vial","Black Star"],"acts_visited":["Exordium","TheCity"],"potions_floor_usage":[22,23,23],"damage_taken":[{"damage":0,"enemies":"Jaw Worm","floor":1,"turns":5},{"damage":0,"enemies":"Small Slimes","floor":5,"turns":2},{"damage":0,"enemies":"2 Louse","floor":11,"turns":2},{"damage":0,"enemies":"Looter","floor":14,"turns":3},{"damage":37,"enemies":"Hexaghost","floor":16,"turns":19},{"damage":8,"enemies":"3 Byrds","floor":18,"turns":7},{"damage":2,"enemies":"Shell Parasite","floor":21,"turns":11},{"damage":20,"enemies":"Snake Plant","floor":22,"turns":11},{"damage":45,"enemies":"Slavers","floor":23,"turns":10}],"seed_played":"-8821450395639645606","potions_obtained":[{"floor":5,"key":"LiquidBronze"},{"floor":16,"key":"SpeedPotion"},{"floor":22,"key":"FearPotion"}],"is_trial":false,"path_per_floor":["M","?","?","?","M","R","?","$","T","R","M","R","$","M","R","B",null,"M","$","?","M","M","E"],"character_chosen":"THE_SILENT","items_purchased":["Deflect","Escape Plan"],"campfire_rested":1,"item_purchase_floors":[8,13],"current_hp_per_floor":[63,51,44,31,31,49,56,56,56,56,58,58,58,60,60,25,70,62,62,62,62,44,1,1],"gold":164,"neow_bonus":"THREE_RARE_CARDS","is_daily":false,"chose_seed":false,"campfire_upgraded":3,"win_rate":0.0,"timestamp":1611767780,"path_taken":["M","?","?","?","M","R","?","$","T","R","M","R","?","M","R","BOSS","M","$","?","?","M","E"],"items_purchased_type":["Card","Card"],"build_version":"2020-12-22","purchased_purges":1,"victory":false,"max_hp_per_floor":[63,63,63,63,63,63,70,70,70,70,70,70,70,70,70,70,70,70,70,70,70,70,70,70],"card_choices":[{"not_picked":["Venomology","Doppelganger"],"picked":"Storm of Steel","floor":0},{"not_picked":["Bane","Catalyst"],"picked":"Cloak And Dagger","floor":1},{"not_picked":["Dagger Spray","PiercingWail"],"picked":"Footwork","floor":5},{"not_picked":["Bullet Time","Outmaneuver"],"picked":"Footwork","floor":11},{"not_picked":["Distraction","Expertise","Deflect"],"picked":"SKIP","floor":14},{"not_picked":["Distraction","Expertise"],"picked":"Deflect","floor":14},{"not_picked":["Grand Finale","Corpse Explosion"],"picked":"Burst","floor":16},{"not_picked":["Dodge and Roll","Dagger Spray+1","Acrobatics+1"],"picked":"SKIP","floor":18},{"not_picked":["Dagger Throw","Bane","Outmaneuver"],"picked":"SKIP","floor":21},{"not_picked":["Reflex+1","Crippling Poison+1","Poisoned Stab+1"],"picked":"SKIP","floor":22}],"player_experience":345823,"relics_obtained":[{"floor":9,"key":"Blood Vial"}],"event_choices":[{"damage_healed":0,"gold_gain":0,"player_choice":"Success","damage_taken":12,"relics_obtained":["Paper Crane"],"max_hp_gain":0,"max_hp_loss":0,"event_name":"Scrap Ooze","floor":2,"gold_loss":0},{"cards_removed":["Defend_G"],"damage_healed":0,"gold_gain":0,"player_choice":"Card Removal","damage_taken":7,"max_hp_gain":0,"max_hp_loss":0,"event_name":"Golden Wing","floor":3,"gold_loss":0},{"damage_healed":0,"gold_gain":0,"player_choice":"Entered Light","damage_taken":13,"max_hp_gain":0,"max_hp_loss":0,"event_name":"Shining Light","floor":4,"gold_loss":0,"cards_upgraded":["Strike_G","Cloak And Dagger"]},{"damage_healed":0,"gold_gain":0,"player_choice":"Box","damage_taken":0,"relics_obtained":["Strawberry"],"max_hp_gain":0,"max_hp_loss":0,"event_name":"Big Fish","floor":7,"gold_loss":0,"cards_obtained":["Regret"]},{"damage_healed":0,"gold_gain":0,"player_choice":"Ignored","damage_taken":0,"max_hp_gain":0,"max_hp_loss":0,"event_name":"NoteForYourself","floor":20,"gold_loss":0}],"is_beta":false,"boss_relics":[{"not_picked":["Ectoplasm","SlaversCollar"],"picked":"Black Star"}],"items_purged_floors":[8],"is_endless":false,"potions_floor_spawned":[5,16,22],"killed_by":"Slavers","ascension_level":0}}