{"host":"2yqfi47fogfu1ic4","time":1613954145,"event":{"mods":["AchievementEnabler","BaseMod","Colored Map","Colored Powertips","Highlight Path","Minty Spire (QoL Compilation)","Permanent Neow","Relic Stats","StSLib"],"gold_per_floor":[111,126,140,140,55,88,88,101,101,133,133,151,62,96,96,169,169,185,26,41,53,103,132,132,167,191,217,142,160,188,201,201,279,279,295,295,307,307,325,350,703,738,761,761,332,345,370,387,387,387,387,387,387,4,4,4],"floor_reached":55,"language":"DEU","playtime":20892,"items_purged":["Strike_G","Neutralize"],"score":2360,"play_id":"a5d52058-1fac-4f49-9cce-9f336cbc173a","local_time":"20210222013545","is_ascension_mode":true,"campfire_choices":[{"data":"Eviscerate","floor":7.0,"key":"SMITH"},{"data":"Eviscerate","floor":11.0,"key":"SMITH"},{"data":"Leg Sweep","floor":15.0,"key":"SMITH"},{"data":"Well Laid Plans","floor":24.0,"key":"SMITH"},{"data":"Acrobatics","floor":32.0,"key":"SMITH"},{"floor":49.0,"key":"RECALL"},{"data":"Well Laid Plans","floor":53.0,"key":"SMITH"}],"circlet_count":0,"master_deck":["AscendersBane","Defend_G","Defend_G","Defend_G","Defend_G","Defend_G","Survivor","Riddle With Holes","Eviscerate+1","Underhanded Strike","Eviscerate+1","Well Laid Plans+1","All Out Attack","Leg Sweep+1","Well Laid Plans+1","Venomology","Tactician+1","Acrobatics+1","Prepared+1","Predator","Terror","Blade Dance+1","Underhanded Strike","Underhanded Strike","Underhanded Strike","PiercingWail+1","Acrobatics+1","Tools of the Trade","Underhanded Strike","Acrobatics+1","Acrobatics+1","Noxious Fumes+1","Bouncing Flask+1","Envenom","Footwork+1","PiercingWail+1"],"relics":["Snecko Eye","MealTicket","Lizard Tail","Mummified Hand","Ninja Scroll","Nunchaku","Astrolabe","Matryoshka","Prayer Wheel","Boot","Oddly Smooth Stone","Potion Belt","Ancient Tea Set","SlaversCollar","Pocketwatch","Old Coin","Orichalcum","Toxic Egg 2","Question Card","Happy Flower","ClockworkSouvenir","Meat on the Bone","OrangePellets","Bag of Preparation"],"acts_visited":["Exordium","TheCity","TheBeyond","TheEnding"],"potions_floor_usage":[55],"damage_taken":[{"damage":9.0,"enemies":"2 Louse","floor":1.0,"turns":4.0},{"damage":1.0,"enemies":"Cultist","floor":2.0,"turns":6.0},{"damage":7.0,"enemies":"Jaw Worm","floor":3.0,"turns":4.0},{"damage":5.0,"enemies":"3 Sentries","floor":6.0,"turns":6.0},{"damage":0.0,"enemies":"Exordium Wildlife","floor":8.0,"turns":4.0},{"damage":10.0,"enemies":"Lagavulin","floor":10.0,"turns":4.0},{"damage":0.0,"enemies":"Gremlin Gang","floor":12.0,"turns":3.0},{"damage":5.0,"enemies":"3 Sentries","floor":14.0,"turns":4.0},{"damage":9.0,"enemies":"Slime Boss","floor":16.0,"turns":9.0},{"damage":0.0,"enemies":"Chosen","floor":18.0,"turns":3.0},{"damage":7.0,"enemies":"Shell Parasite","floor":20.0,"turns":3.0},{"damage":0.0,"enemies":"3 Cultists","floor":21.0,"turns":2.0},{"damage":0.0,"enemies":"Gremlin Leader","floor":23.0,"turns":3.0},{"damage":23.0,"enemies":"Slavers","floor":25.0,"turns":6.0},{"damage":9.0,"enemies":"Book of Stabbing","floor":27.0,"turns":4.0},{"damage":10.0,"enemies":"Shelled Parasite and Fungi","floor":29.0,"turns":3.0},{"damage":0.0,"enemies":"Slavers","floor":30.0,"turns":3.0},{"damage":0.0,"enemies":"Chosen and Byrds","floor":31.0,"turns":3.0},{"damage":12.0,"enemies":"Automaton","floor":33.0,"turns":8.0},{"damage":0.0,"enemies":"3 Shapes","floor":35.0,"turns":2.0},{"damage":23.0,"enemies":"3 Darklings","floor":37.0,"turns":3.0},{"damage":4.0,"enemies":"Writhing Mass","floor":39.0,"turns":5.0},{"damage":9.0,"enemies":"Nemesis","floor":40.0,"turns":4.0},{"damage":26.0,"enemies":"2 Orb Walkers","floor":41.0,"turns":6.0},{"damage":19.0,"enemies":"Reptomancer","floor":42.0,"turns":5.0},{"damage":0.0,"enemies":"4 Shapes","floor":46.0,"turns":7.0},{"damage":0.0,"enemies":"Giant Head","floor":47.0,"turns":4.0},{"damage":0.0,"enemies":"3 Darklings","floor":48.0,"turns":2.0},{"damage":0.0,"enemies":"Awakened One","floor":50.0,"turns":10.0},{"damage":19.0,"enemies":"Time Eater","floor":51.0,"turns":8.0},{"damage":7,"enemies":"Shield and Spear","floor":55,"turns":3}],"seed_played":"2797441096142277730","potions_obtained":[{"floor":1.0,"key":"Dexterity Potion"},{"floor":2.0,"key":"Fire Potion"},{"floor":10.0,"key":"Dexterity Potion"},{"floor":14.0,"key":"EssenceOfSteel"},{"floor":16.0,"key":"CunningPotion"},{"floor":18.0,"key":"SteroidPotion"},{"floor":20.0,"key":"Energy Potion"},{"floor":21.0,"key":"DistilledChaos"},{"floor":23.0,"key":"Fruit Juice"},{"floor":29.0,"key":"Energy Potion"},{"floor":31.0,"key":"Block Potion"},{"floor":37.0,"key":"Fruit Juice"},{"floor":38.0,"key":"Poison Potion"},{"floor":38.0,"key":"Explosive Potion"},{"floor":46.0,"key":"Energy Potion"},{"floor":47.0,"key":"SpeedPotion"}],"is_trial":false,"path_per_floor":["M","M","M","?","$","E","R","M","T","E","R","M","$","E","R","B",null,"M","$","M","M","?","E","R","E","T","E","?","M","E","M","R","B",null,"M","?","M","?","M","E","?","E","T","T","$","M","E","M","R","B","B",null,"R","$","E"],"character_chosen":"THE_SILENT","items_purchased":["Eviscerate","Leg Sweep","Predator","Happy Flower","ClockworkSouvenir","OrangePellets","Bag of Preparation","Weak Potion"],"campfire_rested":0,"item_purchase_floors":[5,13,19,45,45,54,54,54],"current_hp_per_floor":[50,49,42,42,57,52,52,52,52,42,42,42,57,52,52,43,60,60,66,59,59,59,59,59,41,41,32,32,22,22,22,22,10,56,56,56,33,38,34,25,21,2,2,2,17,17,17,29,29,41,34,63,63,72,65,65],"gold":4,"neow_bonus":"BOSS_RELIC","is_daily":false,"chose_seed":false,"campfire_upgraded":6,"win_rate":0.0,"timestamp":1613954145,"path_taken":["M","M","M","?","?","E","R","M","T","E","R","M","$","E","R","BOSS","M","$","M","?","?","E","R","E","T","E","?","M","E","M","R","BOSS","M","?","M","?","?","E","?","E","T","?","$","M","E","M","R","BOSS","BOSS","R","$","E"],"items_purchased_type":["Card","Card","Card","Relic","Relic","Relic","Relic","Potion"],"build_version":"2020-12-22","purchased_purges":2,"victory":false,"max_hp_per_floor":[66,66,66,66,66,66,66,66,66,66,66,66,66,66,66,66,66,66,66,66,66,66,66,66,71,71,71,71,71,71,71,71,71,71,71,67,67,72,72,72,72,72,72,72,72,72,72,72,72,72,72,72,72,72,72,72],"relic_stats":{"Happy Flower":[11],"counters":[31,141],"Astrolabe":["Tactician","Acrobatics","Prepared"],"Bag of Preparation":[0],"Orichalcum":[78],"Boot":[325],"Question Card":5,"OrangePellets":[1],"Lizard Tail":0,"Nunchaku":[40],"Mummified Hand":[101],"Snecko Eye":[322,281,297,307],"MealTicket":60,"Prayer Wheel":7,"obtain_stats":[{"Bag of Preparation":54,"Boot":26,"Ancient Tea Set":30,"Old Coin":41,"ClockworkSouvenir":45,"Lizard Tail":6,"Nunchaku":14,"Matryoshka":23,"Mummified Hand":9,"Ninja Scroll":10,"MealTicket":4,"Prayer Wheel":25,"Toxic Egg 2":43,"Ring of the Snake":0,"Potion Belt":27,"Happy Flower":45,"Astrolabe":17,"Oddly Smooth Stone":26,"Orichalcum":42,"Question Card":44,"SlaversCollar":34,"OrangePellets":54,"Snecko Eye":0,"Pocketwatch":40,"Meat on the Bone":47},{"Bag of Preparation":30,"Boot":14,"Ancient Tea Set":17,"Old Coin":24,"ClockworkSouvenir":25,"Lizard Tail":4,"Nunchaku":8,"Matryoshka":13,"Mummified Hand":5,"Ninja Scroll":6,"MealTicket":3,"Prayer Wheel":14,"Toxic Egg 2":25,"Ring of the Snake":0,"Potion Belt":15,"Happy Flower":25,"Astrolabe":9,"Oddly Smooth Stone":14,"Orichalcum":25,"Question Card":25,"SlaversCollar":19,"OrangePellets":30,"Snecko Eye":0,"Pocketwatch":23,"Meat on the Bone":27},{"Bag of Preparation":138,"Boot":61,"Ancient Tea Set":71,"Old Coin":102,"ClockworkSouvenir":107,"Lizard Tail":20,"Nunchaku":35,"Matryoshka":55,"Mummified Hand":24,"Ninja Scroll":28,"MealTicket":14,"Prayer Wheel":61,"Toxic Egg 2":107,"Ring of the Snake":0,"Potion Belt":65,"Happy Flower":107,"Astrolabe":44,"Oddly Smooth Stone":61,"Orichalcum":107,"Question Card":107,"SlaversCollar":82,"OrangePellets":138,"Snecko Eye":0,"Pocketwatch":96,"Meat on the Bone":118}],"Pocketwatch":[19],"Meat on the Bone":36},"card_choices":[{"not_picked":["Masterful Stab","Dodge and Roll"],"picked":"Blur","floor":1.0},{"not_picked":["Outmaneuver","Catalyst"],"picked":"Riddle With Holes","floor":2.0},{"not_picked":["Distraction","Outmaneuver","Bane"],"picked":"SKIP","floor":3.0},{"not_picked":["Noxious Fumes","Outmaneuver"],"picked":"Underhanded Strike","floor":6.0},{"not_picked":["Endless Agony","Bane"],"picked":"Eviscerate","floor":8.0},{"not_picked":["Backflip","Flying Knee"],"picked":"Well Laid Plans","floor":10.0},{"not_picked":["Adrenaline","Blade Dance"],"picked":"All Out Attack","floor":12.0},{"not_picked":["Catalyst","Deflect"],"picked":"Well Laid Plans","floor":14.0},{"not_picked":["Doppelganger","Storm of Steel"],"picked":"Venomology","floor":16.0},{"not_picked":["Bane","Choke","Outmaneuver"],"picked":"SKIP","floor":18.0},{"not_picked":["Catalyst","Prepared"],"picked":"Terror","floor":20.0},{"not_picked":["Cloak And Dagger","Quick Slash"],"picked":"Blade Dance+1","floor":21.0},{"not_picked":["Catalyst","Dagger Spray","Deflect"],"picked":"SKIP","floor":23.0},{"not_picked":["Deadly Poison","Well Laid Plans"],"picked":"Underhanded Strike","floor":25.0},{"not_picked":["Unload","Blade Dance"],"picked":"Underhanded Strike","floor":27.0},{"not_picked":["Blade Dance","Cloak And Dagger+1"],"picked":"Underhanded Strike","floor":29.0},{"not_picked":["Endless Agony","Outmaneuver","Escape Plan"],"picked":"SKIP","floor":29.0},{"not_picked":["Dagger Throw","Quick Slash","Flying Knee"],"picked":"SKIP","floor":30.0},{"not_picked":["Dagger Throw","Quick Slash","Flying Knee"],"picked":"SKIP","floor":30.0},{"not_picked":["Blur","Choke"],"picked":"PiercingWail+1","floor":31.0},{"not_picked":["Terror","Dodge and Roll"],"picked":"Acrobatics","floor":31.0},{"not_picked":["Burst","Glass Knife"],"picked":"Tools of the Trade","floor":33.0},{"not_picked":["Blade Dance","Cloak And Dagger+1"],"picked":"Underhanded Strike","floor":35.0},{"not_picked":["Slice","Dagger Throw","Poisoned Stab"],"picked":"SKIP","floor":35.0},{"not_picked":["Deadly Poison+1","Heel Hook+1","A Thousand Cuts"],"picked":"SKIP","floor":37.0},{"not_picked":["Dagger Spray","Masterful Stab","Escape Plan"],"picked":"SKIP","floor":37.0},{"not_picked":["Cloak And Dagger","Sucker Punch","Prepared"],"picked":"SKIP","floor":39.0},{"not_picked":["Deadly Poison+1","Predator","Bane+1"],"picked":"SKIP","floor":39.0},{"not_picked":["Envenom","Predator"],"picked":"Acrobatics+1","floor":40.0},{"not_picked":["Expertise","Deflect+1"],"picked":"Acrobatics+1","floor":42.0},{"not_picked":["PiercingWail+1","Eviscerate","Finisher"],"picked":"Noxious Fumes+1","floor":46.0},{"not_picked":["Underhanded Strike","Flechettes","Prepared+1"],"picked":"Bouncing Flask+1","floor":46.0},{"not_picked":["Flying Knee","Dagger Throw+1","Escape Plan+1"],"picked":"Envenom","floor":47.0},{"not_picked":["Cloak And Dagger+1","Outmaneuver+1","Deflect+1"],"picked":"Footwork+1","floor":48.0},{"not_picked":["Dagger Throw+1","Slice","Sucker Punch"],"picked":"PiercingWail+1","floor":48.0}],"player_experience":1936549,"relics_obtained":[{"floor":6.0,"key":"Lizard Tail"},{"floor":9.0,"key":"Mummified Hand"},{"floor":10.0,"key":"Ninja Scroll"},{"floor":14.0,"key":"Nunchaku"},{"floor":23.0,"key":"Matryoshka"},{"floor":25.0,"key":"Prayer Wheel"},{"floor":26.0,"key":"Boot"},{"floor":26.0,"key":"Oddly Smooth Stone"},{"floor":27.0,"key":"Potion Belt"},{"floor":30.0,"key":"Ancient Tea Set"},{"floor":40.0,"key":"Pocketwatch"},{"floor":41.0,"key":"Old Coin"},{"floor":42.0,"key":"Orichalcum"},{"floor":43.0,"key":"Toxic Egg 2"},{"floor":44.0,"key":"Question Card"},{"floor":47.0,"key":"Meat on the Bone"}],"event_choices":[{"cards_removed":["Blur"],"damage_healed":0.0,"max_hp_gain":0.0,"max_hp_loss":0.0,"gold_gain":0.0,"event_name":"WeMeetAgain","player_choice":"Gave Card","floor":4.0,"gold_loss":0.0,"damage_taken":0.0,"relics_obtained":["MealTicket"]},{"damage_healed":0.0,"max_hp_gain":0.0,"max_hp_loss":0.0,"gold_gain":50.0,"event_name":"Nest","player_choice":"Stole From Cult","floor":22.0,"gold_loss":0.0,"damage_taken":0.0},{"cards_removed":["Strike_G"],"damage_healed":0.0,"max_hp_gain":0.0,"max_hp_loss":0.0,"gold_gain":0.0,"event_name":"Beggar","player_choice":"Gave Gold","floor":28.0,"gold_loss":75.0,"damage_taken":0.0},{"damage_healed":0.0,"max_hp_gain":0.0,"max_hp_loss":4.0,"gold_gain":0.0,"event_name":"Winding Halls","player_choice":"Max HP","floor":36.0,"gold_loss":0.0,"damage_taken":0.0},{"damage_healed":0.0,"max_hp_gain":0.0,"max_hp_loss":0.0,"gold_gain":0.0,"event_name":"Lab","player_choice":"Got Potions","floor":38.0,"gold_loss":0.0,"damage_taken":0.0},{"damage_healed":0.0,"max_hp_gain":0.0,"max_hp_loss":0.0,"gold_gain":0.0,"event_name":"Mysterious Sphere","player_choice":"Fight","floor":41.0,"gold_loss":0.0,"damage_taken":0.0}],"is_beta":false,"boss_relics":[{"not_picked":["Runic Pyramid","SacredBark"],"picked":"Astrolabe"},{"not_picked":["Velvet Choker","Runic Dome"],"picked":"SlaversCollar"}],"items_purged_floors":[19,45],"is_endless":false,"potions_floor_spawned":[1,2,10,14,16,18,20,21,23,29,31,37,46,47,48],"killed_by":"Shield and Spear","ascension_level":20}}