{"host":"8iprjuzow65cevwy","time":1613980462,"event":{"mods":["BaseMod","Colored Map","Highlight Path","Minty Spire (QoL Compilation)","Permanent Neow"],"gold_per_floor":[109,109,128,28,28,28,28,56,106,106,120,135,135,210,210,311,311,324,91,91,108,108,108,108,122,122,133,144,155,255,272,272,369,369,384,398,411,411,428,428,145,164,164,39,57,67,98,98,98,98],"floor_reached":51,"language":"ENG","playtime":4388,"items_purged":["Regret","Strike_R","Strike_R"],"score":918,"play_id":"c00bccf2-5fff-4aef-84f0-370adadb0943","local_time":"20210222085422","is_ascension_mode":true,"campfire_choices":[{"data":"Body Slam","floor":6,"key":"SMITH"},{"data":"True Grit","floor":13,"key":"SMITH"},{"floor":15,"key":"REST"},{"floor":23,"key":"REST"},{"floor":32,"key":"REST"},{"floor":40,"key":"REST"},{"floor":49,"key":"REST"}],"circlet_count":0,"master_deck":["Defend_R","Defend_R","Defend_R+1","Defend_R","Bash","Dramatic Entrance","Body Slam+1","Shrug It Off","Clothesline","Cleave","Cleave","True Grit+1","Battle Trance","Barricade","Metallicize","Enlightenment","Body Slam","Warcry+1","Flex+1","Armaments","Ghostly Armor+1","Seeing Red","Double Tap","Headbutt+1","Ghostly Armor+1","Inflame+1","Shockwave","Armaments+1","Seeing Red","Burning Pact+1","Body Slam","Warcry","Demon Form+1"],"relics":["Burning Blood","Anchor","Ice Cream","Ancient Tea Set","Sozu","Matryoshka","Lantern","Dead Branch","Fusion Hammer","HornCleat","War Paint","Frozen Egg 2","Blue Candle"],"acts_visited":["Exordium","TheCity","TheBeyond"],"potions_floor_usage":[8,16],"damage_taken":[{"damage":2,"enemies":"Small Slimes","floor":1,"turns":3},{"damage":3,"enemies":"2 Louse","floor":3,"turns":3},{"damage":26,"enemies":"Lagavulin","floor":8,"turns":7},{"damage":0,"enemies":"Jaw Worm","floor":11,"turns":2},{"damage":0,"enemies":"Large Slime","floor":12,"turns":4},{"damage":52,"enemies":"The Guardian","floor":16,"turns":17},{"damage":7,"enemies":"Shell Parasite","floor":18,"turns":7},{"damage":26,"enemies":"3 Byrds","floor":21,"turns":6},{"damage":11,"enemies":"Centurion and Healer","floor":25,"turns":6},{"damage":31,"enemies":"Shelled Parasite and Fungi","floor":27,"turns":8},{"damage":0,"enemies":"Snecko","floor":28,"turns":4},{"damage":14,"enemies":"Centurion and Healer","floor":29,"turns":7},{"damage":5,"enemies":"Shelled Parasite and Fungi","floor":31,"turns":6},{"damage":35,"enemies":"Automaton","floor":33,"turns":13},{"damage":0,"enemies":"3 Darklings","floor":35,"turns":7},{"damage":0,"enemies":"Orb Walker","floor":36,"turns":2},{"damage":0,"enemies":"Maw","floor":37,"turns":6},{"damage":39,"enemies":"Spire Growth","floor":39,"turns":6},{"damage":0,"enemies":"4 Shapes","floor":42,"turns":4},{"damage":2,"enemies":"Jaw Worm Horde","floor":45,"turns":4},{"damage":9,"enemies":"3 Darklings","floor":46,"turns":5},{"damage":27,"enemies":"Nemesis","floor":47,"turns":7},{"damage":43,"enemies":"Donu and Deca","floor":50,"turns":8}],"seed_played":"5167066999926016136","potions_obtained":[{"floor":1,"key":"Block Potion"},{"floor":11,"key":"FearPotion"}],"is_trial":false,"path_per_floor":["M","?","M","$","?","R","$","E","T","?","M","M","R","?","R","B",null,"M","$","?","M","?","R","T","M","T","M","M","M","?","M","R","B",null,"M","M","M","?","M","R","$","M","T","$","M","M","E","?","R","B",null],"character_chosen":"IRONCLAD","items_purchased":["Clothesline","Metallicize","Enlightenment","HornCleat","Seeing Red"],"campfire_rested":5,"item_purchase_floors":[4,19,19,41,41],"current_hp_per_floor":[76,76,79,79,72,72,72,52,52,52,58,64,64,53,77,31,68,67,67,67,47,32,57,57,52,52,27,33,25,25,26,51,22,69,75,81,85,85,52,77,77,83,83,83,85,82,61,61,81,44],"gold":98,"neow_bonus":"RANDOM_COLORLESS","is_daily":false,"chose_seed":false,"campfire_upgraded":2,"win_rate":0.0,"timestamp":1613980462,"path_taken":["M","?","M","$","?","R","$","E","T","?","M","M","R","?","R","BOSS","M","$","?","M","?","R","?","M","T","M","M","M","?","M","R","BOSS","M","M","?","?","M","R","$","?","T","$","?","M","E","?","R","BOSS"],"items_purchased_type":["Card","Card","Card","Relic","Card"],"build_version":"2020-12-22","purchased_purges":3,"victory":true,"max_hp_per_floor":[80,80,80,80,80,80,80,80,80,80,80,80,80,80,80,80,80,80,80,80,80,85,85,85,85,85,85,85,85,85,85,85,85,85,85,85,85,85,85,85,85,85,85,85,85,85,85,81,81,81],"card_choices":[{"not_picked":["Bandage Up","Impatience"],"picked":"Dramatic Entrance","floor":0},{"not_picked":["Headbutt","Dark Embrace"],"picked":"Body Slam","floor":1},{"not_picked":["Perfected Strike","Havoc"],"picked":"Shrug It Off","floor":3},{"not_picked":["Berserk","Clothesline"],"picked":"Cleave","floor":8},{"not_picked":["Twin Strike","Clash"],"picked":"True Grit","floor":11},{"not_picked":["Body Slam","Bloodletting"],"picked":"Battle Trance","floor":12},{"not_picked":["Juggernaut","Bludgeon"],"picked":"Barricade","floor":16},{"not_picked":["Perfected Strike+1","Wild Strike","Dropkick"],"picked":"SKIP","floor":18},{"not_picked":["Warcry","Dark Embrace"],"picked":"Body Slam","floor":21},{"not_picked":["Thunderclap+1","Brutality"],"picked":"Warcry+1","floor":25},{"not_picked":["Iron Wave","Warcry+1"],"picked":"Flex+1","floor":27},{"not_picked":["Feel No Pain","Shrug It Off"],"picked":"Armaments","floor":28},{"not_picked":["Pommel Strike","Carnage"],"picked":"Ghostly Armor","floor":29},{"not_picked":["Battle Trance","Anger+1"],"picked":"Seeing Red","floor":31},{"not_picked":["Barricade","Immolate"],"picked":"Double Tap","floor":33},{"not_picked":["Shrug It Off","Clash"],"picked":"Headbutt+1","floor":35},{"not_picked":["Havoc","Headbutt"],"picked":"Ghostly Armor+1","floor":36},{"not_picked":["Anger","Rampage"],"picked":"Inflame+1","floor":37},{"not_picked":["Flex","Clash+1"],"picked":"Armaments+1","floor":39},{"not_picked":["Twin Strike+1","Iron Wave"],"picked":"Burning Pact+1","floor":42},{"not_picked":["Reaper","Havoc+1"],"picked":"Body Slam","floor":45},{"not_picked":["Cleave+1","Pummel"],"picked":"Warcry","floor":46},{"not_picked":["Sword Boomerang+1","Disarm"],"picked":"Demon Form+1","floor":47}],"player_experience":384329,"relics_obtained":[{"floor":8,"key":"Ice Cream"},{"floor":9,"key":"Ancient Tea Set"},{"floor":24,"key":"Matryoshka"},{"floor":26,"key":"Lantern"},{"floor":26,"key":"Dead Branch"},{"floor":43,"key":"War Paint"},{"floor":43,"key":"Frozen Egg 2"},{"floor":47,"key":"Blue Candle"}],"event_choices":[{"damage_healed":0,"gold_gain":0,"player_choice":"Box","damage_taken":0,"relics_obtained":["Anchor"],"max_hp_gain":0,"max_hp_loss":0,"event_name":"Big Fish","floor":2,"gold_loss":0,"cards_obtained":["Regret"]},{"cards_removed":["Strike_R"],"damage_healed":0,"gold_gain":0,"player_choice":"Card Removal","damage_taken":7,"max_hp_gain":0,"max_hp_loss":0,"event_name":"Golden Wing","floor":5,"gold_loss":0},{"damage_healed":0,"gold_gain":0,"cards_transformed":["Strike_R"],"player_choice":"Change","damage_taken":0,"max_hp_gain":0,"max_hp_loss":0,"event_name":"Living Wall","floor":10,"gold_loss":0,"cards_obtained":["Cleave"]},{"damage_healed":0,"gold_gain":75,"player_choice":"Gather Gold","damage_taken":11,"max_hp_gain":0,"max_hp_loss":0,"event_name":"World of Goop","floor":14,"gold_loss":0},{"damage_healed":0,"gold_gain":0,"player_choice":"Ignored","damage_taken":0,"max_hp_gain":0,"max_hp_loss":0,"event_name":"Ghosts","floor":20,"gold_loss":0},{"damage_healed":0,"gold_gain":0,"player_choice":"Shed Blood","damage_taken":20,"max_hp_gain":5,"max_hp_loss":0,"event_name":"Forgotten Altar","floor":22,"gold_loss":0},{"damage_healed":0,"gold_gain":100,"player_choice":"Pray","damage_taken":0,"max_hp_gain":0,"max_hp_loss":0,"event_name":"Golden Shrine","floor":30,"gold_loss":0},{"damage_healed":0,"gold_gain":0,"cards_transformed":["Strike_R"],"player_choice":"Transformed","damage_taken":0,"max_hp_gain":0,"max_hp_loss":0,"event_name":"Transmorgrifier","floor":38,"gold_loss":0,"cards_obtained":["Shockwave"]},{"damage_healed":0,"gold_gain":0,"player_choice":"Max HP","damage_taken":0,"max_hp_gain":0,"max_hp_loss":4,"event_name":"Winding Halls","floor":48,"gold_loss":0}],"is_beta":false,"boss_relics":[{"not_picked":["Mark of Pain","Snecko Eye"],"picked":"Sozu"},{"not_picked":["Coffee Dripper","SlaversCollar"],"picked":"Fusion Hammer"}],"items_purged_floors":[4,19,44],"is_endless":false,"potions_floor_spawned":[1,11,18,25,27,28,35,37,46,47],"ascension_level":8}}