{"host":"prxrhpgaxnj4om9r","time":1613999394,"event":{"mods":["AchievementEnabler","BaseMod","Colored Map","DeckTracker","Minty Spire (QoL Compilation)"],"gold_per_floor":[15,15,25,42,42,57,90,90,90,109,5,5,36,49,49,170,170,199,199,199],"floor_reached":19,"language":"KOR","playtime":734,"items_purged":[],"score":233,"play_id":"1d43b9c9-2587-45ca-b05c-4c941e453dc2","local_time":"20210222220954","is_ascension_mode":true,"campfire_choices":[{"floor":8,"key":"REST"},{"data":"Searing Blow+1","floor":12,"key":"SMITH"},{"floor":15,"key":"REST"}],"circlet_count":0,"master_deck":["Strike_R","Strike_R","Strike_R","Strike_R","Strike_R","Defend_R","Defend_R","Defend_R","Defend_R","Bash","Searing Blow+2","Blood for Blood","Intimidate","Injury","Evolve","Cleave","Perfected Strike","Body Slam","Perfected Strike","Impervious","CurseOfTheBell","Wild Strike"],"relics":["Burning Blood","Turnip","Golden Idol","Self Forming Clay","StrikeDummy","Bottled Lightning","Calling Bell","CeramicFish","The Courier","Dead Branch"],"acts_visited":["Exordium","TheCity"],"potions_floor_usage":[6,10,11,13],"damage_taken":[{"damage":12,"enemies":"Jaw Worm","floor":1,"turns":3},{"damage":5,"enemies":"Small Slimes","floor":3,"turns":3},{"damage":6,"enemies":"Cultist","floor":4,"turns":3},{"damage":8,"enemies":"2 Fungi Beasts","floor":6,"turns":4},{"damage":42,"enemies":"Gremlin Nob","floor":7,"turns":5},{"damage":8,"enemies":"Blue Slaver","floor":10,"turns":2},{"damage":12,"enemies":"3 Sentries","floor":13,"turns":4},{"damage":17,"enemies":"Exordium Thugs","floor":14,"turns":4},{"damage":26,"enemies":"Slime Boss","floor":16,"turns":10},{"damage":50,"enemies":"Shell Parasite","floor":18,"turns":6},{"damage":32,"enemies":"3 Byrds","floor":19,"turns":5}],"seed_played":"-748019417297887623","potions_obtained":[{"floor":3,"key":"FearPotion"},{"floor":4,"key":"ElixirPotion"},{"floor":7,"key":"SteroidPotion"},{"floor":10,"key":"Explosive Potion"}],"is_trial":false,"path_per_floor":["M","?","M","M","?","M","E","R","T","M","$","R","E","M","R","B",null,"M","M"],"character_chosen":"IRONCLAD","items_purchased":["Fruit Juice"],"campfire_rested":2,"item_purchase_floors":[11],"current_hp_per_floor":[66,66,67,67,67,65,29,53,53,51,56,56,50,39,64,44,75,31,0,0],"gold":199,"neow_bonus":"ONE_RARE_RELIC","is_daily":false,"chose_seed":false,"campfire_upgraded":1,"win_rate":0.0,"timestamp":1613999394,"path_taken":["M","?","M","M","?","M","E","R","T","M","?","R","E","M","R","BOSS","M","?"],"items_purchased_type":["Potion"],"build_version":"2020-12-22","purchased_purges":0,"victory":false,"max_hp_per_floor":[80,80,80,80,80,80,80,80,80,80,85,85,85,85,85,85,85,85,85,85],"card_choices":[{"not_picked":["Clash","Reckless Charge"],"picked":"Searing Blow","floor":1},{"not_picked":["Warcry","Armaments"],"picked":"Blood for Blood","floor":3},{"not_picked":["Pummel","Pommel Strike"],"picked":"Intimidate","floor":4},{"not_picked":["Headbutt","Entrench"],"picked":"Evolve","floor":6},{"not_picked":["Metallicize","Berserk"],"picked":"Cleave","floor":7},{"not_picked":["Reckless Charge","Pommel Strike"],"picked":"Perfected Strike","floor":10},{"not_picked":["Havoc","Dual Wield"],"picked":"Body Slam","floor":13},{"not_picked":["Clothesline","Cleave"],"picked":"Perfected Strike","floor":14},{"not_picked":["Offering","Limit Break"],"picked":"Impervious","floor":16},{"not_picked":["Ghostly Armor","Armaments"],"picked":"Wild Strike","floor":18}],"player_experience":594655,"relics_obtained":[{"floor":7,"key":"Self Forming Clay"},{"floor":9,"key":"StrikeDummy"},{"floor":13,"key":"Bottled Lightning"},{"floor":17,"key":"CeramicFish"},{"floor":17,"key":"The Courier"},{"floor":17,"key":"Dead Branch"}],"event_choices":[{"damage_healed":0,"gold_gain":0,"player_choice":"Grow","damage_taken":0,"max_hp_gain":0,"max_hp_loss":0,"event_name":"Living Wall","floor":2,"gold_loss":0,"cards_upgraded":["Searing Blow"]},{"damage_healed":0,"gold_gain":0,"player_choice":"Take Wound","damage_taken":0,"relics_obtained":["Golden Idol"],"max_hp_gain":0,"max_hp_loss":0,"event_name":"Golden Idol","floor":5,"gold_loss":0,"cards_obtained":["Injury"]}],"is_beta":false,"boss_relics":[{"not_picked":["Velvet Choker","Tiny House"],"picked":"Calling Bell"}],"items_purged_floors":[],"is_endless":false,"potions_floor_spawned":[3,4,7,10],"killed_by":"3 Byrds","ascension_level":6}}