{"host":"plzv31qd94m7lu76","time":1613996808,"event":{"mods":["BaseMod","Downfall","GifTheSpireLib","Minty Spire (QoL Compilation)","Random Character Button","Replay The Spire","StSLib","Stuff the Spire","Unceasing Turn Reminder"],"gold_per_floor":[112,112,124,124,141,141,141,141,141,166,184,184,202,212,267,267,267],"floor_reached":16,"language":"ENG","playtime":399,"items_purged":[],"score":102,"play_id":"7961f3e0-49e0-4fde-b764-b429e76f5658","local_time":"20210222132648","is_ascension_mode":false,"campfire_choices":[{"floor":7,"key":"RECALL"}],"circlet_count":0,"master_deck":["Strike_G","Strike_G","Strike_G","Strike_G","Defend_G","Defend_G","Defend_G","Defend_G","Survivor","Neutralize","Sucker Punch+1","Deflect","StuffTheSpire:Python","Noxious Fumes","StuffTheSpire:BrimstoneBlast","Riddle With Holes","Quick Slash"],"relics":["Ring of the Snake","Tiny Chest","White Beast Statue","Chameleon Ring"],"acts_visited":["Exordium"],"potions_floor_usage":[13,14,16,16],"damage_taken":[{"damage":0,"enemies":"Jaw Worm","floor":1,"turns":4},{"damage":1,"enemies":"Cultist","floor":3,"turns":4},{"damage":0,"enemies":"2 Louse","floor":5,"turns":5},{"damage":26,"enemies":"3 Sentries","floor":10,"turns":13},{"damage":0,"enemies":"Red Slaver","floor":11,"turns":4},{"damage":5,"enemies":"Lots of Slimes","floor":13,"turns":2},{"damage":10,"enemies":"Looter","floor":14,"turns":1},{"damage":37,"enemies":"Slime Boss","floor":16,"turns":8}],"seed_played":"-4700847443571545620","potions_obtained":[{"floor":1,"key":"FearPotion"},{"floor":10,"key":"Weak Potion"},{"floor":11,"key":"PowerPotion"},{"floor":13,"key":"Death Potion"},{"floor":14,"key":"Milkshake"}],"is_trial":false,"path_per_floor":["M","?","M","?","M","?","R","T","T","E","M","?","M","M","R","B"],"character_chosen":"THE_SILENT","items_purchased":[],"campfire_rested":0,"item_purchase_floors":[],"current_hp_per_floor":[77,77,76,76,76,76,76,76,76,50,50,43,38,28,28,0,0],"gold":267,"neow_bonus":"TEN_PERCENT_HP_BONUS","is_daily":false,"chose_seed":false,"campfire_upgraded":0,"win_rate":0.0,"timestamp":1613996808,"path_taken":["M","?","?","?","M","?","R","?","T","E","?","?","M","M","R","BOSS"],"items_purchased_type":[],"build_version":"2020-12-22","purchased_purges":0,"victory":false,"max_hp_per_floor":[77,77,77,77,77,77,77,77,77,77,77,77,77,77,77,77,77],"card_choices":[{"not_picked":["Choke","Acrobatics"],"picked":"Sucker Punch","floor":1},{"not_picked":["StuffTheSpire:ClusterCrunch","Sucker Punch"],"picked":"Deflect","floor":3},{"not_picked":["StuffTheSpire:ReptileScales","Sneak Up"],"picked":"StuffTheSpire:Python","floor":5},{"not_picked":["Dagger Throw","Unload"],"picked":"Noxious Fumes","floor":10},{"not_picked":["Bane","Expertise"],"picked":"StuffTheSpire:BrimstoneBlast","floor":11},{"not_picked":["StuffTheSpire:BumpUp","Underhanded Strike"],"picked":"Riddle With Holes","floor":13},{"not_picked":["Deflect","Sneak Up"],"picked":"Quick Slash","floor":14}],"player_experience":627502,"relics_obtained":[{"floor":8,"key":"White Beast Statue"},{"floor":10,"key":"Chameleon Ring"}],"event_choices":[{"damage_healed":0,"gold_gain":0,"player_choice":"Gave Potion","damage_taken":0,"relics_obtained":["Tiny Chest"],"max_hp_gain":0,"max_hp_loss":0,"event_name":"WeMeetAgain","floor":2,"gold_loss":0},{"damage_healed":0,"gold_gain":0,"player_choice":"Grow","damage_taken":0,"max_hp_gain":0,"max_hp_loss":0,"event_name":"Living Wall","floor":4,"gold_loss":0,"cards_upgraded":["Sucker Punch"]},{"cards_removed":["Strike_G"],"damage_healed":0,"gold_gain":0,"player_choice":"Offered Basic","damage_taken":0,"max_hp_gain":0,"max_hp_loss":0,"event_name":"Bonfire Elementals","floor":6,"gold_loss":0},{"cards_removed":["Defend_G"],"damage_healed":0,"gold_gain":0,"player_choice":"Card Removal","damage_taken":7,"max_hp_gain":0,"max_hp_loss":0,"event_name":"Golden Wing","floor":12,"gold_loss":0}],"is_beta":false,"boss_relics":[],"items_purged_floors":[],"is_endless":false,"potions_floor_spawned":[1,10,11,13,14],"killed_by":"Slime Boss","ascension_level":0}}