{"host":"s0nrlal5fls38heo","time":1613953442,"event":{"mods":["AchievementEnabler","BaseMod","Colored Powertips","Dark Map","Displayed Cursed Tome","Downfall","Faster Ascension Climbing","GifTheSpireLib","Minty Spire (QoL Compilation)","Permanent Neow","Rare Cards Sparkle","Relic Filter Mod","StSLib"],"gold_per_floor":[99,118,118,23,40,60,60,60,60,92,92,125,138,169,184,281,281,181,201,201,220,239,274,274,290,325,225,225,225,225],"floor_reached":28,"language":"ENG","playtime":1676,"items_purged":[],"score":492,"play_id":"5d1e46ba-e045-4c78-95ce-d594d028b264","local_time":"20210222012402","is_ascension_mode":true,"campfire_choices":[{"data":"hexamod:Float","floor":1.0,"key":"SMITH"},{"data":"hexamod:HexaLevel","floor":8.0,"key":"SMITH"},{"data":"hexamod:TurnItUp","floor":11.0,"key":"SMITH"},{"floor":18.0,"key":"RECALL"},{"data":"Ghostly","floor":27.0,"key":"SMITH"}],"circlet_count":0,"master_deck":["AscendersBane","hexamod:Sear+1","hexamod:Float+1","hexamod:HexaLevel+1","hexamod:NightmareStrike","hexamod:TurnItUp+1","hexamod:FlamesFromBeyond+1","hexamod:InspiringFlames+1","hexamod:Haunt+1","hexamod:ShieldOfDarkness","hexamod:SixthSeal","hexamod:GhostShield","hexamod:FlamesFromBeyond","hexamod:WildfireWeapon","hexamod:ShieldOfDarkness","hexamod:CouncilsJustice","hexamod:CouncilsJustice","hexamod:CouncilsJustice","Ghostly+1","Ghostly+1","Ghostly","hexamod:NightmareGuise+1","hexamod:SpectralAdrenaline+1","hexamod:RadiantFlame","hexamod:FirstSeal","hexamod:FlamesFromBeyond"],"relics":["hexamod:UnbrokenSoul","Kunai","Bag of Preparation","Strawberry","Pear","downfall:HeartBlessingGreen","FossilizedHelix","White Beast Statue","Calipers","downfall:HeartBlessingRed"],"acts_visited":["Exordium","TheCity"],"potions_floor_usage":[28],"damage_taken":[{"damage":0.0,"enemies":"Cultist","floor":2.0,"turns":3.0},{"damage":0.0,"enemies":"downfall:FleeingMerchant","floor":4.0,"turns":4.0},{"damage":3.0,"enemies":"2 Louse","floor":5.0,"turns":4.0},{"damage":5.0,"enemies":"Small Slimes","floor":6.0,"turns":3.0},{"damage":0.0,"enemies":"3 Sentries","floor":10.0,"turns":8.0},{"damage":20.0,"enemies":"Lagavulin","floor":12.0,"turns":5.0},{"damage":4.0,"enemies":"Red Slaver","floor":13.0,"turns":3.0},{"damage":8.0,"enemies":"Gremlin Nob","floor":14.0,"turns":3.0},{"damage":24.0,"enemies":"Lots of Slimes","floor":15.0,"turns":4.0},{"damage":11.0,"enemies":"SI_SHIV_ARCHETYPE","floor":16.0,"turns":12.0},{"damage":31.0,"enemies":"Spheric Guardian","floor":19.0,"turns":6.0},{"damage":9.0,"enemies":"Chosen","floor":21.0,"turns":8.0},{"damage":5.0,"enemies":"Centurion and Healer","floor":22.0,"turns":9.0},{"damage":0.0,"enemies":"Gremlin Leader","floor":23.0,"turns":9.0},{"damage":4.0,"enemies":"Cultist and Chosen","floor":25.0,"turns":8.0},{"damage":2.0,"enemies":"Slavers","floor":26.0,"turns":6.0},{"damage":26,"enemies":"Book of Stabbing","floor":28,"turns":8}],"seed_played":"6297800054914048429","potions_obtained":[{"floor":3.0,"key":"GamblersBrew"},{"floor":3.0,"key":"FearPotion"},{"floor":3.0,"key":"Block Potion"},{"floor":6.0,"key":"LiquidBronze"},{"floor":12.0,"key":"LiquidBronze"},{"floor":13.0,"key":"hexamod:EctoCoolerPotion"},{"floor":14.0,"key":"hexamod:SoulburnPotion"},{"floor":22.0,"key":"EssenceOfSteel"},{"floor":25.0,"key":"FearPotion"},{"floor":26.0,"key":"SpeedPotion"}],"is_trial":false,"path_per_floor":["R","M","?","$","M","M","T","R","?","E","R","E","M","E","M","B",null,"R","M","?","M","M","E","T","M","E","R","E"],"character_chosen":"THE_SPIRIT","items_purchased":["hexamod:PhantomCloak"],"campfire_rested":0,"item_purchase_floors":[4],"current_hp_per_floor":[63,63,63,63,60,55,55,55,70,70,70,57,53,55,31,20,70,70,39,39,30,25,25,25,21,26,26,0,0,0],"gold":225,"neow_bonus":"ONE_RANDOM_RARE_CARD","is_daily":false,"chose_seed":false,"campfire_upgraded":4,"win_rate":0.0,"timestamp":1613953442,"path_taken":["R","M","?","?","?","M","T","R","?","E","R","E","?","E","M","BOSS","R","M","?","M","M","E","T","M","E","R","E"],"items_purchased_type":["Card"],"build_version":"2020-12-22","purchased_purges":0,"victory":false,"max_hp_per_floor":[70,70,70,70,70,70,70,70,70,70,70,77,77,87,87,87,87,87,87,43,43,43,43,43,43,43,43,43,43,43],"card_choices":[{"not_picked":["hexamod:ExtraCrispy","hexamod:GhostLash"],"picked":"hexamod:NightmareStrike","floor":2.0},{"not_picked":["hexamod:FastForward","hexamod:GhostflameBarrier"],"picked":"hexamod:TurnItUp","floor":4.0},{"not_picked":["hexamod:SkipABeat","hexamod:HauntingEcho"],"picked":"hexamod:FlamesFromBeyond","floor":5.0},{"not_picked":["hexamod:Firestarter","hexamod:ThermalTransfer"],"picked":"hexamod:InspiringFlames","floor":6.0},{"not_picked":["hexamod:FastForward","hexamod:BacktrackSmack"],"picked":"hexamod:Haunt","floor":10.0},{"not_picked":["hexamod:EtherealExpedition","hexamod:HauntingEcho"],"picked":"hexamod:ShieldOfDarkness","floor":12.0},{"not_picked":["hexamod:FlamesFromBeyond","hexamod:FastForward"],"picked":"hexamod:SixthSeal","floor":13.0},{"not_picked":["hexamod:FastForward","hexamod:HeatMetal"],"picked":"hexamod:GhostShield","floor":14.0},{"not_picked":["hexamod:HeatMetal","hexamod:StepThrough"],"picked":"hexamod:FlamesFromBeyond","floor":15.0},{"not_picked":["hexamod:GhostflameInferno","hexamod:UnlimitedPower"],"picked":"hexamod:WildfireWeapon","floor":16.0},{"not_picked":["hexamod:NightmareStrike","hexamod:RainOfEmbers"],"picked":"hexamod:ShieldOfDarkness","floor":19.0},{"not_picked":["hexamod:HauntingEcho","hexamod:HeatCrush"],"picked":"hexamod:NightmareGuise+1","floor":21.0},{"not_picked":["hexamod:InspiringFlames+1","hexamod:GhostLash"],"picked":"hexamod:SpectralAdrenaline+1","floor":22.0},{"not_picked":["hexamod:Rewind","hexamod:ShieldOfDarkness"],"picked":"hexamod:RadiantFlame","floor":23.0},{"not_picked":["hexamod:GhostOfSpirePast+1","hexamod:TurnItUp"],"picked":"hexamod:FirstSeal","floor":25.0},{"not_picked":["hexamod:NightmareStrike","hexamod:CatchUp"],"picked":"hexamod:FlamesFromBeyond","floor":26.0}],"player_experience":62106,"relics_obtained":[{"floor":7.0,"key":"Kunai"},{"floor":10.0,"key":"Bag of Preparation"},{"floor":12.0,"key":"Strawberry"},{"floor":14.0,"key":"Pear"},{"floor":23.0,"key":"FossilizedHelix"},{"floor":24.0,"key":"White Beast Statue"},{"floor":26.0,"key":"Calipers"}],"event_choices":[{"damage_healed":0.0,"max_hp_gain":0.0,"max_hp_loss":0.0,"gold_gain":0.0,"event_name":"Lab","player_choice":"Got Potions","floor":3.0,"gold_loss":0.0,"damage_taken":0.0},{"cards_removed":["hexamod:PhantomCloak"],"damage_healed":15.0,"max_hp_gain":0.0,"max_hp_loss":0.0,"gold_gain":0.0,"event_name":"Bonfire Elementals","player_choice":"Offered Uncommon","floor":9.0,"gold_loss":0.0,"damage_taken":0.0}],"is_beta":false,"boss_relics":[{"not_picked":["Velvet Choker","Snecko Eye"],"picked":"hexamod:UnbrokenSoul"}],"items_purged_floors":[],"is_endless":false,"potions_floor_spawned":[6,12,13,14,19,22,25,26],"killed_by":"Book of Stabbing","ascension_level":10}}