{"host":"avfk0uqadyfnr875","time":1613969870,"event":{"mods":["2.2 Compatiblity","Act Like it!","BaseMod","Chen","Colored Powertips","Downfall","Gensokyo","Koishi","KomeijiMod","Marisa（F雨　魔理沙）","Minty Spire (QoL Compilation)","Pale of the Ancients","Quick Restart","READ ME - Guardian Mod","Reimu（博丽灵梦）","Shop Mod","StSLib","The Animator","Yakumo Yukari mod","[功能]功能增强和修复MOD"],"gold_per_floor":[366,36,136,9,44,369,369,397,444,469,469,469,333,353,353,793,793,813,740,620,55,55,88,100,153,153,403,953,830,914,14,14,505,505,541,541,541,50,50,50,100,160,160,160,160,243,243,84,84,84,84,84,35,90,90],"floor_reached":56,"language":"ZHS","playtime":2125,"items_purged":["Strike_MRS","Pain","Strike_MRS","Strike_MRS","Strike_MRS","SporeBomb"],"score":2882,"play_id":"f7549322-a1e6-4fd6-ba62-84ed81f8f0a1","local_time":"20210222125750","is_ascension_mode":true,"campfire_choices":[{"data":"6A","floor":7,"key":"SMITH"},{"data":"DeepEcoloBomb","floor":11,"key":"SMITH"},{"data":"MaximisePower","floor":15,"key":"SMITH"},{"floor":40,"key":"RECALL"},{"data":"Gensokyo:MissMary","floor":49,"key":"SMITH"},{"data":"ManaRampage","floor":52,"key":"SMITH"}],"circlet_count":0,"master_deck":["AscendersBane","Defend_MRS+1","Defend_MRS","MasterSpark","UpSweep","GrandCross+1","6A+1","DeepEcoloBomb+1","NonDirectionalLaser+1","GravityBeat","WitchLeyline","Orbital","MaximisePower+1","AlicesGift","WitchLeyline","AbsoluteMagnitude","UltimateShortwave","MillisecondPulsars","UltimateShortwave","DeepEcoloBomb+1","Gensokyo:MissMary+1","GasGiant","WitchOfGreed+1","Parasite","OrrerysSun","WitchOfGreed+1","BinaryStars","BinaryStars","ManaRampage","ManaRampage","AsteroidBelt+1","Gensokyo:PrivateSquare","Pride","Master of Strategy","OrrerysSun+1","OrrerysSun+1","GasGiant","ManaRampage+1","SatelliteIllusion+1","GravityBeat","OortCloud+1"],"relics":["MiniHakkero","Medical Kit","HornCleat","Mastiff:ReiMu","Chemical X","Eternal Feather","White Beast Statue","Anchor","TungstenRod","Mummified Hand","Gensokyo:LunaticRedEyes","Membership Card","InkBottle","PureWhite:ReiMu","BreadOfAWashokuLover","Blood Vial","SlaversCollar","Matryoshka","Ornamental Fan","OrangePellets","Gensokyo:DemonMask","ClockworkSouvenir","Blue Candle","Singing Bowl","ShroomBag","MealTicket","The Courier","Potion Belt","GoodDreamPillow","KyoryuNoHagoromo","Oddly Smooth Stone","Pantograph","RuthlessExorcism:ReiMu","TentaclePot:ReiMu","Lantern","Whetstone","Orichalcum","Vajra","Tea:ReiMu","AmplifyWand","Nunchaku","Kunai","FossilizedHelix","Bronze Scales","Tiny Chest","Boot","Frozen Egg 2","Coffee Dripper","Gensokyo:EmptyGrave","HandDrill","Bag of Marbles","Toy Ornithopter","Incense Burner","Shuriken","Omamori","Juzu Bracelet","Bag of Preparation","Happy Flower","Art of War","Gremlin Horn","Pen Nib","HoshigumaDish","SimpleLauncher","Bottled Tornado","Bottled Flame","Pear"],"acts_visited":["Gensokyo:Gensokyo","Gensokyo:Gensokyoer","Gensokyo:Gensokyoest","TheEnding"],"potions_floor_usage":[5,6,8,33,46],"damage_taken":[{"damage":8,"enemies":"Gensokyo:Gryphon","floor":1,"turns":3},{"damage":21,"enemies":"Gensokyo:Aya","floor":5,"turns":5},{"damage":15,"enemies":"Gensokyo:Mamizou","floor":6,"turns":6},{"damage":6,"enemies":"Gensokyo:Aya","floor":8,"turns":4},{"damage":10,"enemies":"Gensokyo:Mamizou","floor":10,"turns":7},{"damage":0,"enemies":"Gensokyo:Python","floor":14,"turns":2},{"damage":17,"enemies":"Gensokyo:Reimu","floor":16,"turns":5},{"damage":0,"enemies":"Gensokyo:CosmicMonolith","floor":18,"turns":2},{"damage":0,"enemies":"Gensokyo:Tenshi","floor":23,"turns":2},{"damage":0,"enemies":"Gensokyo:Chomper","floor":24,"turns":3},{"damage":23,"enemies":"Gensokyo:Reisen","floor":25,"turns":4},{"damage":0,"enemies":"Gensokyo:Tenshi","floor":28,"turns":3},{"damage":0,"enemies":"Gensokyo:Reisen","floor":30,"turns":3},{"damage":0,"enemies":"Gensokyo:Eiki","floor":33,"turns":5},{"damage":0,"enemies":"Gensokyo:3_Boulders","floor":35,"turns":2},{"damage":0,"enemies":"Gensokyo:Kasen","floor":42,"turns":3},{"damage":1,"enemies":"Gensokyo:Doremy","floor":46,"turns":2},{"damage":0,"enemies":"Gensokyo:Scarlet_Devils","floor":50,"turns":1},{"damage":0,"enemies":"Shield and Spear","floor":54,"turns":2},{"damage":0,"enemies":"The Heart","floor":55,"turns":6}],"seed_played":"-2950729664695594333","potions_obtained":[{"floor":1,"key":"Fire Potion"},{"floor":5,"key":"ShroomBrew"},{"floor":5,"key":"FearPotion"},{"floor":6,"key":"LiquidBronze"},{"floor":8,"key":"Guardian:BlockOnCardUsePotion"},{"floor":10,"key":"Guardian:BlockOnCardUsePotion"},{"floor":25,"key":"StarNLove"},{"floor":28,"key":"DuplicationPotion"},{"floor":28,"key":"Regen Potion"},{"floor":33,"key":"Energy Potion"},{"floor":46,"key":"Guardian:BlockOnCardUsePotion"}],"is_trial":false,"path_per_floor":["M","COS","?","$","?","E","R","E","T","E","R","?","$","M","R","B",null,"M","$","?","COS","?","E","M","E","T","?","E","?","E","$","R","B",null,"M","?","?","$","?","R","T","E","T","?","?","E","?","COS","R","B",null,"R","$","E","B",null],"character_chosen":"MARISA","items_purchased":["HornCleat","Mastiff:ReiMu","Chemical X","Membership Card","InkBottle","PureWhite:ReiMu","MaximisePower","AlicesGift","Matryoshka","Ornamental Fan","OrangePellets","Pantograph","RuthlessExorcism:ReiMu","TentaclePot:ReiMu","Lantern","Whetstone","Orichalcum","Vajra","Tea:ReiMu","AmplifyWand","Nunchaku","Kunai","FossilizedHelix","Bronze Scales","Tiny Chest","Master of Strategy","OrrerysSun+1","OrrerysSun+1","GasGiant","ManaRampage","HandDrill","Bag of Marbles","Toy Ornithopter","Incense Burner","Shuriken","SporeBomb","Omamori","Juzu Bracelet","Bottled Tornado","Bottled Flame","OortCloud+1"],"campfire_rested":0,"item_purchase_floors":[4,4,4,13,13,13,13,13,19,19,19,31,31,31,31,31,31,31,31,31,31,31,31,31,31,38,38,38,38,38,38,38,38,38,38,38,38,38,53,53,53],"current_hp_per_floor":[55,55,55,55,34,19,28,22,22,12,21,21,21,21,30,13,51,55,55,55,55,51,54,60,43,43,43,60,60,66,75,75,87,87,89,81,81,81,81,81,81,81,81,81,66,76,76,76,78,78,78,78,78,90,90],"gold":90,"neow_bonus":"TWO_FIFTY_GOLD","is_daily":false,"chose_seed":false,"campfire_upgraded":5,"win_rate":0.0,"timestamp":1613969870,"path_taken":["M","COS","?","$","?","E","R","E","T","E","R","?","$","?","R","BOSS","M","$","?","COS","?","E","?","E","T","?","E","?","E","$","R","BOSS","M","?","?","$","?","R","?","E","T","?","?","E","?","COS","R","BOSS","R","$","E","BOSS"],"items_purchased_type":["Relic","Relic","Relic","Relic","Relic","Relic","Card","Card","Relic","Relic","Relic","Relic","Relic","Relic","Relic","Relic","Relic","Relic","Relic","Relic","Relic","Relic","Relic","Relic","Relic","Card","Card","Card","Card","Card","Relic","Relic","Relic","Relic","Relic","Card","Relic","Relic","Relic","Relic","Card"],"build_version":"2020-12-22","purchased_purges":6,"victory":true,"max_hp_per_floor":[63,63,63,63,63,63,63,63,63,63,63,63,63,63,63,63,63,63,63,63,63,63,63,65,65,65,60,73,73,75,75,85,87,87,89,81,81,81,81,81,81,81,81,81,81,78,78,78,78,78,78,78,78,90,90],"card_choices":[{"not_picked":["ChargingUp","MysteriousBeam"],"picked":"GrandCross","floor":1},{"not_picked":["OrrerysSun","WitchLeyline"],"picked":"6A","floor":1},{"not_picked":["GalacticHalo","EnergyFlow"],"picked":"DeepEcoloBomb","floor":5},{"not_picked":["PowerUp+1","DoubleSpark+1"],"picked":"NonDirectionalLaser+1","floor":6},{"not_picked":["NonDirectionalLaser","OpenUniverse"],"picked":"GravityBeat","floor":6},{"not_picked":["NonDirectionalLaser","SporeBomb"],"picked":"WitchLeyline","floor":8},{"not_picked":["GravityBeat","Acceleration"],"picked":"Orbital","floor":10},{"not_picked":["EnergyRecoil","NonDirectionalLaser"],"picked":"WitchLeyline","floor":14},{"not_picked":["DoubleSpark","6A","NonDirectionalLaser"],"picked":"SKIP","floor":14},{"not_picked":["TreasureHunter","SuperNova"],"picked":"AbsoluteMagnitude","floor":16},{"not_picked":["CasketOfStar","MaximisePower"],"picked":"UltimateShortwave","floor":16},{"not_picked":["BigCrunch","TreasureHunter"],"picked":"MillisecondPulsars","floor":16},{"not_picked":["BigCrunch","JA"],"picked":"UltimateShortwave","floor":16},{"not_picked":["DragonMeteor","DoubleSpark"],"picked":"DeepEcoloBomb","floor":18},{"not_picked":["GravityBeat","6A","PowerUp"],"picked":"SKIP","floor":18},{"not_picked":["PowerUp","ShootTheMoon"],"picked":"GasGiant","floor":23},{"not_picked":["LuminesStrike","SprinkleStarSeal","GrandCross+1"],"picked":"Singing Bowl","floor":24},{"not_picked":["GravityBeat","StarBarrage"],"picked":"WitchOfGreed+1","floor":24},{"not_picked":["ChargingUp+1","RefractionSpark"],"picked":"OrrerysSun","floor":25},{"not_picked":["ShootingEcho+1","DarkMatter+1"],"picked":"WitchOfGreed+1","floor":28},{"not_picked":["DoubleSpark+1","WitchOfGreed+1","6A+1"],"picked":"Singing Bowl","floor":30},{"not_picked":["IllusionStar","MeteoricShower"],"picked":"BinaryStars","floor":30},{"not_picked":["AbsoluteMagnitude","TreasureHunter","MaximisePower"],"picked":"Singing Bowl","floor":33},{"not_picked":["JA","CasketOfStar"],"picked":"BinaryStars","floor":33},{"not_picked":["BinaryStars","BigCrunch"],"picked":"ManaRampage","floor":33},{"not_picked":["SatelliteIllusion+1","BinaryStars"],"picked":"ManaRampage","floor":33},{"not_picked":["OpenUniverse","ChargeUpSpray","LuminesStrike"],"picked":"Singing Bowl","floor":35},{"not_picked":["MilkyWay+1","IllusionStar"],"picked":"AsteroidBelt+1","floor":35},{"not_picked":["6A","ChargingUp"],"picked":"SatelliteIllusion+1","floor":42},{"not_picked":["SporeBomb","Acceleration"],"picked":"GravityBeat","floor":46},{"not_picked":["GrandCross","Robbery","MysteriousBeam"],"picked":"Singing Bowl","floor":54}],"player_experience":432250,"relics_obtained":[{"floor":5,"key":"Eternal Feather"},{"floor":8,"key":"Anchor"},{"floor":10,"key":"Mummified Hand"},{"floor":16,"key":"BreadOfAWashokuLover"},{"floor":16,"key":"Blood Vial"},{"floor":23,"key":"Singing Bowl"},{"floor":25,"key":"ShroomBag"},{"floor":26,"key":"MealTicket"},{"floor":26,"key":"The Courier"},{"floor":28,"key":"Potion Belt"},{"floor":30,"key":"Oddly Smooth Stone"},{"floor":33,"key":"Boot"},{"floor":33,"key":"Frozen Egg 2"},{"floor":41,"key":"Bag of Preparation"},{"floor":41,"key":"Happy Flower"},{"floor":42,"key":"Art of War"},{"floor":43,"key":"Gremlin Horn"},{"floor":46,"key":"HoshigumaDish"},{"floor":54,"key":"Pear"}],"event_choices":[],"is_beta":false,"boss_relics":[{"not_picked":["Black Star","EctoplasmExtend"],"picked":"SlaversCollar"},{"not_picked":["Pandora\u0027s Box","ExperimentalFamiliar"],"picked":"Coffee Dripper"}],"items_purged_floors":[4,13,13,13,13,38],"is_endless":false,"potions_floor_spawned":[1,5,5,6,6,8,8,10,10,10,14,16,16,16,18,18,23,23,23,23,24,24,24,25,28,28,30,30,30,30,33,33,35,35,35,42,46,46,54,54,54,54],"ascension_level":17}}