{"host":"oyzno85dy6ca94bi","time":1613962309,"event":{"mods":["AchievementEnabler","BaseMod","Colored Map","DeckTracker","Keyboard Shortcuts","Minty Spire (QoL Compilation)","Permanent Neow","SuperFastMode","everything is the same but u backflip on backflip"],"gold_per_floor":[111,121,135,135,135,135,185,213,213,223,223,223,203,7,7,78,78,98,118,118,37,37,37,37,37,90,102,152,152,171,171,171],"floor_reached":31,"language":"KOR","playtime":1768,"items_purged":["Strike_R"],"score":444,"play_id":"751bc4f7-50e1-484a-acd8-9a3c591aafa6","local_time":"20210222115149","is_ascension_mode":true,"campfire_choices":[{"data":"Armaments","floor":6.0,"key":"SMITH"},{"data":"Body Slam","floor":12,"key":"SMITH"},{"floor":15,"key":"REST"},{"floor":23,"key":"REST"},{"floor":29,"key":"REST"}],"circlet_count":0,"master_deck":["AscendersBane","Strike_R","Strike_R","Strike_R","Strike_R","Defend_R","Defend_R","Defend_R","Defend_R","Bash","Twin Strike","Armaments+1","Hemokinesis","Body Slam+1","Spot Weakness","Feed","Rupture","Dual Wield","Corruption","CurseOfTheBell","Twin Strike","Armaments","Sentinel","Combust","J.A.X.","Exhume","Heavy Blade","Flame Barrier","Shrug It Off"],"relics":["Burning Blood","Juzu Bracelet","Prayer Wheel","Darkstone Periapt","Red Skull","Calling Bell","Orichalcum","Mercury Hourglass","Peace Pipe","Toy Ornithopter"],"acts_visited":["Exordium","TheCity"],"potions_floor_usage":[10,16,16,16,16,18,18,24,27],"damage_taken":[{"damage":9.0,"enemies":"2 Louse","floor":1.0,"turns":4.0},{"damage":1.0,"enemies":"Cultist","floor":2.0,"turns":3.0},{"damage":0.0,"enemies":"Jaw Worm","floor":3.0,"turns":3.0},{"damage":34.0,"enemies":"3 Sentries","floor":8.0,"turns":9.0},{"damage":14,"enemies":"Exordium Thugs","floor":10,"turns":5},{"damage":36,"enemies":"Hexaghost","floor":16,"turns":8},{"damage":31,"enemies":"2 Thieves","floor":18,"turns":5},{"damage":31,"enemies":"Spheric Guardian","floor":19,"turns":5},{"damage":0,"enemies":"Snake Plant","floor":24,"turns":2},{"damage":18,"enemies":"Centurion and Healer","floor":27,"turns":7},{"damage":30,"enemies":"Snecko","floor":30,"turns":5},{"damage":24,"enemies":"Colosseum Slavers","floor":31,"turns":3}],"seed_played":"1419577216593357207","potions_obtained":[{"floor":3.0,"key":"LiquidBronze"},{"floor":4.0,"key":"CultistPotion"},{"floor":4.0,"key":"Weak Potion"},{"floor":10,"key":"Dexterity Potion"},{"floor":13,"key":"EntropicBrew"},{"floor":16,"key":"Fire Potion"},{"floor":18,"key":"Fruit Juice"},{"floor":19,"key":"ColorlessPotion"}],"is_trial":false,"path_per_floor":["M","M","M","?","?","R","?","E","T","M","?","R","?","$","R","B",null,"M","M","?","$","?","R","M","?","T","M","?","R","M","?"],"character_chosen":"IRONCLAD","items_purchased":["Rupture","Dual Wield","Exhume"],"campfire_rested":3,"item_purchase_floors":[14,14,21],"current_hp_per_floor":[65,70,75,75,75,75,68,40,40,32,27,27,27,27,49,23,71,51,29,29,29,17,44,50,22,22,18,18,48,24,0,0],"gold":171,"neow_bonus":"RANDOM_COMMON_RELIC","is_daily":false,"chose_seed":false,"campfire_upgraded":2,"win_rate":0.0,"timestamp":1613962309,"path_taken":["M","M","M","?","?","R","?","E","T","M","?","R","?","?","R","BOSS","M","M","?","$","?","R","M","?","T","M","?","R","M","?"],"items_purchased_type":["Card","Card","Card"],"build_version":"2020-12-22","purchased_purges":1,"victory":false,"max_hp_per_floor":[75,75,75,75,75,75,75,75,75,75,75,75,75,75,75,79,85,90,93,93,93,93,93,93,98,98,101,101,101,101,101,101],"card_choices":[{"not_picked":["Entrench","Sentinel"],"picked":"Twin Strike","floor":1.0},{"not_picked":["Burning Pact","Metallicize"],"picked":"Armaments","floor":2.0},{"not_picked":["Heavy Blade","Flex"],"picked":"Hemokinesis","floor":3.0},{"not_picked":["Reckless Charge","Sentinel"],"picked":"Body Slam","floor":8.0},{"not_picked":["Ghostly Armor","Inflame"],"picked":"Spot Weakness","floor":10},{"not_picked":["Battle Trance","Feel No Pain"],"picked":"Feed","floor":10},{"not_picked":["Juggernaut","Bludgeon"],"picked":"Corruption","floor":16},{"not_picked":["Thunderclap","Armaments"],"picked":"Twin Strike","floor":18},{"not_picked":["Cleave","Thunderclap"],"picked":"Armaments","floor":18},{"not_picked":["Inflame","Heavy Blade"],"picked":"Sentinel","floor":19},{"not_picked":["Cleave","Reaper"],"picked":"Combust","floor":19},{"not_picked":["Rupture","Pommel Strike"],"picked":"Heavy Blade","floor":27},{"not_picked":["Shockwave","Body Slam","Clothesline+1"],"picked":"SKIP","floor":27},{"not_picked":["Cleave+1","Havoc"],"picked":"Flame Barrier","floor":30},{"not_picked":["Second Wind","Reckless Charge"],"picked":"Shrug It Off","floor":30}],"player_experience":503017,"relics_obtained":[{"floor":8.0,"key":"Prayer Wheel"},{"floor":9.0,"key":"Darkstone Periapt"},{"floor":17,"key":"Orichalcum"},{"floor":17,"key":"Mercury Hourglass"},{"floor":17,"key":"Peace Pipe"},{"floor":26,"key":"Toy Ornithopter"}],"event_choices":[{"damage_healed":0.0,"max_hp_gain":0.0,"max_hp_loss":0.0,"gold_gain":0.0,"event_name":"Lab","player_choice":"Got Potions","floor":4.0,"gold_loss":0.0,"damage_taken":0.0},{"damage_healed":0.0,"max_hp_gain":0.0,"max_hp_loss":0.0,"gold_gain":0.0,"event_name":"Liars Game","player_choice":"Ignored","floor":5.0,"gold_loss":0.0,"damage_taken":0.0},{"damage_healed":0.0,"max_hp_gain":0.0,"max_hp_loss":0.0,"gold_gain":50.0,"event_name":"FaceTrader","player_choice":"Touch","floor":7.0,"gold_loss":0.0,"damage_taken":7.0},{"damage_healed":0,"gold_gain":0,"player_choice":"Success","damage_taken":5,"relics_obtained":["Red Skull"],"max_hp_gain":0,"max_hp_loss":0,"event_name":"Scrap Ooze","floor":11,"gold_loss":0},{"damage_healed":0,"gold_gain":0,"player_choice":"Bought 1 Potion","damage_taken":0,"max_hp_gain":0,"max_hp_loss":0,"event_name":"The Woman in Blue","floor":13,"gold_loss":0},{"damage_healed":0,"gold_gain":0,"player_choice":"Obtain J.A.X.","damage_taken":0,"max_hp_gain":0,"max_hp_loss":0,"event_name":"Drug Dealer","floor":20,"gold_loss":0,"cards_obtained":["J.A.X."]},{"damage_healed":0,"gold_gain":0,"player_choice":"POTION ","damage_taken":12,"max_hp_gain":0,"max_hp_loss":0,"event_name":"Knowing Skull","floor":22,"potions_obtained":["SmokeBomb"],"gold_loss":0,"cards_obtained":[]},{"damage_healed":0,"gold_gain":0,"player_choice":"Shed Blood","damage_taken":33,"max_hp_gain":5,"max_hp_loss":0,"event_name":"Forgotten Altar","floor":25,"gold_loss":0},{"damage_healed":0,"gold_gain":50,"player_choice":"Pray","damage_taken":0,"max_hp_gain":0,"max_hp_loss":0,"event_name":"Golden Shrine","floor":28,"gold_loss":0},{"damage_healed":0,"gold_gain":0,"player_choice":"Fight","damage_taken":0,"max_hp_gain":0,"max_hp_loss":0,"event_name":"Colosseum","floor":31,"gold_loss":0}],"is_beta":false,"boss_relics":[{"not_picked":["Tiny House","Velvet Choker"],"picked":"Calling Bell"}],"items_purged_floors":[14],"is_endless":false,"potions_floor_spawned":[3,10,16,18,19],"killed_by":"Colosseum Slavers","ascension_level":16}}