{"host":"sc0o2qwpf9j16a4i","time":1613990770,"event":{"mods":["AchievementEnabler","BaseMod","BetterRewards","Block Reminder","Colored Map","Colored Powertips","Custom Start","Highlight Path","Minty Spire (QoL Compilation)","Relic Stats"],"gold_per_floor":[119,119,29,41,41,73,73,104,104,104,132,132,151,1,1,106,106,120,134,134,169,5,39,39,67,143,143,178,30,62,78,78,178,178,196,49,49,49,61,91,104,132,214,248,265,265,297,297,297,297],"floor_reached":51,"language":"ENG","playtime":2763,"items_purged":[],"score":1230,"play_id":"e4eb410d-e570-4638-8478-946fede89714","local_time":"20210222124610","daily_mods":["Draft","Blue Cards","Elite Swarm"],"is_ascension_mode":false,"campfire_choices":[{"data":"Hologram","floor":10,"key":"SMITH"},{"data":"Hologram","floor":12,"key":"SMITH"},{"data":"Uppercut","floor":15,"key":"SMITH"},{"floor":27,"key":"REST"},{"data":"Echo Form","floor":32,"key":"SMITH"},{"data":"Offering","floor":49,"key":"SMITH"}],"circlet_count":0,"master_deck":["Power Through","Heavy Blade","Flex+1","Hologram+1","Twin Strike","Fire Breathing","Hologram+1","Go for the Eyes","Wild Strike","Hologram+1","Inflame+1","Shrug It Off","Twin Strike","Seeing Red","Twin Strike","Dark Shackles","Sword Boomerang","Juggernaut","Echo Form+1","Uppercut+1","Exhume","Sweeping Beam","Immolate","Turbo","Offering+1","Impervious","Offering","Immolate","Feed","Burning Pact","Barricade","Leap+1","Body Slam","All For One","Sentinel","Corruption","Core Surge","Whirlwind+1","Impervious","Mind Blast","Dark Shackles"],"relics":["Burning Blood","Mango","TungstenRod","Dead Branch","Eternal Feather","War Paint","Sling","Black Star","Nilry\u0027s Codex","Red Mask","Vajra","Kunai","MutagenicStrength","MealTicket","FossilizedHelix","Self Forming Clay","Regal Pillow","Gambling Chip","Chemical X","Anchor","Bronze Scales","Snecko Eye","Strange Spoon","Lantern","Dream Catcher","Question Card","Ice Cream","Bottled Lightning","Bottled Tornado","Strawberry","Mummified Hand","Pocketwatch"],"acts_visited":["Exordium","TheCity","TheBeyond"],"potions_floor_usage":[16,18,19,21,23,25,33,39],"damage_taken":[{"damage":5,"enemies":"Jaw Worm","floor":1,"turns":2},{"damage":0,"enemies":"2 Louse","floor":4,"turns":2},{"damage":9,"enemies":"3 Sentries","floor":6,"turns":4},{"damage":13,"enemies":"Gremlin Nob","floor":8,"turns":3},{"damage":17,"enemies":"Lagavulin","floor":11,"turns":5},{"damage":0,"enemies":"Small Slimes","floor":13,"turns":3},{"damage":4,"enemies":"Hexaghost","floor":16,"turns":8},{"damage":20,"enemies":"3 Byrds","floor":18,"turns":6},{"damage":24,"enemies":"2 Thieves","floor":19,"turns":4},{"damage":30,"enemies":"Masked Bandits","floor":21,"turns":4},{"damage":8,"enemies":"Book of Stabbing","floor":23,"turns":3},{"damage":5,"enemies":"Slavers","floor":25,"turns":1},{"damage":0,"enemies":"Gremlin Leader","floor":28,"turns":4},{"damage":22,"enemies":"Slavers","floor":30,"turns":4},{"damage":0,"enemies":"Centurion and Healer","floor":31,"turns":1},{"damage":10,"enemies":"Champ","floor":33,"turns":6},{"damage":0,"enemies":"Orb Walker","floor":35,"turns":4},{"damage":0,"enemies":"3 Darklings","floor":39,"turns":3},{"damage":9,"enemies":"Giant Head","floor":40,"turns":6},{"damage":15,"enemies":"4 Shapes","floor":41,"turns":15},{"damage":15,"enemies":"Reptomancer","floor":42,"turns":5},{"damage":2,"enemies":"Giant Head","floor":44,"turns":4},{"damage":0,"enemies":"Writhing Mass","floor":45,"turns":4},{"damage":11,"enemies":"Reptomancer","floor":47,"turns":1},{"damage":5,"enemies":"Donu and Deca","floor":50,"turns":3}],"seed_played":"-113377994061126332","potions_obtained":[{"floor":1,"key":"SpeedPotion"},{"floor":8,"key":"PowerPotion"},{"floor":13,"key":"EssenceOfSteel"},{"floor":16,"key":"Weak Potion"},{"floor":18,"key":"SkillPotion"},{"floor":21,"key":"PowerPotion"},{"floor":23,"key":"Strength Potion"},{"floor":31,"key":"Strength Potion"},{"floor":35,"key":"Energy Potion"},{"floor":42,"key":"DuplicationPotion"},{"floor":44,"key":"LiquidBronze"},{"floor":45,"key":"DuplicationPotion"}],"is_trial":true,"path_per_floor":["M","?","$","M","T","E","?","E","T","R","E","R","M","$","R","B",null,"M","M","?","?","$","E","?","E","T","R","E","$","E","M","R","B",null,"M","$","?","$","M","E","M","E","T","E","M","?","E","?","R","B",null],"character_chosen":"IRONCLAD","items_purchased":["Dark Shackles","Sling","Offering","Chemical X","Strange Spoon"],"campfire_rested":1,"item_purchase_floors":[3,14,22,29,36],"current_hp_per_floor":[80,80,80,80,94,91,64,57,57,66,55,64,70,70,82,84,94,80,62,50,26,26,24,24,25,25,68,74,89,73,85,100,96,100,103,103,103,103,103,103,97,91,91,105,114,114,109,100,124,125],"gold":297,"neow_bonus":"","is_daily":false,"chose_seed":false,"campfire_upgraded":5,"win_rate":0.0,"timestamp":1613990770,"path_taken":["M","?","$","M","?","E","?","E","T","R","E","R","?","?","R","BOSS","M","M","?","?","$","E","?","E","T","R","E","?","E","?","R","BOSS","M","$","?","?","M","E","M","E","T","E","M","?","E","?","R","BOSS"],"items_purchased_type":["Card","Relic","Card","Relic","Relic"],"build_version":"2020-12-22","purchased_purges":0,"victory":true,"max_hp_per_floor":[80,80,80,80,94,94,94,94,94,94,94,94,94,94,94,94,94,94,94,94,94,94,94,94,94,94,94,94,94,94,100,100,100,100,103,103,103,103,103,106,109,112,112,122,125,125,125,125,125,125],"relic_stats":{"Regal Pillow":0,"counters":[25,105],"Self Forming Clay":[45],"Dead Branch":[180],"Eternal Feather":84,"War Paint":["Hologram","Flex"],"Question Card":6,"Burning Blood":131,"Strange Spoon":[52],"Dream Catcher":0,"Mummified Hand":[12],"Gambling Chip":[26],"Bronze Scales":[126],"Snecko Eye":[100,96,91,99],"MealTicket":15,"Black Star":8,"Kunai":[23],"Chemical X":[2],"obtain_stats":[{"Ice Cream":42,"Regal Pillow":28,"Lantern":40,"Nilry\u0027s Codex":20,"Vajra":23,"Mango":5,"Bottled Tornado":44,"Sling":14,"Burning Blood":0,"Dream Catcher":40,"Mummified Hand":47,"Gambling Chip":28,"Strawberry":44,"MealTicket":25,"Red Mask":21,"Kunai":23,"Chemical X":29,"Self Forming Clay":26,"Dead Branch":7,"Eternal Feather":9,"War Paint":11,"Question Card":42,"Strange Spoon":36,"Anchor":30,"MutagenicStrength":24,"Bronze Scales":30,"Snecko Eye":34,"Black Star":17,"Bottled Lightning":43,"TungstenRod":6,"FossilizedHelix":25,"Pocketwatch":47},{"Ice Cream":21,"Regal Pillow":13,"Lantern":19,"Nilry\u0027s Codex":9,"Vajra":11,"Mango":2,"Bottled Tornado":22,"Sling":6,"Burning Blood":0,"Dream Catcher":19,"Mummified Hand":24,"Gambling Chip":13,"Strawberry":22,"MealTicket":12,"Red Mask":10,"Kunai":11,"Chemical X":13,"Self Forming Clay":12,"Dead Branch":3,"Eternal Feather":4,"War Paint":5,"Question Card":21,"Strange Spoon":17,"Anchor":14,"MutagenicStrength":11,"Bronze Scales":14,"Snecko Eye":16,"Black Star":7,"Bottled Lightning":21,"TungstenRod":3,"FossilizedHelix":12,"Pocketwatch":24},{"Ice Cream":93,"Regal Pillow":49,"Lantern":73,"Nilry\u0027s Codex":37,"Vajra":44,"Mango":4,"Bottled Tornado":97,"Sling":19,"Burning Blood":0,"Dream Catcher":73,"Mummified Hand":102,"Gambling Chip":49,"Strawberry":97,"MealTicket":45,"Red Mask":41,"Kunai":44,"Chemical X":49,"Self Forming Clay":45,"Dead Branch":8,"Eternal Feather":11,"War Paint":16,"Question Card":93,"Strange Spoon":64,"Anchor":53,"MutagenicStrength":44,"Bronze Scales":53,"Snecko Eye":60,"Black Star":27,"Bottled Lightning":93,"TungstenRod":8,"FossilizedHelix":45,"Pocketwatch":102}],"TungstenRod":56,"Pocketwatch":[0]},"card_choices":[{"not_picked":["Shrug It Off","Coolheaded"],"picked":"Power Through","floor":0},{"not_picked":["Hologram","Ghostly Armor"],"picked":"Heavy Blade","floor":0},{"not_picked":["Clothesline","Thunderclap"],"picked":"Flex","floor":0},{"not_picked":["Dual Wield","True Grit"],"picked":"Hologram","floor":0},{"not_picked":["True Grit","Beam Cell"],"picked":"Twin Strike","floor":0},{"not_picked":["Reckless Charge","Recycle"],"picked":"Fire Breathing","floor":0},{"not_picked":["Consume","Barrage"],"picked":"Hologram","floor":0},{"not_picked":["Hemokinesis","Stack"],"picked":"Go for the Eyes","floor":0},{"not_picked":["Clash","Static Discharge"],"picked":"Wild Strike","floor":0},{"not_picked":["Cold Snap","Rampage"],"picked":"Hologram","floor":0},{"not_picked":["Iron Wave","Stack"],"picked":"Inflame","floor":0},{"not_picked":["Compile Driver","Sword Boomerang"],"picked":"Shrug It Off","floor":0},{"not_picked":["Wild Strike","Hemokinesis"],"picked":"Twin Strike","floor":0},{"not_picked":["Clash","Storm"],"picked":"Seeing Red","floor":0},{"not_picked":["Dropkick","Perfected Strike"],"picked":"Twin Strike","floor":0},{"not_picked":["Stack","Steam Power","Cleave"],"picked":"SKIP","floor":1},{"not_picked":["Anger","Blizzard"],"picked":"Sword Boomerang","floor":4},{"not_picked":["Electrodynamics","Biased Cognition"],"picked":"Juggernaut","floor":6},{"not_picked":["Fission","Amplify","Rainbow"],"picked":"SKIP","floor":8},{"not_picked":["All For One","Brutality"],"picked":"Echo Form","floor":11},{"not_picked":["Clash","Anger"],"picked":"Uppercut","floor":13},{"not_picked":["Biased Cognition","Juggernaut"],"picked":"Exhume","floor":16},{"not_picked":["Barrage","Second Wind"],"picked":"Sweeping Beam","floor":18},{"not_picked":["Pommel Strike+1","Metallicize"],"picked":"Immolate","floor":19},{"not_picked":["Perfected Strike","Heavy Blade"],"picked":"Turbo","floor":21},{"not_picked":["Bludgeon","Fiend Fire"],"picked":"Impervious","floor":23},{"not_picked":["Multi-Cast","Meteor Strike"],"picked":"Offering","floor":25},{"not_picked":["Offering","Double Tap"],"picked":"Immolate","floor":28},{"not_picked":["Impervious","Reboot"],"picked":"Feed","floor":30},{"not_picked":["Streamline+1","Searing Blow"],"picked":"Burning Pact","floor":31},{"not_picked":["Juggernaut","Impervious"],"picked":"Barricade","floor":33},{"not_picked":["Streamline+1","Steam Power+1"],"picked":"Leap+1","floor":35},{"not_picked":["Consume+1","Glacier"],"picked":"Body Slam","floor":39},{"not_picked":["Reaper","Fiend Fire"],"picked":"All For One","floor":40},{"not_picked":["Glacier","Barrage+1"],"picked":"Sentinel","floor":41},{"not_picked":["Biased Cognition","Offering"],"picked":"Corruption","floor":42},{"not_picked":["Feed","Fission","Electrodynamics"],"picked":"Core Surge","floor":44},{"not_picked":["Pummel","Headbutt+1","Thunderclap"],"picked":"Whirlwind+1","floor":45},{"not_picked":["Fission","Corruption","Core Surge"],"picked":"Impervious","floor":47},{"not_picked":["Enlightenment","HandOfGreed","Jack Of All Trades"],"picked":"Mind Blast","floor":48},{"not_picked":["Trip","Good Instincts","Swift Strike"],"picked":"Dark Shackles","floor":48}],"player_experience":1515592,"relics_obtained":[{"floor":5,"key":"Mango"},{"floor":6,"key":"TungstenRod"},{"floor":9,"key":"Eternal Feather"},{"floor":11,"key":"War Paint"},{"floor":20,"key":"Nilry\u0027s Codex"},{"floor":21,"key":"Red Mask"},{"floor":23,"key":"Vajra"},{"floor":23,"key":"Kunai"},{"floor":25,"key":"MealTicket"},{"floor":25,"key":"FossilizedHelix"},{"floor":26,"key":"Self Forming Clay"},{"floor":28,"key":"Regal Pillow"},{"floor":28,"key":"Gambling Chip"},{"floor":30,"key":"Anchor"},{"floor":30,"key":"Bronze Scales"},{"floor":40,"key":"Lantern"},{"floor":40,"key":"Dream Catcher"},{"floor":42,"key":"Question Card"},{"floor":42,"key":"Ice Cream"},{"floor":43,"key":"Bottled Lightning"},{"floor":44,"key":"Bottled Tornado"},{"floor":44,"key":"Strawberry"},{"floor":47,"key":"Mummified Hand"},{"floor":47,"key":"Pocketwatch"}],"event_choices":[{"damage_healed":0,"gold_gain":0,"player_choice":"Grow","damage_taken":0,"max_hp_gain":0,"max_hp_loss":0,"event_name":"Living Wall","floor":2,"gold_loss":0,"cards_upgraded":["Inflame"]},{"damage_healed":0,"gold_gain":0,"player_choice":"Success","damage_taken":33,"relics_obtained":["Dead Branch"],"max_hp_gain":0,"max_hp_loss":0,"event_name":"Scrap Ooze","floor":7,"gold_loss":0},{"damage_healed":0,"gold_gain":0,"player_choice":"Obtained Book","damage_taken":16,"max_hp_gain":0,"max_hp_loss":0,"event_name":"Cursed Tome","floor":20,"gold_loss":0},{"damage_healed":0,"gold_gain":0,"player_choice":"Fought Bandits","damage_taken":0,"max_hp_gain":0,"max_hp_loss":0,"event_name":"Masked Bandits","floor":21,"gold_loss":0},{"damage_healed":0,"gold_gain":0,"player_choice":"Inject Mutagens","damage_taken":0,"relics_obtained":["MutagenicStrength"],"max_hp_gain":0,"max_hp_loss":0,"event_name":"Drug Dealer","floor":24,"gold_loss":0},{"damage_healed":0,"gold_gain":0,"player_choice":"Ignored","damage_taken":0,"max_hp_gain":0,"max_hp_loss":0,"event_name":"SecretPortal","floor":37,"gold_loss":0},{"damage_healed":0,"gold_gain":0,"player_choice":"Ignored","damage_taken":0,"max_hp_gain":0,"max_hp_loss":0,"event_name":"Tomb of Lord Red Mask","floor":46,"gold_loss":0},{"damage_healed":0,"gold_gain":0,"player_choice":"Memory 3","damage_taken":10,"max_hp_gain":0,"max_hp_loss":0,"event_name":"SensoryStone","floor":48,"gold_loss":0}],"is_beta":false,"boss_relics":[{"not_picked":["Black Blood","Runic Pyramid"],"picked":"Black Star"},{"not_picked":["Cursed Key","Runic Cube"],"picked":"Snecko Eye"}],"items_purged_floors":[],"is_endless":false,"potions_floor_spawned":[1,8,13,16,18,21,23,31,35,42,44,45,47],"ascension_level":0}}