{"host":"rvofswtrkybk7ok8","time":1613999126,"event":{"mods":["ATMod(°¢èªMod)","BaseMod","Card Filter","Colored Map","Minty Spire (QoL Compilation)","MostiFishMod","Quick Restart","StSLib"],"gold_per_floor":[116,132,57,74,74,108,183,12,60,110,110,220,258,318,318,415,415,450,450,450,112,177,177,235,150,150,50,152,152,152],"floor_reached":29,"language":"ZHS","playtime":831,"items_purged":["Strike_B","Self Repair"],"score":788,"play_id":"7aba8a06-41bc-44d3-b033-59a577639069","local_time":"20210222210526","is_ascension_mode":true,"campfire_choices":[{"data":"Coolheaded","floor":11,"key":"SMITH"},{"data":"MostiFishMod:StarOceanB","floor":15,"key":"SMITH"},{"data":"AT_WaterDrop","floor":23,"key":"SMITH"}],"circlet_count":0,"master_deck":["AscendersBane","Strike_B+1","Strike_B","Strike_B","Defend_B","Defend_B","Defend_B","Defend_B","Zap+1","Dualcast","AT_OneInchPunch+1","Ball Lightning","Sweeping Beam","Turbo+1","Coolheaded+1","Cold Snap","MostiFishMod:StarOceanB+1","AT_WaterDrop+1","Leap","Ball Lightning","AT_RightCognition"],"relics":["Cracked Core","AT_ATBox","DaveBox","PatriotShield","SynthV:TestCard","PreservedInsect","Bottled Lightning","MostiFishMod:AdaptiveDefenses","AT_MibuBalloonWealth","StrikeDummy","Whetstone","OneHitWonderSystem","War Paint","Civilization","AT_BladeRuinedKing","Shuriken","AT_ArchangelStaff","AT_ImmortalShieldbow"],"acts_visited":["Exordium","TheCity"],"potions_floor_usage":[],"damage_taken":[{"damage":0,"enemies":"2 Louse","floor":1,"turns":2},{"damage":0,"enemies":"Jaw Worm","floor":2,"turns":1},{"damage":0,"enemies":"Cultist","floor":4,"turns":1},{"damage":0,"enemies":"3 Sentries","floor":6,"turns":3},{"damage":0,"enemies":"Lagavulin","floor":10,"turns":2},{"damage":0,"enemies":"3 Sentries","floor":12,"turns":2},{"damage":0,"enemies":"Looter","floor":13,"turns":1},{"damage":2,"enemies":"Exordium Wildlife","floor":14,"turns":3},{"damage":16,"enemies":"The Guardian","floor":16,"turns":7},{"damage":0,"enemies":"Spheric Guardian","floor":18,"turns":1},{"damage":0,"enemies":"2 Thieves","floor":22,"turns":1},{"damage":0,"enemies":"Book of Stabbing","floor":24,"turns":1},{"damage":0,"enemies":"Gremlin Leader","floor":28,"turns":2}],"seed_played":"-5665718998795453593","potions_obtained":[{"floor":4,"key":"FearPotion"},{"floor":12,"key":"Fire Potion"},{"floor":24,"key":"Swift Potion"}],"is_trial":false,"path_per_floor":["M","M","$","M","?","E","?","$","T","E","R","E","M","M","R","B",null,"M","?","?","$","M","R","E","?","T","$","E","?"],"character_chosen":"DEFECT","items_purchased":["MostiFishMod:AdaptiveDefenses","Civilization","AT_BladeRuinedKing"],"campfire_rested":0,"item_purchase_floors":[8,21,21],"current_hp_per_floor":[64,64,64,64,38,45,34,34,34,34,34,41,41,46,46,37,1,1,1,1,1,3,1,4,1,1,1,5,0,0],"gold":152,"neow_bonus":"THREE_CARDS","is_daily":false,"chose_seed":false,"campfire_upgraded":3,"win_rate":0.0,"timestamp":1613999126,"path_taken":["M","M","$","M","?","E","?","$","T","E","R","E","M","M","R","BOSS","M","?","?","$","?","R","E","?","T","?","E","?"],"items_purchased_type":["Relic","Relic","Relic"],"build_version":"2020-12-22","purchased_purges":2,"victory":false,"max_hp_per_floor":[71,71,71,71,71,71,71,71,71,71,71,71,71,71,71,71,1,1,1,1,1,3,1,4,1,1,1,5,1,1],"card_choices":[{"not_picked":["Compile Driver","Beam Cell"],"picked":"Ball Lightning","floor":0},{"not_picked":["Stack","Barrage"],"picked":"Sweeping Beam","floor":1},{"not_picked":["MostiFishMod:IceShield","MostiFishMod:ReprogramOld","Go for the Eyes","Compile Driver"],"picked":"Self Repair","floor":2},{"not_picked":["Tempest","Hologram","White Noise","Reinforced Body"],"picked":"Turbo","floor":4},{"not_picked":["MostiFishMod:PushDownKick","Undo","Genetic Algorithm","Sweeping Beam"],"picked":"Coolheaded","floor":6},{"not_picked":["Amplify","Double Energy","MostiFishMod:PushDownKick","Aggregate","Turbo"],"picked":"SKIP","floor":10},{"not_picked":["Conserve Battery","AT_HeatAcrobatics","AT_WarpDrive","Leap","MostiFishMod:IceShield"],"picked":"SKIP","floor":12},{"not_picked":["Compile Driver","Blizzard","Double Energy","AT_StudyProgram"],"picked":"Cold Snap","floor":13},{"not_picked":["Barrage","Steam","Conserve Battery","Tempest"],"picked":"MostiFishMod:StarOceanB","floor":14},{"not_picked":["All For One","Multi-Cast","Meteor Strike","MostiFishMod:DeathFromBelow"],"picked":"AT_WaterDrop","floor":16},{"not_picked":["Rebound","Darkness","Coolheaded","Streamline"],"picked":"Leap","floor":18},{"not_picked":["Reprogram","Static Discharge","MostiFishMod:LinkProtocol","Hello World+1","Force Field"],"picked":"SKIP","floor":22},{"not_picked":["Go for the Eyes","AT_StudyProgram","Cold Snap+1","Coolheaded"],"picked":"Ball Lightning","floor":24},{"not_picked":["Coolheaded","Sweeping Beam","AT_HeatAcrobatics","Reprogram"],"picked":"AT_RightCognition","floor":28}],"player_experience":654159,"relics_obtained":[{"floor":1,"key":"SynthV:TestCard"},{"floor":6,"key":"Bottled Lightning"},{"floor":9,"key":"AT_MibuBalloonWealth"},{"floor":10,"key":"StrikeDummy"},{"floor":12,"key":"Whetstone"},{"floor":24,"key":"Shuriken"},{"floor":28,"key":"AT_ImmortalShieldbow"}],"event_choices":[{"damage_healed":0,"gold_gain":0,"player_choice":"Success","damage_taken":26,"relics_obtained":["PreservedInsect"],"max_hp_gain":0,"max_hp_loss":0,"event_name":"Scrap Ooze","floor":5,"gold_loss":0},{"damage_healed":0,"gold_gain":75,"player_choice":"Gather Gold","damage_taken":11,"max_hp_gain":0,"max_hp_loss":0,"event_name":"World of Goop","floor":7,"gold_loss":0},{"damage_healed":0,"gold_gain":0,"player_choice":"Ignored","damage_taken":0,"max_hp_gain":0,"max_hp_loss":0,"event_name":"Vampires","floor":19,"gold_loss":0},{"damage_healed":0,"gold_gain":0,"player_choice":"Gave Potion","damage_taken":0,"relics_obtained":["War Paint"],"max_hp_gain":0,"max_hp_loss":0,"event_name":"WeMeetAgain","floor":20,"gold_loss":0},{"damage_healed":0,"gold_gain":0,"player_choice":"Obtained Relic","damage_taken":0,"relics_obtained":["AT_ArchangelStaff"],"max_hp_gain":0,"max_hp_loss":0,"event_name":"Addict","floor":25,"gold_loss":85}],"is_beta":false,"boss_relics":[{"not_picked":["ExusiaiGun","SacredBark"],"picked":"OneHitWonderSystem"}],"items_purged_floors":[3,27],"is_endless":false,"potions_floor_spawned":[4,12,13,16,24],"ascension_level":19}}