{"host":"ow66nzv2xecjoor3","time":1613967625,"event":{"mods":["BaseMod","Bestiary","Block Reminder","Colored Powertips","Curses Come First","Highlight Path","Keyboard Shortcuts","Minty Spire (QoL Compilation)","Permanent Neow","Relic Stats","StSLib","UnlockEverythingMod"],"gold_per_floor":[112,123,123,134,145,174,190,61,116,134,57,88,104,117,117,194,194,210,184,24,24,41,41,66,78,78,108,23,48,59,73,73,146,146,163,163,177,202,218,246,246,276,276,286,313,324,60,60,60,60,60],"floor_reached":50,"language":"ENG","playtime":3406,"items_purged":["Strike_G"],"score":1251,"play_id":"47338cda-7aee-4117-92af-c1c4e7c3c2ff","local_time":"20210221222025","is_ascension_mode":true,"campfire_choices":[{"floor":15.0,"key":"REST"},{"data":"Wraith Form v2","floor":23.0,"key":"SMITH"},{"data":"Footwork","floor":32.0,"key":"SMITH"},{"data":"Prepared","floor":41.0,"key":"SMITH"},{"floor":49,"key":"RECALL"}],"circlet_count":0,"master_deck":["AscendersBane","Strike_G+1","Defend_G+1","Defend_G+1","Defend_G+1","Defend_G+1","Defend_G+1","Survivor","Neutralize","Deadly Poison","Dagger Throw","Skewer","Footwork+1","All Out Attack","Blade Dance","Prepared+1","Wraith Form v2+1","Footwork","Adrenaline+1","Dodge and Roll+1","Venomology+1","Flying Knee+1","Bouncing Flask+1","Setup+1","Concentrate+1","Reflex+1","Leg Sweep+1","Blur+1","Outmaneuver+1","Terror+1","Burst+1","Backflip+1","Dodge and Roll+1","Concentrate+1","Dodge and Roll+1","Tools of the Trade","Expertise+1","Bandage Up+1"],"relics":["Ring of the Snake","StoneCalendar","Bag of Preparation","Toxic Egg 2","Empty Cage","ClockworkSouvenir","MealTicket","Pen Nib","Tough Bandages","Red Mask","Cursed Key","Tingsha","Boot","The Courier","InkBottle","Incense Burner"],"acts_visited":["Exordium","TheCity","TheBeyond"],"potions_floor_usage":[44,45,46,50,50],"damage_taken":[{"damage":0.0,"enemies":"Jaw Worm","floor":1.0,"turns":5.0},{"damage":4.0,"enemies":"Small Slimes","floor":2.0,"turns":5.0},{"damage":0.0,"enemies":"2 Louse","floor":4.0,"turns":3.0},{"damage":10.0,"enemies":"Blue Slaver","floor":5.0,"turns":5.0},{"damage":30.0,"enemies":"Gremlin Nob","floor":6.0,"turns":4.0},{"damage":2.0,"enemies":"Large Slime","floor":7.0,"turns":6.0},{"damage":0.0,"enemies":"2 Fungi Beasts","floor":10.0,"turns":4.0},{"damage":9.0,"enemies":"Lagavulin","floor":12.0,"turns":7.0},{"damage":0.0,"enemies":"Blue Slaver","floor":13.0,"turns":5.0},{"damage":2.0,"enemies":"Large Slime","floor":14.0,"turns":6.0},{"damage":2.0,"enemies":"The Guardian","floor":16.0,"turns":12.0},{"damage":7.0,"enemies":"Shell Parasite","floor":18.0,"turns":7.0},{"damage":7.0,"enemies":"2 Thieves","floor":19.0,"turns":5.0},{"damage":0.0,"enemies":"Snake Plant","floor":22.0,"turns":4.0},{"damage":12.0,"enemies":"Gremlin Leader","floor":24.0,"turns":7.0},{"damage":2.0,"enemies":"Centurion and Healer","floor":25.0,"turns":7.0},{"damage":2.0,"enemies":"Book of Stabbing","floor":27.0,"turns":6.0},{"damage":0.0,"enemies":"Masked Bandits","floor":29.0,"turns":4.0},{"damage":0.0,"enemies":"Shelled Parasite and Fungi","floor":30.0,"turns":7.0},{"damage":0.0,"enemies":"Cultist and Chosen","floor":31.0,"turns":7.0},{"damage":19.0,"enemies":"Champ","floor":33.0,"turns":15.0},{"damage":0.0,"enemies":"Orb Walker","floor":35.0,"turns":3.0},{"damage":0.0,"enemies":"3 Shapes","floor":37.0,"turns":6.0},{"damage":0.0,"enemies":"Mind Bloom Boss Battle","floor":38.0,"turns":7.0},{"damage":1.0,"enemies":"3 Darklings","floor":39.0,"turns":7.0},{"damage":0.0,"enemies":"Nemesis","floor":40.0,"turns":9.0},{"damage":18.0,"enemies":"Reptomancer","floor":42.0,"turns":9.0},{"damage":1,"enemies":"Transient","floor":44,"turns":6},{"damage":13,"enemies":"Nemesis","floor":45,"turns":7},{"damage":0,"enemies":"Jaw Worm Horde","floor":46,"turns":5},{"damage":41,"enemies":"Donu and Deca","floor":50,"turns":19}],"seed_played":"-1116354194289242404","potions_obtained":[{"floor":0.0,"key":"PowerPotion"},{"floor":0.0,"key":"AttackPotion"},{"floor":6.0,"key":"Explosive Potion"},{"floor":13.0,"key":"SpeedPotion"},{"floor":14.0,"key":"SkillPotion"},{"floor":16.0,"key":"LiquidMemories"},{"floor":19.0,"key":"EssenceOfSteel"},{"floor":24.0,"key":"EssenceOfSteel"},{"floor":25.0,"key":"PowerPotion"},{"floor":33.0,"key":"CultistPotion"}],"is_trial":false,"path_per_floor":["M","M","?","M","M","E","M","$","T","M","$","E","M","M","R","B",null,"M","M","$","?","M","R","E","M","T","E","?","?","M","M","R","B",null,"M","?","M","?","M","E","R","E","T","M","E","M","$","?","R","B"],"character_chosen":"THE_SILENT","items_purchased":["Energy Potion","Wraith Form v2","ClockworkSouvenir","Incense Burner"],"campfire_rested":1,"item_purchase_floors":[8,11,20,47],"current_hp_per_floor":[59,55,55,55,45,15,13,13,13,13,13,4,4,2,21,19,54,47,40,40,40,40,40,28,26,26,24,24,24,24,24,24,5,51,51,51,51,51,50,50,50,32,32,31,18,18,33,33,33,0,0],"gold":60,"neow_bonus":"THREE_SMALL_POTIONS","is_daily":false,"chose_seed":false,"campfire_upgraded":3,"win_rate":0.0,"timestamp":1613967625,"path_taken":["M","M","?","M","M","E","M","$","T","M","$","E","M","M","R","BOSS","M","M","$","?","M","R","E","M","T","E","?","?","M","M","R","BOSS","M","?","M","?","M","E","R","E","T","M","E","M","$","?","R","BOSS"],"items_purchased_type":["Potion","Card","Relic","Relic"],"build_version":"2020-12-22","purchased_purges":1,"victory":false,"max_hp_per_floor":[66,66,66,66,66,66,66,66,66,66,66,66,66,66,66,66,66,66,66,66,66,66,66,66,66,66,66,66,66,66,66,66,66,66,66,66,66,66,66,66,66,66,66,66,66,66,66,66,66,66,66],"relic_stats":{"Tough Bandages":[387],"counters":[31,209],"StoneCalendar":[611],"MealTicket":15,"Tingsha":[144],"Pen Nib":[14],"Bag of Preparation":[50],"Cursed Key":0,"Boot":[25],"obtain_stats":[{"StoneCalendar":6,"Tingsha":38,"Pen Nib":27,"The Courier":42,"Bag of Preparation":9,"Incense Burner":47,"Empty Cage":17,"Cursed Key":34,"Boot":40,"ClockworkSouvenir":20,"Tough Bandages":28,"MealTicket":24,"Red Mask":29,"Toxic Egg 2":12,"InkBottle":45,"Ring of the Snake":0},{"StoneCalendar":5,"Tingsha":24,"Pen Nib":17,"The Courier":27,"Bag of Preparation":6,"Incense Burner":30,"Empty Cage":11,"Cursed Key":21,"Boot":26,"ClockworkSouvenir":13,"Tough Bandages":17,"MealTicket":15,"Red Mask":18,"Toxic Egg 2":8,"InkBottle":29,"Ring of the Snake":0},{"StoneCalendar":22,"Tingsha":147,"Pen Nib":98,"The Courier":172,"Bag of Preparation":28,"Incense Burner":190,"Empty Cage":62,"Cursed Key":131,"Boot":163,"ClockworkSouvenir":74,"Tough Bandages":98,"MealTicket":85,"Red Mask":102,"Toxic Egg 2":39,"InkBottle":185,"Ring of the Snake":0}],"InkBottle":[13],"Ring of the Snake":[62]},"card_choices":[{"not_picked":["Dagger Spray","Well Laid Plans"],"picked":"Deadly Poison","floor":1.0},{"not_picked":["Calculated Gamble","Slice"],"picked":"Dagger Throw","floor":2.0},{"not_picked":["Catalyst","Escape Plan"],"picked":"Footwork","floor":4.0},{"not_picked":["Dodge and Roll","Escape Plan"],"picked":"All Out Attack","floor":5.0},{"not_picked":["Flying Knee","Prepared"],"picked":"Blade Dance","floor":6.0},{"not_picked":["Quick Slash","Prepared","Choke"],"picked":"SKIP","floor":7.0},{"not_picked":["Underhanded Strike","Slice"],"picked":"Prepared","floor":10.0},{"not_picked":["Predator","Flying Knee"],"picked":"Footwork","floor":12.0},{"not_picked":["Skewer","Deadly Poison+1"],"picked":"Adrenaline+1","floor":13.0},{"not_picked":["Bane","Deflect+1"],"picked":"Dodge and Roll+1","floor":14.0},{"not_picked":["Die Die Die","Grand Finale"],"picked":"Venomology+1","floor":16.0},{"not_picked":["Underhanded Strike+1","Tactician+1"],"picked":"Flying Knee+1","floor":18.0},{"not_picked":["Outmaneuver+1","Footwork"],"picked":"Bouncing Flask+1","floor":19.0},{"not_picked":["Slice","Prepared+1"],"picked":"Setup+1","floor":22.0},{"not_picked":["Heel Hook","Blade Dance+1"],"picked":"Concentrate+1","floor":24.0},{"not_picked":["Deadly Poison+1","Bouncing Flask+1"],"picked":"Reflex+1","floor":25.0},{"not_picked":["Terror+1","Dash"],"picked":"Leg Sweep+1","floor":27.0},{"not_picked":["Poisoned Stab","Flying Knee"],"picked":"Blur+1","floor":29.0},{"not_picked":["Eviscerate","Infinite Blades"],"picked":"Outmaneuver+1","floor":30.0},{"not_picked":["Flying Knee","Blade Dance+1"],"picked":"Terror+1","floor":31.0},{"not_picked":["Envenom","Doppelganger+1"],"picked":"Burst+1","floor":33.0},{"not_picked":["Deadly Poison+1","Bane+1","Flying Knee"],"picked":"SKIP","floor":35.0},{"not_picked":["Backstab+1","Sucker Punch"],"picked":"Backflip+1","floor":37.0},{"not_picked":["Flechettes","Cloak And Dagger+1"],"picked":"Dodge and Roll+1","floor":38.0},{"not_picked":["Dagger Spray","Sucker Punch+1"],"picked":"Concentrate+1","floor":39.0},{"not_picked":["Unload","Finisher"],"picked":"Dodge and Roll+1","floor":40.0},{"not_picked":["Masterful Stab","PiercingWail+1"],"picked":"Tools of the Trade","floor":42.0},{"not_picked":["Blade Dance+1","Bane","Quick Slash"],"picked":"SKIP","floor":44},{"not_picked":["Quick Slash","Underhanded Strike"],"picked":"Expertise+1","floor":45},{"not_picked":["Dagger Spray+1","Flechettes","Outmaneuver+1"],"picked":"SKIP","floor":46},{"not_picked":["Trip+1","Forethought+1"],"picked":"Bandage Up+1","floor":48}],"player_experience":2934964,"relics_obtained":[{"floor":6.0,"key":"StoneCalendar"},{"floor":9.0,"key":"Bag of Preparation"},{"floor":12.0,"key":"Toxic Egg 2"},{"floor":24.0,"key":"MealTicket"},{"floor":27.0,"key":"Pen Nib"},{"floor":29.0,"key":"Red Mask"},{"floor":38.0,"key":"Tingsha"},{"floor":40.0,"key":"Boot"},{"floor":42.0,"key":"The Courier"},{"floor":45,"key":"InkBottle"}],"event_choices":[{"damage_healed":0.0,"max_hp_gain":0.0,"max_hp_loss":0.0,"gold_gain":0.0,"cards_transformed":["Strike_G"],"event_name":"Living Wall","player_choice":"Change","floor":3.0,"gold_loss":0.0,"damage_taken":0.0,"cards_obtained":["Skewer"]},{"damage_healed":0.0,"max_hp_gain":0.0,"max_hp_loss":0.0,"gold_gain":0.0,"event_name":"Back to Basics","player_choice":"Simplicity","floor":21.0,"gold_loss":0.0,"damage_taken":0.0,"cards_upgraded":["Strike_G","Defend_G","Defend_G","Defend_G","Defend_G","Defend_G"]},{"damage_healed":0.0,"max_hp_gain":0.0,"max_hp_loss":0.0,"gold_gain":0.0,"event_name":"Addict","player_choice":"Obtained Relic","floor":28.0,"gold_loss":85.0,"damage_taken":0.0,"relics_obtained":["Tough Bandages"]},{"damage_healed":0.0,"max_hp_gain":0.0,"max_hp_loss":0.0,"gold_gain":0.0,"event_name":"Masked Bandits","player_choice":"Fought Bandits","floor":29.0,"gold_loss":0.0,"damage_taken":0.0},{"damage_healed":0.0,"max_hp_gain":0.0,"max_hp_loss":0.0,"gold_gain":0.0,"event_name":"Mysterious Sphere","player_choice":"Ignored","floor":36.0,"gold_loss":0.0,"damage_taken":0.0},{"damage_healed":0.0,"max_hp_gain":0.0,"max_hp_loss":0.0,"gold_gain":0.0,"event_name":"MindBloom","player_choice":"Fight","floor":38.0,"gold_loss":0.0,"damage_taken":0.0},{"damage_healed":0,"gold_gain":0,"player_choice":"Memory 1","damage_taken":0,"max_hp_gain":0,"max_hp_loss":0,"event_name":"SensoryStone","floor":48,"gold_loss":0}],"is_beta":false,"boss_relics":[{"not_picked":["Ring of the Serpent","Tiny House"],"picked":"Empty Cage"},{"not_picked":["Busted Crown","WristBlade"],"picked":"Cursed Key"}],"items_purged_floors":[8],"is_endless":false,"potions_floor_spawned":[6,10,13,14,16,19,24,25,33,39,40,42,44],"killed_by":"Donu and Deca","ascension_level":20}}