{"host":"3asmp5aovk69ekg9","time":1613972784,"event":{"mods":["100% Spire Juice","BaseMod","BetterRewards","Colored Map","Colored Powertips","Dark Map","Hermit","Koishi","Magitek Elite","Minty Spire (QoL Compilation)","Permanent Neow","Remove Card Discount Mod","Shade Mod","StSLib","The Alterego","The Cursed","The Death Knight","The Fake Hero","The IronCluck","The Marked","The Senshi","The Wild Card","TheSurvivalist"],"gold_per_floor":[129,164,173,204,202,238,238,82,136,136,168,202,243,275,275,383,383,420,420,458,483,483,514,542,586,586,617,645,645,0,25,25,137,137,162,521,521,534,563,563,590,590,616,634,672,672,711,739,739,739,739,739,536,571,571],"floor_reached":56,"language":"ENG","playtime":8904,"items_purged":["Moonworks:Defend","Moonworks:Defend","Moonworks:Defend","Moonworks:Strike","Moonworks:Strike","Moonworks:Strike","Moonworks:Strike","Moonworks:LongDistanceShot","Moonworks:LulusLuckyEgg","Moonworks:NicePresent","Moonworks:DeployBits","Moonworks:DeployBits","Moonworks:DeployBits","Moonworks:FinalSurgery","Moonworks:Ambush"],"score":2133,"play_id":"ce539f96-de86-4a2a-9ff9-4976c26598ba","local_time":"20210221214624","is_ascension_mode":true,"campfire_choices":[{"data":"Moonworks:x16BigRocket","floor":7.0,"key":"SMITH"},{"data":"Moonworks:x16BigRocket+1","floor":10.0,"key":"SMITH"},{"data":"Moonworks:x16BigRocket+2","floor":15.0,"key":"SMITH"},{"data":"Moonworks:x16BigRocket+3","floor":29.0,"key":"SMITH"},{"data":"Moonworks:x16BigRocket+4","floor":32.0,"key":"SMITH"},{"data":"Moonworks:x16BigRocket+6","floor":40.0,"key":"SMITH"},{"data":"Moonworks:x16BigRocket+7","floor":42.0,"key":"SMITH"},{"floor":49,"key":"RECALL"},{"data":"Moonworks:x16BigRocket+8","floor":52,"key":"SMITH"}],"circlet_count":0,"master_deck":["Finesse","Finesse","Moonworks:CookingTime","Moonworks:LulusLuckyEgg","Moonworks:x16BigRocket+9","Moonworks:Wanted","Moonworks:SakisCookie","Moonworks:SakisCookie","Moonworks:StiffCrystal","Moonworks:RedAndBlue","Moonworks:MetallicMonocoque+1","Moonworks:NicePresent","Moonworks:NicePresent","Moonworks:CrystalBarrier","Moonworks:Encore","Moonworks:NicePresent","Moonworks:SakisCookie+1","Moonworks:ShieldCounter","Moonworks:SakisCookie+1","Moonworks:StiffCrystal","Moonworks:NicePresent+1","Moonworks:StiffCrystal","Moonworks:Dinner+1","Moonworks:MetallicMonocoque+1","Moonworks:SakisCookie+1","Moonworks:RedAndBlue+1","Moonworks:Dash","Moonworks:SakisCookie","Flash of Steel","Dramatic Entrance","Moonworks:ScrambledEve+1","Moonworks:SakisCookie","Moonworks:WindyEnchantment+1","Moonworks:WindyEnchantment+1"],"relics":["Moonworks:BrokenBomb","Moonworks:Homemark","Prayer Wheel","CeramicFish","Oddly Smooth Stone","Lee\u0027s Waffle","Omamori","Dream Catcher","Membership Card","Ice Cream","Gremlin Horn","Golden_Hairpin","Centennial Puzzle","Torii","Bird Faced Urn","Moonworks:LittleGull","TungstenRod","Bottled Tornado","Runic Dome","Old Coin","Ornamental Fan","Angel_Ring","Nunchaku","theSenshi:SailorFukuRelic","Mythril_Glove","Mercury Hourglass","Sundial"],"acts_visited":["Exordium","TheCity","TheBeyond","TheEnding"],"potions_floor_usage":[55,55],"damage_taken":[{"damage":2.0,"enemies":"2 Louse","floor":1.0,"turns":3.0},{"damage":0.0,"enemies":"Cultist","floor":2.0,"turns":3.0},{"damage":12.0,"enemies":"Jaw Worm","floor":4.0,"turns":2.0},{"damage":15.0,"enemies":"Lagavulin","floor":6.0,"turns":9.0},{"damage":16.0,"enemies":"Gremlin Nob","floor":11.0,"turns":4.0},{"damage":7.0,"enemies":"Red Slaver","floor":12.0,"turns":3.0},{"damage":0.0,"enemies":"3 Sentries","floor":13.0,"turns":6.0},{"damage":0.0,"enemies":"2 Fungi Beasts","floor":14.0,"turns":3.0},{"damage":5.0,"enemies":"The Guardian","floor":16.0,"turns":9.0},{"damage":11.0,"enemies":"2 Thieves","floor":18.0,"turns":4.0},{"damage":5.0,"enemies":"Shell Parasite","floor":20.0,"turns":4.0},{"damage":10.0,"enemies":"Shelled Parasite and Fungi","floor":21.0,"turns":5.0},{"damage":0.0,"enemies":"Slavers","floor":23.0,"turns":5.0},{"damage":8.0,"enemies":"Centurion and Healer","floor":24.0,"turns":4.0},{"damage":1.0,"enemies":"Gremlin Leader","floor":25.0,"turns":5.0},{"damage":1.0,"enemies":"Snake Plant","floor":27.0,"turns":4.0},{"damage":0.0,"enemies":"Shelled Parasite and Fungi","floor":28.0,"turns":3.0},{"damage":6.0,"enemies":"Book of Stabbing","floor":31.0,"turns":3.0},{"damage":8.0,"enemies":"Collector","floor":33.0,"turns":7.0},{"damage":0.0,"enemies":"3 Darklings","floor":35.0,"turns":4.0},{"damage":0.0,"enemies":"Mind Bloom Boss Battle","floor":36.0,"turns":4.0},{"damage":2.0,"enemies":"3 Shapes","floor":38.0,"turns":3.0},{"damage":0.0,"enemies":"Jaw Worm Horde","floor":39.0,"turns":4.0},{"damage":0.0,"enemies":"Nemesis","floor":41.0,"turns":5.0},{"damage":0,"enemies":"Giant Head","floor":45,"turns":5},{"damage":0,"enemies":"Nemesis","floor":47,"turns":7},{"damage":0,"enemies":"Spire Growth","floor":48,"turns":4},{"damage":0,"enemies":"Awakened One","floor":50,"turns":6},{"damage":28,"enemies":"Shield and Spear","floor":54,"turns":5},{"damage":6,"enemies":"The Heart","floor":55,"turns":7}],"seed_played":"-1721534012884345621","potions_obtained":[{"floor":4.0,"key":"Explosive Potion"},{"floor":6.0,"key":"Energy Potion"},{"floor":12.0,"key":"EssenceOfSteel"},{"floor":13.0,"key":"PowerPotion"},{"floor":20.0,"key":"Moonworks:OneHundredPercentOrangeJuicePotion"},{"floor":24.0,"key":"Fire Potion"},{"floor":25.0,"key":"DeathKnight:RimePotion"},{"floor":33.0,"key":"LiquidBronze"},{"floor":35.0,"key":"Swift Potion"},{"floor":45,"key":"Block Potion"},{"floor":47,"key":"FearPotion"}],"is_trial":false,"path_per_floor":["M","M","?","M","$","E","R","$","T","R","E","M","E","M","R","B",null,"M","?","M","M","?","E","M","E","T","M","M","R","$","E","R","B",null,"M","?","?","M","M","R","E","R","T","?","E","?","E","M","R","B",null,"R","$","E","B",null],"character_chosen":"THE_STARBREAKER","items_purchased":["Prayer Wheel","Moonworks:LulusLuckyEgg","Finesse","Moonworks:NicePresent","CeramicFish","Oddly Smooth Stone","Lee\u0027s Waffle","Finesse","Moonworks:CookingTime","Moonworks:LulusLuckyEgg","Moonworks:LulusLuckyEgg","Omamori","Membership Card","TungstenRod","Mythril_Glove","Mercury Hourglass"],"campfire_rested":0,"item_purchase_floors":[0,0,0,0,0,0,0,0,0,0,0,0,8,30,53,53],"current_hp_per_floor":[65,65,65,53,53,43,43,43,43,43,27,25,30,33,33,31,67,56,56,54,56,56,65,59,67,67,67,67,67,67,66,66,67,67,67,67,48,67,67,67,67,67,67,58,67,67,67,67,67,67,67,67,67,59,67],"gold":571,"neow_bonus":"","is_daily":false,"chose_seed":false,"campfire_upgraded":8,"win_rate":0.0,"timestamp":1613972784,"path_taken":["M","M","?","M","$","E","R","?","T","R","E","M","E","M","R","BOSS","M","?","M","?","?","E","M","E","T","?","M","R","$","E","R","BOSS","M","?","?","M","M","R","E","R","T","?","E","?","E","M","R","BOSS","R","$","E","BOSS"],"items_purchased_type":["Relic","Card","Card","Card","Relic","Relic","Relic","Card","Card","Card","Card","Relic","Relic","Relic","Relic","Relic"],"build_version":"2020-12-22","purchased_purges":15,"victory":true,"max_hp_per_floor":[67,67,67,67,67,67,67,67,67,67,67,67,67,67,67,67,67,67,67,67,67,67,67,67,67,67,67,67,67,67,67,67,67,67,67,67,67,67,67,67,67,67,67,67,67,67,67,67,67,67,67,67,67,67,67],"card_choices":[{"not_picked":["Moonworks:Assault","Moonworks:Bloodlust"],"picked":"Moonworks:x16BigRocket","floor":1.0},{"not_picked":["Moonworks:MiracleWalker","Moonworks:IndiscriminateFireSupport"],"picked":"Moonworks:LulusLuckyEgg","floor":1.0},{"not_picked":["Moonworks:ImOnFire","Moonworks:EvilSpyWorkPreparation"],"picked":"Moonworks:Wanted","floor":2.0},{"not_picked":["Moonworks:Dinner","Moonworks:Poppoformation"],"picked":"Moonworks:SakisCookie","floor":2.0},{"not_picked":["Moonworks:CloudOfSeagulls","Moonworks:Assault"],"picked":"Moonworks:SakisCookie","floor":4.0},{"not_picked":["Moonworks:LulusLuckyEgg","Moonworks:RagingMadness"],"picked":"Moonworks:StiffCrystal","floor":4.0},{"not_picked":["Moonworks:ImOnFire","Moonworks:CloudOfSeagulls"],"picked":"Moonworks:RedAndBlue","floor":6.0},{"not_picked":["Moonworks:ExtendedPhotonRifle","Moonworks:Assault","Moonworks:MixPhenomenon"],"picked":"SKIP","floor":11.0},{"not_picked":["Moonworks:SakisCookie","Moonworks:Assault"],"picked":"Moonworks:MetallicMonocoque","floor":12.0},{"not_picked":["Moonworks:AwakeningOfTalent","Moonworks:CastOff"],"picked":"Moonworks:DeployBits","floor":12.0},{"not_picked":["Moonworks:BigMagnum","Moonworks:DeployBits"],"picked":"Moonworks:NicePresent","floor":13.0},{"not_picked":["Moonworks:ImOnFire","Moonworks:JonathanRush"],"picked":"Moonworks:NicePresent","floor":14.0},{"not_picked":["Moonworks:EvilSpyWorkPreparation","Moonworks:SakisCookie"],"picked":"Moonworks:CrystalBarrier","floor":14.0},{"not_picked":["Moonworks:LeapThroughSpace","Moonworks:Blazing"],"picked":"Moonworks:Encore","floor":16.0},{"not_picked":["Moonworks:Dash","Moonworks:SelfDestruct"],"picked":"Moonworks:NicePresent","floor":18.0},{"not_picked":["Moonworks:IndiscriminateFireSupport","Moonworks:BigMagnum","Moonworks:JonathanRush"],"picked":"SKIP","floor":18.0},{"not_picked":["Moonworks:Assault","Moonworks:ImOnFire+1"],"picked":"Moonworks:SakisCookie+1","floor":20.0},{"not_picked":["Moonworks:SakisCookie","Moonworks:BeyondHell+1"],"picked":"Moonworks:ShieldCounter","floor":20.0},{"not_picked":["Moonworks:x16BigRocket","Moonworks:DeployBits+1"],"picked":"Moonworks:SakisCookie+1","floor":21.0},{"not_picked":["Moonworks:BigMagnum","Moonworks:FinalSurgery","Moonworks:LulusLuckyEgg"],"picked":"SKIP","floor":21.0},{"not_picked":["Moonworks:CompletionReward+1","Moonworks:LulusLuckyEgg","Moonworks:DeployBits"],"picked":"SKIP","floor":23.0},{"not_picked":["Moonworks:ImOnFire","Moonworks:CloudOfSeagulls"],"picked":"Moonworks:DeployBits","floor":24.0},{"not_picked":["Moonworks:ImOnFire","Moonworks:Accelerator","Moonworks:LulusLuckyEgg+1"],"picked":"SKIP","floor":24.0},{"not_picked":["Moonworks:IntelligenceOfficer","Moonworks:IndiscriminateFireSupport"],"picked":"Moonworks:StiffCrystal","floor":25.0},{"not_picked":["Moonworks:CookingTime","Moonworks:DeployBits+1"],"picked":"Moonworks:NicePresent+1","floor":27.0},{"not_picked":["Moonworks:SelfDestruct","Moonworks:FinalSurgery"],"picked":"Moonworks:StiffCrystal","floor":27.0},{"not_picked":["Moonworks:LulusLuckyEgg","Moonworks:LuckyCharm"],"picked":"Moonworks:Dinner+1","floor":28.0},{"not_picked":["Moonworks:ImmovableObject","Moonworks:SubspaceTunnel"],"picked":"Moonworks:DeployBits","floor":28.0},{"not_picked":["Moonworks:IndiscriminateFireSupport","Moonworks:BigMagnum","Moonworks:FinalBattle"],"picked":"SKIP","floor":31.0},{"not_picked":["Moonworks:CrystalBarrier","Moonworks:PlushieMaster"],"picked":"Moonworks:MetallicMonocoque","floor":33.0},{"not_picked":["Moonworks:BigMagnum+1","Moonworks:EvilSpyWorkPreparation+1"],"picked":"Moonworks:SakisCookie+1","floor":35.0},{"not_picked":["Moonworks:Assault+1","Moonworks:BeyondHell","Moonworks:AngelHand+1"],"picked":"SKIP","floor":35.0},{"not_picked":["Moonworks:Dinner+1","Moonworks:Assault+1"],"picked":"Moonworks:RedAndBlue+1","floor":36.0},{"not_picked":["Moonworks:LulusLuckyEgg","Moonworks:ExtendedPhotonRifle","Moonworks:CloudOfSeagulls+1"],"picked":"SKIP","floor":38.0},{"not_picked":["Moonworks:UnpaidWork+1","Moonworks:TacticalRetreat+1","Moonworks:LuckyCharm"],"picked":"SKIP","floor":38.0},{"not_picked":["Moonworks:Dinner+1","Moonworks:LulusLuckyEgg"],"picked":"Moonworks:Dash","floor":39.0},{"not_picked":["Moonworks:JonathanRush+1","Moonworks:ImOnFire+1"],"picked":"Moonworks:SakisCookie","floor":39.0},{"not_picked":["Moonworks:JonathanRush+1","Moonworks:BigMagnum+1","Moonworks:LulusLuckyEgg"],"picked":"SKIP","floor":41.0},{"not_picked":["PanicButton","Forethought"],"picked":"Flash of Steel","floor":44},{"not_picked":["Thinking Ahead","Chrysalis"],"picked":"Dramatic Entrance","floor":44},{"not_picked":["Moonworks:BigMagnum","Moonworks:NicePresent"],"picked":"Moonworks:ScrambledEve+1","floor":45},{"not_picked":["Moonworks:Heat300Percent","Moonworks:ImOnFire+1"],"picked":"Moonworks:SakisCookie","floor":47},{"not_picked":["Moonworks:IndiscriminateFireSupport+1","Moonworks:x16BigRocket+1"],"picked":"Moonworks:WindyEnchantment+1","floor":48},{"not_picked":["Moonworks:MiracleRedBeanIceCream","Moonworks:CloudOfSeagulls","Moonworks:BackdoorTrade+1"],"picked":"SKIP","floor":48},{"not_picked":["Moonworks:SinkOrSwim","Moonworks:AngelHand+1"],"picked":"Moonworks:WindyEnchantment+1","floor":54}],"player_experience":1337122,"relics_obtained":[{"floor":6.0,"key":"Dream Catcher"},{"floor":11.0,"key":"Ice Cream"},{"floor":13.0,"key":"Gremlin Horn"},{"floor":23.0,"key":"Torii"},{"floor":25.0,"key":"Bird Faced Urn"},{"floor":26.0,"key":"Moonworks:LittleGull"},{"floor":31.0,"key":"Bottled Tornado"},{"floor":36.0,"key":"Old Coin"},{"floor":41.0,"key":"Ornamental Fan"},{"floor":43.0,"key":"Angel_Ring"},{"floor":45,"key":"Nunchaku"},{"floor":47,"key":"theSenshi:SailorFukuRelic"},{"floor":54,"key":"Sundial"}],"event_choices":[{"damage_healed":0.0,"max_hp_gain":0.0,"max_hp_loss":0.0,"gold_gain":0.0,"cards_transformed":["Moonworks:Defend"],"event_name":"Transmorgrifier","player_choice":"Transformed","floor":3.0,"gold_loss":0.0,"damage_taken":0.0,"cards_obtained":["Moonworks:FinalSurgery"]},{"cards_removed":["Moonworks:LulusLuckyEgg"],"damage_healed":0.0,"max_hp_gain":0.0,"max_hp_loss":0.0,"gold_gain":0.0,"event_name":"WeMeetAgain","player_choice":"Gave Card","floor":19.0,"gold_loss":0.0,"damage_taken":0.0,"relics_obtained":["Centennial Puzzle"]},{"cards_removed":["Moonworks:LulusLuckyEgg"],"damage_healed":0.0,"max_hp_gain":0.0,"max_hp_loss":0.0,"gold_gain":0.0,"event_name":"Purifier","player_choice":"Purged","floor":22.0,"gold_loss":0.0,"damage_taken":0.0},{"damage_healed":0.0,"max_hp_gain":0.0,"max_hp_loss":0.0,"gold_gain":0.0,"event_name":"MindBloom","player_choice":"Fight","floor":36.0,"gold_loss":0.0,"damage_taken":0.0},{"damage_healed":0,"gold_gain":0,"player_choice":"Memory 3","damage_taken":10,"max_hp_gain":0,"max_hp_loss":0,"event_name":"SensoryStone","floor":44,"gold_loss":0},{"damage_healed":0,"gold_gain":0,"player_choice":"Ignored","damage_taken":0,"max_hp_gain":0,"max_hp_loss":0,"event_name":"Tomb of Lord Red Mask","floor":46,"gold_loss":0}],"is_beta":false,"boss_relics":[{"not_picked":["Tiny House","Calling Bell"],"picked":"Golden_Hairpin"},{"not_picked":["Pandora\u0027s Box","Gem_Box"],"picked":"Runic Dome"}],"items_purged_floors":[0,0,0,5,8,8,8,8,8,8,30,30,30,30,30],"is_endless":false,"potions_floor_spawned":[4,6,12,13,20,24,25,33,35,45,47,48],"ascension_level":4}}