{"host":"g3js2eermvvpeiqn","time":1613974146,"event":{"mods":["BaseMod","DeckTracker","Downfall","Minty Spire (QoL Compilation)","Quick Restart","StSLib"],"gold_per_floor":[361,122,122,133,150,150,64,64,64,64,78,78,112,12,12,86,86,102,102,117,117,135,135,135,135],"floor_reached":24,"language":"ENG","playtime":1127,"items_purged":["Regret","Strike_P"],"score":388,"play_id":"022ac317-90c2-4ba2-9ddb-d847e2ca67d0","local_time":"20210222000906","is_ascension_mode":true,"campfire_choices":[{"data":"InnerPeace","floor":6.0,"key":"SMITH"},{"data":"WaveOfTheHand","floor":8.0,"key":"SMITH"},{"floor":15.0,"key":"REST"},{"floor":23,"key":"REST"}],"circlet_count":0,"master_deck":["AscendersBane","Strike_P","Strike_P","Strike_P","Defend_P+1","Defend_P","Defend_P","Eruption+1","Vigilance+1","InnerPeace+1","Sanctity","WaveOfTheHand+1","PathToVictory","PathToVictory","DeusExMachina","CurseOfTheBell"],"relics":["PureWater","OrangePellets","Singing Bowl","Akabeko","War Paint","Calling Bell","Pen Nib","Meat on the Bone","Pocketwatch"],"acts_visited":["Exordium","TheCity"],"potions_floor_usage":[],"damage_taken":[{"damage":11.0,"enemies":"Cultist","floor":1.0,"turns":5.0},{"damage":2.0,"enemies":"Jaw Worm","floor":4.0,"turns":5.0},{"damage":9.0,"enemies":"2 Louse","floor":5.0,"turns":3.0},{"damage":1.0,"enemies":"Blue Slaver","floor":11.0,"turns":2.0},{"damage":17.0,"enemies":"Lagavulin","floor":13.0,"turns":6.0},{"damage":5.0,"enemies":"The Guardian","floor":16.0,"turns":7.0},{"damage":23.0,"enemies":"Chosen","floor":18.0,"turns":6.0},{"damage":9.0,"enemies":"3 Byrds","floor":20.0,"turns":7.0},{"damage":16,"enemies":"Snake Plant","floor":22,"turns":4},{"damage":50,"enemies":"Slavers","floor":24,"turns":4}],"seed_played":"2125174650360084915","potions_obtained":[{"floor":1.0,"key":"CultistPotion"},{"floor":5.0,"key":"SkillPotion"},{"floor":13.0,"key":"Block Potion"},{"floor":18.0,"key":"Energy Potion"}],"is_trial":false,"path_per_floor":["M","$","?","M","M","R","$","R","T","?","M","?","E","$","R","B",null,"M","?","M","?","M","R","E"],"character_chosen":"WATCHER","items_purchased":["OrangePellets","WaveOfTheHand"],"campfire_rested":2,"item_purchase_floors":[2,7],"current_hp_per_floor":[50,50,50,48,39,39,39,39,39,34,33,26,9,9,29,24,57,48,48,41,21,19,42,0,0],"gold":135,"neow_bonus":"TWO_FIFTY_GOLD","is_daily":false,"chose_seed":false,"campfire_upgraded":2,"win_rate":0.0,"timestamp":1613974146,"path_taken":["M","?","?","M","M","R","?","R","T","?","?","?","E","$","R","BOSS","M","?","M","?","M","R","E"],"items_purchased_type":["Relic","Card"],"build_version":"2020-12-22","purchased_purges":2,"victory":false,"max_hp_per_floor":[68,68,68,68,68,68,68,68,68,68,68,68,68,68,68,68,68,70,70,72,77,79,79,79,79],"card_choices":[{"not_picked":["EmptyFist","JustLucky"],"picked":"InnerPeace","floor":1.0},{"not_picked":["SashWhip","ThirdEye","JustLucky"],"picked":"SKIP","floor":4.0},{"not_picked":["Collect","Evaluate"],"picked":"Sanctity","floor":5.0},{"not_picked":["CarveReality","Omniscience"],"picked":"PathToVictory","floor":11.0},{"not_picked":["SashWhip","FlurryOfBlows"],"picked":"PathToVictory","floor":13.0},{"not_picked":["Scrawl","Devotion"],"picked":"DeusExMachina","floor":16.0},{"not_picked":["Fasting2","Protect","FlyingSleeves"],"picked":"Singing Bowl","floor":18.0},{"not_picked":["FlurryOfBlows","FlyingSleeves","CutThroughFate"],"picked":"Singing Bowl","floor":20.0},{"not_picked":["Devotion","FearNoEvil","SashWhip"],"picked":"Singing Bowl","floor":22}],"player_experience":1557028,"relics_obtained":[{"floor":9.0,"key":"Singing Bowl"},{"floor":13.0,"key":"War Paint"},{"floor":17.0,"key":"Pen Nib"},{"floor":17.0,"key":"Meat on the Bone"},{"floor":17.0,"key":"Pocketwatch"}],"event_choices":[{"damage_healed":0.0,"max_hp_gain":0.0,"max_hp_loss":0.0,"gold_gain":0.0,"event_name":"Living Wall","player_choice":"Grow","floor":3.0,"gold_loss":0.0,"damage_taken":0.0,"cards_upgraded":["Eruption"]},{"damage_healed":0.0,"max_hp_gain":0.0,"max_hp_loss":0.0,"gold_gain":0.0,"event_name":"Scrap Ooze","player_choice":"Success","floor":10.0,"gold_loss":0.0,"damage_taken":5.0,"relics_obtained":["Akabeko"]},{"cards_removed":["Defend_P"],"damage_healed":0.0,"max_hp_gain":0.0,"max_hp_loss":0.0,"gold_gain":0.0,"event_name":"Golden Wing","player_choice":"Card Removal","floor":12.0,"gold_loss":0.0,"damage_taken":7.0},{"damage_healed":0.0,"max_hp_gain":5.0,"max_hp_loss":0.0,"gold_gain":0.0,"event_name":"Forgotten Altar","player_choice":"Shed Blood","floor":21.0,"gold_loss":0.0,"damage_taken":25.0}],"is_beta":false,"boss_relics":[{"not_picked":["Astrolabe","Snecko Eye"],"picked":"Calling Bell"}],"items_purged_floors":[2,14],"is_endless":false,"potions_floor_spawned":[1,5,13,18],"killed_by":"Slavers","ascension_level":20}}