{"host":"w1l5t0a1l2lkq6my","time":1613979227,"event":{"mods":["100% Spire Juice","Bartender","BaseMod","Better Match","KinomotoSakuraMod(ñÿîVñ{?)","Lobotomy","LobotomyExtend","Magitek Elite","MarisaÅiñ∂âJÅ@ñÇóùçπÅj","Minty Spire (QoL Compilation)","Shapeshifter Mod","StSLib","The Animator","The Gatherer","The Senshi","Yuyuko"],"gold_per_floor":[114,114,189,209,209,243,243,266,317,358,377,400,439,43,43,184,256,276,39,48,57,75,111,111,120,165,218,239,283,283,308,308,454,454,475,498,535,563,600,621,658,688,700,756,801,831,518,539,539,539],"floor_reached":51,"language":"ENG","playtime":4380,"items_purged":["VoidDream"],"score":3448,"play_id":"5f1518a8-8dca-45fd-bfac-cf75e235809f","local_time":"20210222003347","daily_mods":["Vintage","Colorless Cards","Heirloom"],"is_ascension_mode":true,"campfire_choices":[],"circlet_count":0,"master_deck":["SpecialBullet","SpecialBullet","SpecialBullet","SpecialBullet","SpecialBullet","SpecialBullet","SpecialBullet","SpecialBullet","InformationCode","SecurityCode","TrainingCode","SpiderBud","animator:Canti","OldLady","Regret_ego","TodaysExpression+1","WristCuter","TheSmile","ShedSkin","CherryBlossom","J.A.X.","ExtractionCode","WristCuter+1","CUTE","Violence","Adoration","animator:Canti","CentralCode","animator:Zero+1","Enlightenment+1","Apotheosis+1","animator:MamizouFutatsuiwa+1","Madness+1","Madness+1","Soda","Chrysalis+1"],"relics":["CogitoBucket","Shovel","Orichalcum","LetterFromLob","Golden Idol","Pantograph","TungstenRod","CeramicFish","Tiny Chest","Art of War","ChangeAnything","Boot","Ancient Tea Set","Juzu Bracelet","Pen Nib","Medical Kit","Tiny House","Tintinnabulum","Membership Card","Potion Belt","HornCleat","BackwardClock","Lantern","Bottled Tornado","Darkstone Periapt","Mythril_Glove","Dream Catcher","MealTicket","Omamori","LaetitiaHeart","Theresia","AtMidnight","Angel_Ring","theSenshi:MoonKaleidoScopeRelic","theSenshi:SailorFukuRelic","MawBank","Vajra","Toxic Egg 2","Strawberry","Nunchaku","PreservedInsect","Bottled Flame","Question Card","Smiling Mask","InkBottle","Blue Candle"],"acts_visited":["Exordium","TheCity","TheBeyond"],"potions_floor_usage":[10,16,22,28,31,50,50,50,50,50,50,50,50,50,50,50,50,50,50],"damage_taken":[{"damage":11,"enemies":"Jaw Worm","floor":1,"turns":2},{"damage":0,"enemies":"2 Louse","floor":4,"turns":2},{"damage":8,"enemies":"Gremlin Nob","floor":6,"turns":4},{"damage":0,"enemies":"Small Slimes","floor":8,"turns":2},{"damage":16,"enemies":"3 Sentries","floor":10,"turns":6},{"damage":19,"enemies":"Red Slaver","floor":11,"turns":4},{"damage":6,"enemies":"Looter","floor":12,"turns":2},{"damage":22,"enemies":"Lagavulin","floor":13,"turns":5},{"damage":22,"enemies":"Slime Boss","floor":16,"turns":9},{"damage":9,"enemies":"Spheric Guardian","floor":18,"turns":5},{"damage":21,"enemies":"Chosen","floor":22,"turns":10},{"damage":63,"enemies":"Gremlin Leader","floor":23,"turns":7},{"damage":12,"enemies":"Slavers","floor":27,"turns":6},{"damage":0,"enemies":"Snecko","floor":28,"turns":7},{"damage":28,"enemies":"Book of Stabbing","floor":29,"turns":6},{"damage":38,"enemies":"Sentry and Sphere","floor":31,"turns":8},{"damage":10,"enemies":"Champ","floor":33,"turns":10},{"damage":44,"enemies":"3 Darklings","floor":35,"turns":5},{"damage":10,"enemies":"Orb Walker","floor":36,"turns":3},{"damage":35,"enemies":"Jaw Worm Horde","floor":37,"turns":5},{"damage":28,"enemies":"Sphere and 2 Shapes","floor":38,"turns":6},{"damage":4,"enemies":"Transient","floor":39,"turns":5},{"damage":9,"enemies":"Spire Growth","floor":41,"turns":4},{"damage":37,"enemies":"Nemesis","floor":42,"turns":5},{"damage":49,"enemies":"Reptomancer","floor":44,"turns":5},{"damage":23,"enemies":"Sphere and 2 Shapes","floor":45,"turns":6},{"damage":29,"enemies":"Writhing Mass","floor":48,"turns":6},{"damage":64,"enemies":"Awakened One","floor":50,"turns":29},{"damage":40,"enemies":"Malkuth","floor":51,"turns":22},{"damage":34,"enemies":"Yesod","floor":51,"turns":17},{"damage":461,"enemies":"Tiphereth","floor":51,"turns":40}],"seed_played":"-327037835910247868","potions_obtained":[{"floor":1,"key":"CultistPotion"},{"floor":4,"key":"Block Potion"},{"floor":6,"key":"SkillPotion"},{"floor":12,"key":"Fire Potion"},{"floor":17,"key":"LiquidMemories"},{"floor":18,"key":"ColorlessPotion"},{"floor":22,"key":"BlessingOfTheForge"},{"floor":27,"key":"SkillPotion"},{"floor":36,"key":"BlessingOfTheForge"},{"floor":42,"key":"EntropicBrew"},{"floor":44,"key":"FearPotion"}],"is_trial":true,"path_per_floor":["M","?","?","M","?","E","R","M","T","E","M","M","E","$","R","B",null,"M","$","?","?","M","E","T","R","T","E","M","E","M","M","R","B",null,"M","M","M","M","M","R","M","E","T","E","M","?","$","M","R","B",null],"character_chosen":"Angela","items_purchased":["Regret_ego","Pen Nib","Medical Kit","TodaysExpression","WristCuter","Membership Card","CherryBlossom","Potion Belt","Soda","InkBottle","Chrysalis+1","EntropicBrew"],"campfire_rested":0,"item_purchase_floors":[14,14,14,14,14,19,19,19,47,47,47,47],"current_hp_per_floor":[67,50,39,47,47,50,50,61,61,56,48,53,45,45,45,66,75,75,75,75,75,71,54,55,56,57,75,75,51,52,61,62,75,75,60,75,72,75,82,82,82,82,82,82,82,73,82,82,82,82],"gold":539,"neow_bonus":"","is_daily":false,"chose_seed":false,"campfire_upgraded":0,"win_rate":0.0,"timestamp":1613979227,"path_taken":["M","?","?","M","?","E","R","?","T","E","M","M","E","?","R","BOSS","M","$","?","?","M","E","?","R","T","E","M","E","M","M","R","BOSS","M","M","M","M","M","R","M","E","T","E","M","?","$","M","R","BOSS"],"items_purchased_type":["Card","Relic","Relic","Card","Card","Relic","Card","Relic","Card","Relic","Card","Potion"],"build_version":"2020-12-22","purchased_purges":1,"victory":true,"max_hp_per_floor":[70,70,70,70,70,70,70,70,70,70,70,70,70,70,70,70,75,75,75,75,75,75,75,75,75,75,75,75,75,75,75,75,75,75,75,75,75,75,82,82,82,82,82,82,82,82,82,82,82,82],"card_choices":[{"not_picked":["BigBird","Alriune"],"picked":"SpiderBud","floor":1},{"not_picked":["LifeForTheDareDevil"],"picked":"animator:Canti","floor":6},{"not_picked":["Murderer","CherryBlossoms"],"picked":"OldLady","floor":8},{"not_picked":["FrostShard","Lantern"],"picked":"SKIP","floor":10},{"not_picked":["LifeForTheDareDevil","Heaven"],"picked":"SKIP","floor":13},{"not_picked":["QueenBee","Scorched"],"picked":"VoidDream","floor":16},{"not_picked":["animator:KotoriKanbe"],"picked":"TheSmile","floor":16},{"not_picked":["CherryBlossom"],"picked":"ShedSkin","floor":17},{"not_picked":["TodaysExpression","animator:LimeBell"],"picked":"SKIP","floor":23},{"not_picked":["BlueScar+1"],"picked":"WristCuter+1","floor":27},{"not_picked":["Loneliness","Horn"],"picked":"SKIP","floor":27},{"not_picked":["Logging","ShedSkin"],"picked":"SKIP","floor":29},{"not_picked":["BearPaw","animator:NononJakuzure"],"picked":"SKIP","floor":29},{"not_picked":["Tough","Lantern"],"picked":"CUTE","floor":31},{"not_picked":["Magnetism","animator:Emilia"],"picked":"Violence","floor":33},{"not_picked":["TheSmile","Violence"],"picked":"Adoration","floor":33},{"not_picked":["Beak","Horn+1","Tough"],"picked":"SKIP","floor":35},{"not_picked":["Tough+1","Lamp+1"],"picked":"animator:Canti","floor":37},{"not_picked":["BloodyDesire+1","TodaysExpression+1","Lantern+1"],"picked":"SKIP","floor":38},{"not_picked":["RedEyes+1","FourthMatchFlame+1","Wingbeat+1"],"picked":"SKIP","floor":39},{"not_picked":["animator:Kuroyukihime+1","Beak"],"picked":"animator:Zero+1","floor":41},{"not_picked":["Forethought+1","Gaze+1"],"picked":"Enlightenment+1","floor":42},{"not_picked":["Wingbeat+1","Twilight"],"picked":"Apotheosis+1","floor":42},{"not_picked":["Penitence+1","Mind Blast+1","Wingbeat+1"],"picked":"SKIP","floor":44},{"not_picked":["FourthMatchFlame+1","Reverberation+1","FrostShard+1"],"picked":"SKIP","floor":44},{"not_picked":["animator:IchigoKurosaki+1","Deep Breath+1","Wingbeat+1"],"picked":"animator:MamizouFutatsuiwa+1","floor":45},{"not_picked":["TodaysExpression+1","animator:NononJakuzure+1","SomewhereSpear+1","RedEyes+1"],"picked":"SKIP","floor":48}],"player_experience":160858,"relics_obtained":[{"floor":1,"key":"Orichalcum"},{"floor":1,"key":"LetterFromLob"},{"floor":4,"key":"Pantograph"},{"floor":6,"key":"TungstenRod"},{"floor":8,"key":"CeramicFish"},{"floor":9,"key":"Tiny Chest"},{"floor":10,"key":"Art of War"},{"floor":11,"key":"Boot"},{"floor":12,"key":"Ancient Tea Set"},{"floor":13,"key":"Juzu Bracelet"},{"floor":18,"key":"Tintinnabulum"},{"floor":22,"key":"Lantern"},{"floor":23,"key":"Bottled Tornado"},{"floor":24,"key":"Darkstone Periapt"},{"floor":26,"key":"Mythril_Glove"},{"floor":27,"key":"Dream Catcher"},{"floor":28,"key":"MealTicket"},{"floor":29,"key":"Omamori"},{"floor":31,"key":"AtMidnight"},{"floor":31,"key":"Angel_Ring"},{"floor":35,"key":"theSenshi:SailorFukuRelic"},{"floor":36,"key":"MawBank"},{"floor":37,"key":"Vajra"},{"floor":38,"key":"Toxic Egg 2"},{"floor":39,"key":"Strawberry"},{"floor":41,"key":"Nunchaku"},{"floor":42,"key":"PreservedInsect"},{"floor":43,"key":"Bottled Flame"},{"floor":44,"key":"Question Card"},{"floor":45,"key":"Smiling Mask"},{"floor":48,"key":"Blue Candle"}],"event_choices":[{"damage_healed":0,"gold_gain":0,"player_choice":"Take Damage","damage_taken":17,"relics_obtained":["Golden Idol"],"max_hp_gain":0,"max_hp_loss":0,"event_name":"Golden Idol","floor":2,"gold_loss":0},{"damage_healed":0,"gold_gain":75,"player_choice":"Gather Gold","damage_taken":11,"max_hp_gain":0,"max_hp_loss":0,"event_name":"World of Goop","floor":3,"gold_loss":0},{"damage_healed":0,"gold_gain":0,"player_choice":"Obtain J.A.X.","damage_taken":0,"max_hp_gain":0,"max_hp_loss":0,"event_name":"Drug Dealer","floor":20,"gold_loss":0,"cards_obtained":["J.A.X."]},{"damage_healed":0,"gold_gain":0,"player_choice":"Opened","damage_taken":0,"relics_obtained":["HornCleat"],"max_hp_gain":0,"max_hp_loss":0,"event_name":"The Mausoleum","floor":21,"gold_loss":0,"cards_obtained":["Writhe"]},{"damage_healed":0,"gold_gain":0,"player_choice":"Embrace Madness","damage_taken":10,"max_hp_gain":0,"max_hp_loss":0,"event_name":"Winding Halls","floor":46,"gold_loss":0,"cards_obtained":["Madness","Madness"]}],"is_beta":false,"boss_relics":[{"not_picked":["Philosopher\u0027s Stone","Sozu"],"picked":"Tiny House"},{"not_picked":["Velvet Choker","Calling Bell"],"picked":"theSenshi:MoonKaleidoScopeRelic"}],"items_purged_floors":[47],"is_endless":false,"potions_floor_spawned":[1,4,6,12,18,22,27,36,42,44,48],"ascension_level":1}}