{"host":"y2ptgajoxt8nh64w","time":1613993880,"event":{"mods":["100% Spire Juice","AchievementEnabler","Act Like it!","Arknights","BaseMod","Better Vampires","CapriCore","Colored Map","Colored Powertips","Conspire","DeckTracker","Friendly Minions","Gensokyo","GifTheSpireLib","Hallownest","Highlight Path","Koishi","Marisa（F雨　魔理沙）","Minty Spire (QoL Compilation)","Quick Restart","Rare Cards Sparkle","Reimu（博丽灵梦）","Relic Stats","Remilia（蕾米莉亚）","RumiaBox-露米娅的神秘盒子","Ryuuou龙王","StSLib","The Immortal","The Servant 0.9.4","Waifu the Spire","WarShipGirlsR/战舰少女R mod","Wide Potions","Youmu（魂魄妖梦）","【功能Mod】混沌之环修复补丁","【功能Mod】聪明的最终Boss","【遗物卡牌】REMEMod","老伊莉雅"],"gold_per_floor":[109,140,152,152,167,179,210,210,262,282,282,310,327,347,347,448,448,463,452,452,59,69,100,100,19,19,48,48,63,79,98,98,198,198,211,226,91,110,125,151,163,163,163,163,163,173,190,38,38,38,38],"floor_reached":50,"language":"ZHS","playtime":4071,"items_purged":["Pain","rmod:defend"],"score":555,"play_id":"bbca77b3-4317-4a26-b64d-147e890929f7","local_time":"20210222193800","is_ascension_mode":false,"campfire_choices":[{"floor":8.0,"key":"REST"},{"floor":11.0,"key":"REST"},{"floor":15.0,"key":"REST"},{"floor":24.0,"key":"REST"},{"floor":32.0,"key":"REST"},{"floor":42.0,"key":"REST"},{"floor":49.0,"key":"REST"}],"circlet_count":0,"master_deck":["rmod:strick","rmod:strick","rmod:strick","rmod:strick","rmod:defend","rmod:basicallowance+1","rmod:maingunfire","Amplify","rmod:intelligenceanalysis","rmod:maintain","rmod:timeschanged","rmod:luckystar","rmod:unsinkable","rmod:gendarmerie","rmod:rockthrower","rmod:expedition","rmod:sl","rmod:victimresponsibility+1","rmod:saltedfish","rmod:firesupport","rmod:supportaircraftcarrier","rmod:mineteam","rmod:circuitoustactics","rmod:wife","rmod:ridicule","Trip","rmod:timeschanged","rmod:selfconfidence","rmod:secretscript","rmod:acesubmarine","rmod:smokecover+1","rmod:diaomin","Parasite","Master of Strategy"],"relics":["rmod:firstchargereward","REME_ComplimentaryCards","conspire:BottledYoYo","WarpedTongs","Ccalipers","Centennial Puzzle","rmod:extraamm","Black Star","War Paint","Blood Vial","PreservedInsect","GodSword1","PureWhite:ReiMu","Sundial","RedLine:ReiMu","Mercury Hourglass","Happy Flower","Frozen Egg 2"],"acts_visited":["Exordium","TheCity","TheBeyond"],"potions_floor_usage":[50,50],"damage_taken":[{"damage":10.0,"enemies":"2 Louse","floor":1.0,"turns":2.0},{"damage":14.0,"enemies":"conspire:MimicChest","floor":2.0,"turns":6.0},{"damage":5.0,"enemies":"Small Slimes","floor":3.0,"turns":4.0},{"damage":3.0,"enemies":"Jaw Worm","floor":5.0,"turns":3.0},{"damage":23.0,"enemies":"Gremlin Gang","floor":6.0,"turns":4.0},{"damage":26.0,"enemies":"Gremlin Nob","floor":7.0,"turns":4.0},{"damage":7.0,"enemies":"Exordium Thugs","floor":10.0,"turns":3.0},{"damage":12.0,"enemies":"3 Sentries","floor":12.0,"turns":6.0},{"damage":25.0,"enemies":"Lots of Slimes","floor":13.0,"turns":6.0},{"damage":1.0,"enemies":"Large Slime","floor":14.0,"turns":2.0},{"damage":26.0,"enemies":"Hexaghost","floor":16.0,"turns":12.0},{"damage":34.0,"enemies":"conspire:FuzzyDice","floor":18.0,"turns":8.0},{"damage":10.0,"enemies":"2 Thieves","floor":19.0,"turns":5.0},{"damage":15.0,"enemies":"Snecko","floor":22.0,"turns":4.0},{"damage":14.0,"enemies":"REME_1_Revenger","floor":23.0,"turns":4.0},{"damage":0.0,"enemies":"conspire:SneckoGhost","floor":27.0,"turns":2.0},{"damage":0.0,"enemies":"Centurion and Healer","floor":29.0,"turns":4.0},{"damage":6.0,"enemies":"3 Cultists","floor":30.0,"turns":3.0},{"damage":0.0,"enemies":"Snake Plant","floor":31.0,"turns":2.0},{"damage":16.0,"enemies":"Automaton","floor":33.0,"turns":10.0},{"damage":0.0,"enemies":"3 Darklings","floor":35.0,"turns":2.0},{"damage":19.0,"enemies":"Orb Walker","floor":36.0,"turns":3.0},{"damage":25.0,"enemies":"4 Shapes","floor":38.0,"turns":2.0},{"damage":14.0,"enemies":"Sphere and 2 Shapes","floor":39.0,"turns":6.0},{"damage":14.0,"enemies":"Giant Head","floor":40.0,"turns":4.0},{"damage":0.0,"enemies":"Writhing Mass","floor":41.0,"turns":4.0},{"damage":0.0,"enemies":"Spire Growth","floor":46.0,"turns":2.0},{"damage":22.0,"enemies":"4 Shapes","floor":47.0,"turns":2.0},{"damage":159,"enemies":"conspire:OrnateMirror","floor":50,"turns":5}],"seed_played":"2025830447363093708","potions_obtained":[{"floor":2.0,"key":"Strength Potion"},{"floor":12.0,"key":"FearPotion"},{"floor":14.0,"key":"REME_GoldPotion"},{"floor":22.0,"key":"Block Potion"},{"floor":23.0,"key":"GamblersBrew"},{"floor":27.0,"key":"BlessingOfTheForge"},{"floor":33.0,"key":"Ancient Potion"},{"floor":39.0,"key":"GrandPatriotsElixir:ReiMu"},{"floor":40.0,"key":"Swift Potion"}],"is_trial":false,"path_per_floor":["M","?","M","?","M","M","E","R","T","M","R","E","M","M","R","B",null,"M","M","?","$","M","E","R","$","T","E","?","M","M","M","R","B",null,"M","M","$","M","M","E","M","R","T","?","?","M","M","$","R","B"],"character_chosen":"PRAEFECT","items_purchased":["rmod:mineteam","rmod:circuitoustactics","War Paint","EntropicBrew","Trip","rmod:acesubmarine","BlessingOfTheForge"],"campfire_rested":7,"item_purchase_floors":[21,21,21,21,25,37,48],"current_hp_per_floor":[72,58,53,53,50,27,1,25,25,18,42,30,5,4,28,2,82,48,38,38,38,23,9,33,33,33,35,35,37,33,35,59,45,82,82,63,63,40,28,16,18,42,42,42,42,44,24,24,48,0,0],"gold":38,"neow_bonus":"TEN_PERCENT_HP_BONUS","is_daily":false,"chose_seed":false,"campfire_upgraded":0,"win_rate":0.0,"timestamp":1613993880,"path_taken":["M","?","M","?","?","M","E","R","T","M","R","E","M","M","R","BOSS","M","M","?","$","?","E","R","?","T","E","?","M","?","M","R","BOSS","M","M","$","M","?","E","M","R","T","?","?","?","M","?","R","BOSS"],"items_purchased_type":["Card","Card","Relic","Potion","Card","Card","Potion"],"build_version":"2020-12-22","purchased_purges":2,"victory":false,"max_hp_per_floor":[82,82,82,82,82,82,82,82,82,82,82,82,82,82,82,82,82,82,82,82,82,82,82,82,82,82,82,82,82,82,82,82,82,82,82,82,82,82,82,82,82,82,82,82,82,82,82,82,82,82,82],"relic_stats":{"Blood Vial":24,"Centennial Puzzle":[48],"Happy Flower":[4],"counters":[29,124],"Sundial":[2],"PreservedInsect":161,"Black Star":3,"War Paint":["rmod:basicallowance","rmod:victimresponsibility"],"obtain_stats":[{"rmod:extraamm":12,"Happy Flower":40,"PreservedInsect":23,"War Paint":21,"Frozen Egg 2":43,"WarpedTongs":4,"RedLine:ReiMu":34,"Mercury Hourglass":40,"Blood Vial":23,"Centennial Puzzle":9,"PureWhite:ReiMu":27,"Ccalipers":7,"Sundial":27,"rmod:firstchargereward":0,"conspire:BottledYoYo":2,"Black Star":17,"REME_ComplimentaryCards":0,"GodSword1":26},{"rmod:extraamm":8,"Happy Flower":25,"PreservedInsect":15,"War Paint":13,"Frozen Egg 2":26,"WarpedTongs":3,"RedLine:ReiMu":20,"Mercury Hourglass":25,"Blood Vial":15,"Centennial Puzzle":6,"PureWhite:ReiMu":16,"Ccalipers":6,"Sundial":16,"rmod:firstchargereward":0,"conspire:BottledYoYo":2,"Black Star":11,"REME_ComplimentaryCards":0,"GodSword1":15},{"rmod:extraamm":32,"Happy Flower":111,"PreservedInsect":73,"War Paint":65,"Frozen Egg 2":115,"WarpedTongs":12,"RedLine:ReiMu":94,"Mercury Hourglass":111,"Blood Vial":73,"Centennial Puzzle":23,"PureWhite:ReiMu":75,"Ccalipers":23,"Sundial":75,"rmod:firstchargereward":0,"conspire:BottledYoYo":8,"Black Star":52,"REME_ComplimentaryCards":0,"GodSword1":73}],"WarpedTongs":[112],"Mercury Hourglass":[42]},"card_choices":[{"not_picked":["rmod:ammunitionsupply","rmod:tearstotiara"],"picked":"rmod:intelligenceanalysis","floor":1.0},{"not_picked":["rmod:generalist","rmod:aluminumsupply"],"picked":"rmod:maintain","floor":2.0},{"not_picked":["rmod:intelligenceanalysis","rmod:firesupport"],"picked":"rmod:timeschanged","floor":3.0},{"not_picked":["rmod:maintain","rmod:supportescort"],"picked":"rmod:luckystar","floor":5.0},{"not_picked":["rmod:capitalist","rmod:maintain"],"picked":"rmod:unsinkable","floor":6.0},{"not_picked":["rmod:victimresponsibility","rmod:tearstotiara"],"picked":"rmod:gendarmerie","floor":7.0},{"not_picked":["rmod:slowdown","rmod:unsinkable"],"picked":"rmod:rockthrower","floor":10.0},{"not_picked":["rmod:ammunitionsupply","rmod:fletcher"],"picked":"rmod:expedition","floor":12.0},{"not_picked":["rmod:tearstotiara","rmod:unsinkable"],"picked":"rmod:sl","floor":13.0},{"not_picked":["rmod:ammunitionsupply","rmod:aviationdawn"],"picked":"rmod:victimresponsibility","floor":14.0},{"not_picked":["rmod:fletcher","rmod:u235"],"picked":"rmod:saltedfish","floor":16.0},{"not_picked":["rmod:steelsupply","rmod:ring+1"],"picked":"rmod:firesupport","floor":18.0},{"not_picked":["rmod:supportescort","rmod:aggressivemary"],"picked":"rmod:supportaircraftcarrier","floor":19.0},{"not_picked":["rmod:steelsupply+1","rmod:firesupport"],"picked":"rmod:wife","floor":22.0},{"not_picked":["rmod:u235","rmod:victimresponsibility"],"picked":"rmod:ridicule","floor":23.0},{"not_picked":["rmod:diamondstrike","rmod:slowdown+1"],"picked":"rmod:timeschanged","floor":27.0},{"not_picked":["rmod:slowdown","rmod:diamondstrike"],"picked":"rmod:selfconfidence","floor":29.0},{"not_picked":["rmod:gendarmerie","rmod:firesupport","rmod:victimresponsibility"],"picked":"SKIP","floor":30.0},{"not_picked":["rmod:ammunitionsupply","rmod:intelligenceanalysis","rmod:fuelsupply"],"picked":"SKIP","floor":31.0},{"not_picked":["rmod:windflower","rmod:saltedfish"],"picked":"rmod:secretscript","floor":33.0},{"not_picked":["rmod:gendarmerie","rmod:fuelsupply","rmod:capitalist"],"picked":"SKIP","floor":35.0},{"not_picked":["rmod:victimresponsibility+1","rmod:steelsupply","rmod:intelligenceanalysis+1"],"picked":"SKIP","floor":36.0},{"not_picked":["rmod:victimresponsibility+1","rmod:steelsupply","rmod:intelligenceanalysis+1"],"picked":"SKIP","floor":36.0},{"not_picked":["rmod:intelligenceanalysis+1","rmod:fuelsupply+1"],"picked":"rmod:smokecover+1","floor":38.0},{"not_picked":["rmod:circuitoustactics","rmod:victimresponsibility+1"],"picked":"rmod:diaomin","floor":39.0},{"not_picked":["rmod:capitalist","rmod:unsinkable+1","rmod:steelsupply"],"picked":"SKIP","floor":40.0},{"not_picked":["rmod:ammunitionsupply+1","rmod:luckystar+1","rmod:circuitoustactics+1"],"picked":"SKIP","floor":41.0},{"not_picked":["Jack Of All Trades","Madness"],"picked":"Master of Strategy","floor":44.0},{"not_picked":["rmod:victimresponsibility","rmod:heivgo","rmod:aviationdawn"],"picked":"SKIP","floor":46.0},{"not_picked":["rmod:intelligenceanalysis","rmod:spoils","rmod:unsinkable+1"],"picked":"SKIP","floor":47.0}],"player_experience":10471,"relics_obtained":[{"floor":2.0,"key":"conspire:BottledYoYo"},{"floor":7.0,"key":"Ccalipers"},{"floor":9.0,"key":"Centennial Puzzle"},{"floor":12.0,"key":"rmod:extraamm"},{"floor":23.0,"key":"Blood Vial"},{"floor":23.0,"key":"PreservedInsect"},{"floor":26.0,"key":"GodSword1"},{"floor":27.0,"key":"PureWhite:ReiMu"},{"floor":27.0,"key":"Sundial"},{"floor":40.0,"key":"Mercury Hourglass"},{"floor":40.0,"key":"Happy Flower"},{"floor":43.0,"key":"Frozen Egg 2"}],"event_choices":[{"damage_healed":0.0,"max_hp_gain":0.0,"max_hp_loss":0.0,"gold_gain":0.0,"event_name":"Accursed Blacksmith","player_choice":"Rummage","floor":4.0,"gold_loss":0.0,"damage_taken":0.0,"relics_obtained":["WarpedTongs"],"cards_obtained":["Pain"]},{"cards_removed":["rmod:defend"],"damage_healed":0.0,"max_hp_gain":0.0,"max_hp_loss":0.0,"gold_gain":0.0,"event_name":"Purifier","player_choice":"Purged","floor":20.0,"gold_loss":0.0,"damage_taken":0.0},{"cards_removed":["rmod:defend"],"damage_healed":0.0,"max_hp_gain":0.0,"max_hp_loss":0.0,"gold_gain":0.0,"event_name":"Purifier","player_choice":"Purged","floor":28.0,"gold_loss":0.0,"damage_taken":0.0},{"damage_healed":0.0,"max_hp_gain":0.0,"max_hp_loss":0.0,"gold_gain":0.0,"event_name":"SensoryStone","player_choice":"Memory 1","floor":44.0,"gold_loss":0.0,"damage_taken":0.0}],"is_beta":false,"boss_relics":[{"not_picked":["Snecko Eye","Ectoplasm"],"picked":"Black Star"},{"not_picked":["Velvet Choker","Runic Dome"],"picked":"RedLine:ReiMu"}],"items_purged_floors":[21,48],"is_endless":false,"potions_floor_spawned":[2,5,12,14,22,23,27,30,33,35,36,39,40],"killed_by":"conspire:OrnateMirror","ascension_level":0}}