{"host":"qf1g59bnvg2j3poh","time":1613965008,"event":{"mods":["2.2 Compatiblity","Abigail Mod","AchievementEnabler","Act Like it!","Ascension Reborn","Aspiration","Bard","Bartender","BaseMod","BetterRewards","CapriCore","CatGirl Mod","Conspire","Downfall","Elementarium","Energized Spire","Fireblade Mod","GifTheSpireLib","Halation","Hermit","Hero for Fun","Highlight Path","Ironclad Rager","Jorbs\u0027s Wanderer Trilogy","Lobotomy","Minty Spire (QoL Compilation)","QueenMod","Quick Restart","READ ME - Guardian Mod","Reliquary","Replay The Spire","Robot Space Explorer","Shade Mod","Shop Mod","StSLib","Stuff the Spire","The Alterego","The Blackbeard","The Bladedancer","The Blue Laboratory","The Bug Knight","The Construct","The Cursed","The Death Knight","The Dragon Tamer","The Druid","The Exalted","The Forsaken","The Hierophant","The Jungle","The Mystic","The Necromancer","The Poker Player","The Saiyan","The Servant 0.9.4","TheBandit","TheFirefly","TheSwordswoman","TheVacant","The_Crusader"],"gold_per_floor":[19,37,47,47,66,95,106,124,124,141,154,182,201,214,214,313,313,332,348,363,376,376,403,403,421,444,444,444,470,470,481,481,583,583,596,610,621,633,633,662,662,691,691,691,706,723,736,767,767,767,767,767,621,653,653],"floor_reached":56,"language":"ENG","playtime":946,"items_purged":["Strike_Y"],"score":1851,"play_id":"8c555698-b29a-4acf-9abd-8fe441e40793","local_time":"20210221213648","is_ascension_mode":true,"campfire_choices":[{"floor":15,"key":"RECALL"},{"data":"Consecutive_Normal_Punch","floor":24,"key":"SMITH"},{"data":"Strike_Y","floor":28,"key":"SMITH"},{"data":"Strike_Y","floor":30,"key":"SMITH"},{"data":"Strike_Y","floor":32,"key":"SMITH"},{"data":"Consecutive_Normal_Punch+1","floor":49,"key":"SMITH"},{"data":"Strike_Y","floor":52,"key":"SMITH"}],"circlet_count":0,"master_deck":["Strike_Y","Strike_Y+1","Strike_Y+1","Strike_Y+1","Defend_Y","Defend_Y","Defend_Y","Defend_Y","Defend_Y","Toss_Stone+1","Consecutive_Normal_Punch+2","Strike_Y+1"],"relics":["Cape","halation:Trompette","halation:BlackBeret","SlaversCollar","Replay:Ringing Soul","Blood Vial","reliquary:TridentHead","Elementarium:ElementariumTrophy","ChewingGum","StuffTheSpire:CocoNut","Replay:Baseball","StuffTheSpire:PointBlank","conspire:InfiniteJournal","Protect_Vest","Bromod:ArcanePulse"],"acts_visited":["Exordium","Exordium","TheBeyond","TheEnding"],"potions_floor_usage":[],"damage_taken":[{"damage":0,"enemies":"2 Louse","floor":1,"turns":1},{"damage":0,"enemies":"Cultist","floor":2,"turns":1},{"damage":0,"enemies":"conspire:RoseBush","floor":3,"turns":1},{"damage":0,"enemies":"Blue Slaver","floor":5,"turns":1},{"damage":0,"enemies":"3 Sentries","floor":6,"turns":1},{"damage":0,"enemies":"2 Fungi Beasts","floor":7,"turns":1},{"damage":0,"enemies":"3 Louse","floor":8,"turns":1},{"damage":0,"enemies":"conspire:2 RoseBushes","floor":10,"turns":1},{"damage":0,"enemies":"Blue Slaver","floor":11,"turns":1},{"damage":0,"enemies":"Replay:BlueRogue","floor":12,"turns":1},{"damage":0,"enemies":"Exordium Wildlife","floor":13,"turns":1},{"damage":0,"enemies":"conspire:2 RoseBushes","floor":14,"turns":1},{"damage":0,"enemies":"Fading Forest","floor":16,"turns":1},{"damage":0,"enemies":"Elementarium:VoidCorruption","floor":18,"turns":1},{"damage":0,"enemies":"Elementarium:Cyclone","floor":19,"turns":1},{"damage":0,"enemies":"Elementarium:VOID_CORRUPTION_AND_ORB_OF_FIRE","floor":20,"turns":1},{"damage":0,"enemies":"Elementarium:VoidBeast","floor":21,"turns":1},{"damage":0,"enemies":"Elementarium:ElementalPortal","floor":23,"turns":3},{"damage":0,"enemies":"Elementarium:VOID_CORRUPTION_AND_TAR_GOLEM","floor":25,"turns":1},{"damage":0,"enemies":"Elementarium:FIRE_NOBILITY","floor":29,"turns":1},{"damage":0,"enemies":"Elementarium:CYCLONE_AND_ORB_OF_FIRE","floor":31,"turns":1},{"damage":0,"enemies":"Elementarium:GoldenDragon","floor":33,"turns":1},{"damage":0,"enemies":"3 Darklings","floor":35,"turns":1},{"damage":0,"enemies":"Orb Walker","floor":36,"turns":1},{"damage":0,"enemies":"Jaw Worm Horde","floor":37,"turns":1},{"damage":0,"enemies":"Writhing Mass","floor":38,"turns":1},{"damage":0,"enemies":"Giant Head","floor":40,"turns":1},{"damage":0,"enemies":"R_Hoarder","floor":42,"turns":1},{"damage":0,"enemies":"3 Darklings","floor":45,"turns":1},{"damage":0,"enemies":"4 Shapes","floor":46,"turns":1},{"damage":0,"enemies":"Transient","floor":47,"turns":1},{"damage":0,"enemies":"Reptomancer","floor":48,"turns":1},{"damage":0,"enemies":"Replay:Hell Engine","floor":50,"turns":1},{"damage":0,"enemies":"Shield and Spear","floor":54,"turns":1},{"damage":0,"enemies":"The Heart","floor":55,"turns":4}],"seed_played":"4670576401206134026","potions_obtained":[{"floor":7,"key":"AttackPotion"},{"floor":13,"key":"Block Potion"}],"is_trial":false,"path_per_floor":["M","M","M","?","M","E","M","M","T","M","M","E","M","M","R","B",null,"M","M","M","M","?","E","R","M","T","?","R","E","R","M","R","B",null,"M","M","M","M","$","E","$","E","T","?","M","M","M","E","R","B",null,"R","$","E","B",null],"character_chosen":"OPM","items_purchased":["Toss_Stone+1","Protect_Vest"],"campfire_rested":0,"item_purchase_floors":[0,53],"current_hp_per_floor":[999,999,999,999,999,999,999,999,999,999,999,999,999,999,999,999,999,999,999,999,999,999,999,999,999,999,999,999,999,999,999,999,999,999,999,999,999,999,999,1006,1006,1006,1006,1006,1006,1006,1006,1006,1006,1006,1006,1006,1006,1006,1006],"gold":653,"neow_bonus":"","is_daily":false,"chose_seed":false,"campfire_upgraded":6,"win_rate":0.0,"timestamp":1613965008,"path_taken":["M","M","M","?","M","E","M","M","T","?","M","E","M","M","R","BOSS","M","M","M","M","?","E","R","M","T","?","R","E","R","M","R","BOSS","M","M","M","M","$","E","$","E","T","?","M","M","M","E","R","BOSS","R","$","E","BOSS"],"items_purchased_type":["Card","Relic"],"build_version":"2020-12-22","purchased_purges":1,"victory":true,"max_hp_per_floor":[999,999,999,999,999,999,999,999,999,999,999,999,999,999,999,999,999,999,999,999,999,999,999,999,999,999,999,999,999,999,999,999,999,999,999,999,999,999,999,1006,1006,1006,1006,1006,1006,1006,1006,1006,1006,1006,1006,1006,1006,1006,1006],"card_choices":[{"not_picked":["Yawn","Slap","Ignore"],"picked":"SKIP","floor":1},{"not_picked":["Ignore","Slap","Hip_Strike"],"picked":"SKIP","floor":2},{"not_picked":["Wear_Disguise","Slap","Ignore"],"picked":"SKIP","floor":3},{"not_picked":["Ignore","Consecutive_Normal_Punch","Yawn"],"picked":"SKIP","floor":5},{"not_picked":["Serious_Punch","Wear_Disguise","Normal_Punch"],"picked":"SKIP","floor":6},{"not_picked":["Yawn","Normal_Punch","Consecutive_Normal_Punch"],"picked":"SKIP","floor":7},{"not_picked":["Hop","Ignore","Side_Hop"],"picked":"SKIP","floor":8},{"not_picked":["Toss_Stone","Hop","Yawn"],"picked":"SKIP","floor":10},{"not_picked":["Consecutive_Normal_Punch","Slap","Hop"],"picked":"SKIP","floor":11},{"not_picked":["Hop","Consecutive_Normal_Punch","Toss_Stone"],"picked":"SKIP","floor":12},{"not_picked":["Yawn","Side_Hop","Hop"],"picked":"SKIP","floor":13},{"not_picked":["Normal_Punch","Ignore","Hop"],"picked":"SKIP","floor":14},{"not_picked":["Wear_Disguise","Slap","Side_Hop"],"picked":"SKIP","floor":18},{"not_picked":["Ignore","Wear_Disguise+1","Consecutive_Normal_Punch+1"],"picked":"SKIP","floor":19},{"not_picked":["Ignore+1","Hop","Yawn"],"picked":"SKIP","floor":20},{"not_picked":["Toss_Stone","Yawn","Ignore"],"picked":"SKIP","floor":21},{"not_picked":["Hop","Side_Hop","Ignore"],"picked":"SKIP","floor":23},{"not_picked":["Oh","Slap","Side_Hop"],"picked":"SKIP","floor":25},{"not_picked":["Wear_Disguise","Hop","Slap"],"picked":"SKIP","floor":29},{"not_picked":["Consecutive_Normal_Punch","Side_Hop+1","Toss_Stone"],"picked":"SKIP","floor":31},{"not_picked":["Side_Hop","Yawn","Normal_Punch"],"picked":"SKIP","floor":35},{"not_picked":["Wear_Disguise","Normal_Punch+1","Side_Hop+1"],"picked":"SKIP","floor":36},{"not_picked":["Toss_Stone+1","Consecutive_Normal_Punch","Slap"],"picked":"SKIP","floor":37},{"not_picked":["Yawn","Wear_Disguise","Slap"],"picked":"SKIP","floor":38},{"not_picked":["Toss_Stone","Slap+1","Do_Nothing"],"picked":"SKIP","floor":40},{"not_picked":["Side_Hop+1","Normal_Punch","Slap+1"],"picked":"SKIP","floor":42},{"not_picked":["Toss_Stone+1","Ignore+1","Consecutive_Normal_Punch"],"picked":"SKIP","floor":45},{"not_picked":["Ignore","Side_Hop+1","Consecutive_Normal_Punch+1"],"picked":"SKIP","floor":46},{"not_picked":["Toss_Stone+1","Oh","Hop"],"picked":"SKIP","floor":47},{"not_picked":["Ignore","Side_Hop","Wear_Disguise+1"],"picked":"SKIP","floor":48},{"not_picked":["Normal_Punch","Wear_Disguise","Do_Nothing"],"picked":"SKIP","floor":54}],"player_experience":1984461,"relics_obtained":[{"floor":6,"key":"halation:Trompette"},{"floor":12,"key":"halation:BlackBeret"},{"floor":23,"key":"Replay:Ringing Soul"},{"floor":26,"key":"Blood Vial"},{"floor":29,"key":"reliquary:TridentHead"},{"floor":40,"key":"StuffTheSpire:CocoNut"},{"floor":42,"key":"Replay:Baseball"},{"floor":43,"key":"StuffTheSpire:PointBlank"},{"floor":48,"key":"conspire:InfiniteJournal"},{"floor":54,"key":"Bromod:ArcanePulse"}],"event_choices":[{"damage_healed":0,"gold_gain":0,"player_choice":"2 cards matched","damage_taken":0,"max_hp_gain":0,"max_hp_loss":0,"event_name":"Match and Keep!","floor":4,"gold_loss":0,"cards_obtained":["Consecutive_Normal_Punch","Strike_Y"]},{"damage_healed":0,"gold_gain":0,"player_choice":"Ignored","damage_taken":0,"max_hp_gain":0,"max_hp_loss":0,"event_name":"Elementarium:FountainOfGold","floor":27,"gold_loss":0}],"is_beta":false,"boss_relics":[{"not_picked":["Busted Crown","StuffTheSpire:Kangaroo"],"picked":"SlaversCollar"},{"not_picked":["Runic Pyramid","Velvet Choker"],"picked":"ChewingGum"}],"items_purged_floors":[0],"is_endless":false,"potions_floor_spawned":[6,7,8,12,13,14,19,21,23,25,33,35,36,45,47,54],"ascension_level":0}}