{"host":"j9ebkd949vnpjoau","time":1613955308,"event":{"mods":["AchievementEnabler","BaseMod","Colored Map","Googly Eyes","Highlight Path","Minty Spire (QoL Compilation)","Replay The Spire","StSLib"],"gold_per_floor":[117,8,78,90,104,137,137,86,110,122,232,249,284,295,295,391,391,403,176,194,42,58,58,88,106,106,138,174,210,210,249,249,359,409,462,498,530,602,78,78,102,102],"floor_reached":41,"language":"ENG","playtime":3899,"items_purged":["Defend_R","Defend_R","Strike_R","Strike_R"],"score":597,"play_id":"9a5dbfd8-4f2a-4cd7-bab6-aee245be7d35","local_time":"20210222005508","is_ascension_mode":true,"campfire_choices":[{"data":"Armaments","floor":7.0,"key":"SMITH"},{"data":"Strike_R","floor":15.0,"key":"PURGE"},{"data":"Armaments","floor":23.0,"key":"SMITH"},{"data":"Barricade","floor":32.0,"key":"SMITH"},{"data":"Life Link","floor":40,"key":"SMITH"}],"circlet_count":0,"master_deck":["Strike_R","Strike_R","Defend_R","Defend_R+1","Bash","Barricade+1","Pummel","Armaments+1","Armaments+1","Shrug It Off","Whirlwind","Juggernaut","Run Through","Replay:Undeath\u0027s Touch","Bloodletting","Flame Barrier","Pommel Strike","Ghostly Armor","Replay:Undeath\u0027s Touch","Headbutt","Juggernaut","Pommel Strike","Flex","Combust","Flex","Run Through","Body Slam","ReplayTheSpireMod:Stacked","True Grit+1","Replay:Undeath\u0027s Touch","Pommel Strike+1","Infernal Blade+1","Flex","Reaper","Seeing Red","Cleave+1","Fire Breathing+1","Flex","Life Link+1"],"relics":["Burning Blood","Replay:WaspNest","FossilizedHelix","PreservedInsect","CaptainsWheel","Painkiller Herb","ReplayFunnel","Paper Frog","Replay:Bandana","Bird Faced Urn","Tiny House","TungstenRod","Pantograph"],"acts_visited":["Exordium","TheCity","TheBeyond"],"potions_floor_usage":[35,38,41],"damage_taken":[{"damage":9.0,"enemies":"Cultist","floor":1.0,"turns":4.0},{"damage":8.0,"enemies":"Small Slimes","floor":4.0,"turns":3.0},{"damage":3.0,"enemies":"Jaw Worm","floor":5.0,"turns":4.0},{"damage":5.0,"enemies":"Lagavulin","floor":6.0,"turns":13.0},{"damage":0.0,"enemies":"Red Slaver","floor":10.0,"turns":4.0},{"damage":5.0,"enemies":"Gremlin Gang","floor":12.0,"turns":2.0},{"damage":13.0,"enemies":"Gremlin Nob","floor":13.0,"turns":4.0},{"damage":8.0,"enemies":"Large Slime","floor":14.0,"turns":7.0},{"damage":13.0,"enemies":"Slime Boss","floor":16.0,"turns":12.0},{"damage":16.0,"enemies":"2 Thieves","floor":18.0,"turns":5.0},{"damage":1.0,"enemies":"Shell Parasite","floor":20.0,"turns":4.0},{"damage":3.0,"enemies":"Snecko","floor":22.0,"turns":6.0},{"damage":32.0,"enemies":"Slavers","floor":24.0,"turns":4.0},{"damage":5.0,"enemies":"Snake Plant","floor":25.0,"turns":2.0},{"damage":15.0,"enemies":"Book of Stabbing","floor":27.0,"turns":4.0},{"damage":19.0,"enemies":"Shelled Parasite and Fungi","floor":28.0,"turns":3.0},{"damage":17.0,"enemies":"Snecko","floor":29.0,"turns":5.0},{"damage":0.0,"enemies":"Cultist and Chosen","floor":31.0,"turns":5.0},{"damage":0.0,"enemies":"Champ","floor":33.0,"turns":12.0},{"damage":9,"enemies":"3 Shapes","floor":35,"turns":2},{"damage":32,"enemies":"3 Darklings","floor":36,"turns":5},{"damage":2,"enemies":"Sphere and 2 Shapes","floor":37,"turns":4},{"damage":23,"enemies":"Mind Bloom Boss Battle","floor":38,"turns":8},{"damage":79,"enemies":"Giant Head","floor":41,"turns":8}],"seed_played":"-6962930375012711975","potions_obtained":[{"floor":6.0,"key":"Fire Potion"},{"floor":10.0,"key":"Cursed Concoction"},{"floor":12.0,"key":"Toxic Potion"},{"floor":13.0,"key":"BlessingOfTheForge"},{"floor":14.0,"key":"DuplicationPotion"},{"floor":20.0,"key":"BlessingOfTheForge"},{"floor":24.0,"key":"EssenceOfSteel"},{"floor":25.0,"key":"AttackPotion"},{"floor":29.0,"key":"Regen Potion"},{"floor":31.0,"key":"Dexterity Potion"},{"floor":34.0,"key":"Flashbang"},{"floor":36,"key":"ColorlessPotion"},{"floor":37,"key":"PowerPotion"},{"floor":38,"key":"SmokeBomb"}],"is_trial":false,"path_per_floor":["M","$","T","M","M","E","R","$","T","M","?","M","E","M","R_BF","B",null,"?","T","?","T","?","T","E","?","T","E","?","?","T","?","T","B",null,"?","?","?","?","T","T","E"],"character_chosen":"IRONCLAD","items_purchased":["Armaments","Run Through","Flex","Combust","Run Through","Pantograph","Life Link","BlessingOfTheForge"],"campfire_rested":0,"item_purchase_floors":[2,8,19,19,21,39,39,39],"current_hp_per_floor":[77,77,77,75,78,79,79,79,79,80,60,61,54,52,52,45,80,70,70,75,75,78,78,52,53,53,44,31,20,20,44,44,56,85,82,66,74,67,67,67,0,0],"gold":102,"neow_bonus":"ONE_RANDOM_RARE_CARD","is_daily":false,"chose_seed":false,"campfire_upgraded":4,"win_rate":0.0,"timestamp":1613955308,"path_taken":["M","$","?","M","M","E","R","$","T","M","?","M","E","M","R_BF","BOSS","?","T","?","T","?","T","E","?","T","E","?","?","?","?","T","BOSS","?","?","?","?","T","T","E"],"items_purchased_type":["Card","Card","Card","Card","Card","Relic","Card","Potion"],"build_version":"2020-12-22","purchased_purges":4,"victory":false,"max_hp_per_floor":[80,80,80,80,80,80,80,80,80,80,80,80,80,80,80,80,80,80,80,80,80,80,80,80,80,80,80,80,80,80,80,80,80,85,85,85,85,85,85,85,85,85],"card_choices":[{"not_picked":["Havoc","Battle Trance"],"picked":"Pummel","floor":1.0},{"not_picked":["Headbutt","Sword Boomerang"],"picked":"Shrug It Off","floor":4.0},{"not_picked":["Havoc","Reckless Charge"],"picked":"Whirlwind","floor":5.0},{"not_picked":["ReplayTheSpireMod:Limb From Limb","Clash"],"picked":"Juggernaut","floor":6.0},{"not_picked":["Blood for Blood","Armaments"],"picked":"Replay:Undeath\u0027s Touch","floor":10.0},{"not_picked":["ReplayTheSpireMod:Strike From Hell","True Grit"],"picked":"Bloodletting","floor":11.0},{"not_picked":["Warcry","Clash"],"picked":"Flame Barrier","floor":11.0},{"not_picked":["Havoc","Pummel"],"picked":"Pommel Strike","floor":11.0},{"not_picked":["Thunderclap","Sentinel"],"picked":"Ghostly Armor","floor":12.0},{"not_picked":["Demonic Infusion","Entrench"],"picked":"Replay:Undeath\u0027s Touch","floor":13.0},{"not_picked":["Wild Strike","Havoc"],"picked":"Headbutt","floor":14.0},{"not_picked":["Immolate","Demon Form"],"picked":"Juggernaut","floor":16.0},{"not_picked":["Wild Strike","Dark Embrace+1"],"picked":"Pommel Strike","floor":18.0},{"not_picked":["Pommel Strike","Cleave"],"picked":"Flex","floor":20.0},{"not_picked":["Rage","Havoc"],"picked":"Body Slam","floor":22.0},{"not_picked":["Sword Boomerang+1","Anger"],"picked":"ReplayTheSpireMod:Stacked","floor":24.0},{"not_picked":["Headbutt+1","Shrug It Off"],"picked":"True Grit+1","floor":25.0},{"not_picked":["Hemokinesis","Wild Strike"],"picked":"Replay:Undeath\u0027s Touch","floor":27.0},{"not_picked":["Bloodletting","Anger"],"picked":"Pommel Strike+1","floor":28.0},{"not_picked":["Fiend Fire","ReplayTheSpireMod:Strike From Hell"],"picked":"Infernal Blade+1","floor":29.0},{"not_picked":["True Grit","Burning Pact+1"],"picked":"Flex","floor":31.0},{"not_picked":["Brutality","Replay:Many Hands"],"picked":"Reaper","floor":33.0},{"not_picked":["Perfected Strike","Run Through"],"picked":"Seeing Red","floor":34.0},{"not_picked":["True Grit","Run Through","Perfected Strike"],"picked":"SKIP","floor":35},{"not_picked":["Massacre","Combust"],"picked":"Cleave+1","floor":36},{"not_picked":["Clash","Replay:Undeath\u0027s Touch"],"picked":"Fire Breathing+1","floor":37},{"not_picked":["Clash+1","Perfected Strike"],"picked":"Flex","floor":38}],"player_experience":256182,"relics_obtained":[{"floor":3.0,"key":"Replay:WaspNest"},{"floor":6.0,"key":"FossilizedHelix"},{"floor":9.0,"key":"PreservedInsect"},{"floor":13.0,"key":"CaptainsWheel"},{"floor":24.0,"key":"ReplayFunnel"},{"floor":26.0,"key":"Paper Frog"},{"floor":27.0,"key":"Replay:Bandana"},{"floor":30.0,"key":"Bird Faced Urn"},{"floor":38,"key":"TungstenRod"}],"event_choices":[{"damage_healed":0,"gold_gain":0,"player_choice":"Fight","damage_taken":0,"max_hp_gain":0,"max_hp_loss":0,"event_name":"MindBloom","floor":38,"gold_loss":0}],"is_beta":false,"boss_relics":[{"not_picked":["Ectoplasm","Replay:Grab Bag"],"picked":"Painkiller Herb"},{"not_picked":["ChewingGum","Pandora\u0027s Box"],"picked":"Tiny House"}],"items_purged_floors":[2,19,21,39],"is_endless":false,"potions_floor_spawned":[6,10,12,13,14,20,24,25,29,31,36,37,38],"killed_by":"Giant Head","ascension_level":1}}