{"host":"5nj7t8259370g0gl","time":1613975622,"event":{"mods":["AchievementEnabler","BaseMod","Bestiary","Bossed Relics","Colored Map","Colored Powertips","Displayed Cursed Tome","Minty Spire (QoL Compilation)","Permanent Neow","Relic Sorter","Shapeshifter Mod","Shop Mod","Spire Arcade","StSLib"],"gold_per_floor":[500117,500131,500145,500145,500162,500194,500211,500250,500250,500276,500276,499463,499463,498526,498526,498624,498624,498564,498564,497889,497253,497253,497253,497253,497253,497253,497253,496257,496257,496257,496257,496257,496257,496257,496257,496257,495517,495517,495427,495427,494530,494530,494530,494530,494530,494530,494530,493573,493573,493573],"floor_reached":51,"language":"ENG","playtime":3720,"items_purged":["StSShapeShifter:DeerForm","StSShapeShifter:BarkSkin","StSShapeShifter:PoisonIvy","StSShapeShifter:OwlForm+1","StSShapeShifter:BladeOfGrass+1","StSShapeShifter:Spring+1","StSShapeShifter:BarkSkin","StSShapeShifter:PorcupineForm+1"],"score":1602,"play_id":"95f67909-d132-42dd-87e1-cc7a56d359e6","local_time":"20210222173342","daily_mods":["SealedDeck","Flight","DeadlyEvents"],"is_ascension_mode":true,"campfire_choices":[{"data":"StSShapeShifter:OwlForm","floor":11,"key":"SMITH"},{"data":"StSShapeShifter:ForestFire","floor":13,"key":"SMITH"},{"data":"Deep Breath","floor":15,"key":"SMITH"},{"data":"StSShapeShifter:Efflorescence","floor":32,"key":"SMITH"},{"data":"StSShapeShifter:Flourish","floor":45,"key":"SMITH"},{"data":"StSShapeShifter:RockSlide","floor":46,"key":"SMITH"},{"data":"StSShapeShifter:RhinoCalfForm","floor":49,"key":"SMITH"}],"circlet_count":0,"master_deck":["StSShapeShifter:ForestFire+1","StSShapeShifter:AdaptiveStrikes+1","StSShapeShifter:BarkSkin+1","StSShapeShifter:Efflorescence+1","Deep Breath+1","Finesse","Finesse","StSShapeShifter:Summer+1","StSShapeShifter:BaskInBloom+1","StSShapeShifter:Flourish+1","StSShapeShifter:ForestFire+1","StSShapeShifter:RockSlide+1","StSShapeShifter:RhinoCalfForm+1"],"relics":["StSShapeShifter:AnimalHeart","StSShapeShifter:TheShapeShiftersMagnolia","StSShapeShifter:AlchemistsNecklace","Whetstone","Boot","Strawberry","White Beast Statue","Frozen Egg 2","StSShapeShifter:FrogOfVitality","Strange Spoon","StSShapeShifter:Fertilizer","StSShapeShifter:WristwrapsOfDiscovery","Medical Kit","Ectoplasm","Toy Ornithopter","Darkstone Periapt","ClockworkSouvenir","Anchor","Bottled Flame","Potion Belt","Pantograph","Kunai","StSShapeShifter:BeastkeepersGift","Bronze Scales","FossilizedHelix","Oddly Smooth Stone","Sling","TungstenRod","InkBottle","Black Star","Nunchaku","HornCleat","Frozen Eye","Gremlin Horn","Ancient Tea Set","StSShapeShifter:FruitTree","StSShapeShifter:EmeraldPantherFigurine","DollysMirror","Pear","Letter Opener","Sundial","Du-Vu Doll","Dream Catcher","Art of War","Gambling Chip","Vajra","Bag of Preparation","HandDrill"],"acts_visited":["Exordium","TheCity","TheBeyond"],"potions_floor_usage":[5,7,10,23,23,25,27,30,30,31,33,35,36,36,42],"damage_taken":[{"damage":0,"enemies":"2 Louse","floor":1,"turns":2},{"damage":0,"enemies":"Cultist","floor":2,"turns":4},{"damage":3,"enemies":"Jaw Worm","floor":3,"turns":4},{"damage":6,"enemies":"Large Slime","floor":5,"turns":5},{"damage":26,"enemies":"Lagavulin","floor":6,"turns":6},{"damage":6,"enemies":"Looter","floor":7,"turns":3},{"damage":20,"enemies":"3 Sentries","floor":8,"turns":5},{"damage":23,"enemies":"Gremlin Nob","floor":10,"turns":5},{"damage":0,"enemies":"Hexaghost","floor":16,"turns":4},{"damage":31,"enemies":"2 Thieves","floor":18,"turns":3},{"damage":0,"enemies":"Gremlin Leader","floor":23,"turns":3},{"damage":0,"enemies":"Book of Stabbing","floor":24,"turns":3},{"damage":0,"enemies":"Gremlin Leader","floor":25,"turns":3},{"damage":16,"enemies":"Slavers","floor":27,"turns":2},{"damage":0,"enemies":"Book of Stabbing","floor":29,"turns":3},{"damage":0,"enemies":"3 Byrds","floor":30,"turns":2},{"damage":0,"enemies":"Gremlin Leader","floor":31,"turns":4},{"damage":0,"enemies":"Champ","floor":33,"turns":5},{"damage":0,"enemies":"3 Shapes","floor":35,"turns":1},{"damage":0,"enemies":"3 Darklings","floor":36,"turns":3},{"damage":0,"enemies":"Sphere and 2 Shapes","floor":38,"turns":4},{"damage":0,"enemies":"Reptomancer","floor":40,"turns":3},{"damage":0,"enemies":"Nemesis","floor":42,"turns":3},{"damage":0,"enemies":"Giant Head","floor":44,"turns":2},{"damage":0,"enemies":"Reptomancer","floor":47,"turns":1},{"damage":0,"enemies":"Time Eater","floor":50,"turns":3}],"seed_played":"6151926494703177171","potions_obtained":[{"floor":1,"key":"SkillPotion"},{"floor":5,"key":"Explosive Potion"},{"floor":8,"key":"AttackPotion"},{"floor":23,"key":"FearPotion"},{"floor":24,"key":"Explosive Potion"},{"floor":25,"key":"SpeedPotion"},{"floor":27,"key":"SteroidPotion"},{"floor":30,"key":"DuplicationPotion"},{"floor":31,"key":"Energy Potion"},{"floor":33,"key":"SpeedPotion"},{"floor":35,"key":"SteroidPotion"},{"floor":36,"key":"LiquidBronze"},{"floor":38,"key":"SkillPotion"},{"floor":40,"key":"ColorlessPotion"},{"floor":42,"key":"Ancient Potion"}],"is_trial":true,"path_per_floor":["M","M","M","?","M","E","M","E","T","E","R","$","R","$","R","B",null,"M","?","$","$","?","E","E","E","T","E","$","E","M","E","R","B",null,"M","M","$","M","?","E","$","E","T","E","R","R","E","$","R","B",null],"character_chosen":"SHAPESHIFTER","items_purchased":["Frozen Egg 2","StSShapeShifter:FrogOfVitality","Strange Spoon","Deep Breath","StSShapeShifter:Fertilizer","StSShapeShifter:WristwrapsOfDiscovery","Medical Kit","ColorlessPotion","Regen Potion","SteroidPotion","Toy Ornithopter","Darkstone Periapt","ClockworkSouvenir","Anchor","Finesse","Bottled Flame","FossilizedHelix","Oddly Smooth Stone","Sling","Finesse","LiquidMemories","Swift Potion","Nunchaku","HornCleat","Frozen Eye","StSShapeShifter:FruitTree","StSShapeShifter:EmeraldPantherFigurine","StSShapeShifter:BaskInBloom+1","StSShapeShifter:Flourish","DollysMirror","Vajra","Bag of Preparation","HandDrill","StSShapeShifter:RhinoCalfForm","EntropicBrew"],"campfire_rested":0,"item_purchase_floors":[12,12,12,12,14,14,14,14,14,14,20,20,20,21,21,21,28,28,28,28,28,28,37,37,37,41,41,41,41,41,48,48,48,48,48],"current_hp_per_floor":[78,78,77,77,72,46,46,28,35,20,20,20,20,20,20,22,87,64,64,64,64,47,80,92,92,92,91,91,92,92,93,93,93,93,93,93,93,93,93,93,93,103,103,103,103,103,103,103,103,104],"gold":493573,"neow_bonus":"","is_daily":false,"chose_seed":false,"campfire_upgraded":7,"win_rate":0.0,"timestamp":1613975622,"path_taken":["M","M","M","?","?","E","?","E","T","E","R","$","R","$","R","BOSS","M","?","$","$","?","E","E","E","T","E","$","E","?","?","R","BOSS","M","M","$","M","?","E","$","E","T","E","R","R","?","$","R","BOSS"],"items_purchased_type":["Relic","Relic","Relic","Card","Relic","Relic","Relic","Potion","Potion","Potion","Relic","Relic","Relic","Relic","Card","Relic","Relic","Relic","Relic","Card","Potion","Potion","Relic","Relic","Relic","Relic","Relic","Card","Card","Relic","Relic","Relic","Relic","Card","Potion"],"build_version":"2020-12-22","purchased_purges":8,"victory":true,"max_hp_per_floor":[78,78,78,78,78,78,78,78,85,85,85,85,85,85,85,87,87,87,87,87,87,92,92,92,92,92,92,92,92,92,93,93,93,93,93,93,93,93,93,93,93,103,103,103,103,103,103,103,103,104],"card_choices":[{"not_picked":["StSShapeShifter:VineHandcuffs","StSShapeShifter:VileMushroom"],"picked":"StSShapeShifter:BearForm","floor":1},{"not_picked":["StSShapeShifter:FesteringBite","StSShapeShifter:BulwarkOfDiscovery","StSShapeShifter:DeerForm"],"picked":"SKIP","floor":2},{"not_picked":["StSShapeShifter:Hunt","StSShapeShifter:FlowerShield","StSShapeShifter:ShiftingStrike"],"picked":"SKIP","floor":3},{"not_picked":["StSShapeShifter:FesteringBite","StSShapeShifter:OakBlade"],"picked":"StSShapeShifter:Efflorescence","floor":5},{"not_picked":["StSShapeShifter:WolfForm","StSShapeShifter:Pounce","StSShapeShifter:FesteringBite"],"picked":"SKIP","floor":6},{"not_picked":["StSShapeShifter:Roar","StSShapeShifter:WiltingWrath","StSShapeShifter:FesteringBite"],"picked":"SKIP","floor":7},{"not_picked":["StSShapeShifter:VileMushroom","StSShapeShifter:VineHandcuffs","StSShapeShifter:CosmicShifter"],"picked":"SKIP","floor":8},{"not_picked":["StSShapeShifter:Hunt","StSShapeShifter:AdaptiveStrikes"],"picked":"StSShapeShifter:OwlForm","floor":10},{"not_picked":["StSShapeShifter:SkullBash","StSShapeShifter:Summon_Mountains"],"picked":"StSShapeShifter:Spring+1","floor":16},{"not_picked":["StSShapeShifter:OakBlade+1","StSShapeShifter:Maul+1","StSShapeShifter:CosmicShifter+1"],"picked":"SKIP","floor":18},{"not_picked":["StSShapeShifter:Hunt","StSShapeShifter:Guard+1","StSShapeShifter:BulwarkOfDiscovery+1"],"picked":"SKIP","floor":23},{"not_picked":["StSShapeShifter:BurstingSpore","StSShapeShifter:Wildfire2","StSShapeShifter:MagicMushrooms+1"],"picked":"SKIP","floor":24},{"not_picked":["StSShapeShifter:MonkeyForm","StSShapeShifter:Hunt+1","StSShapeShifter:ClimbTree"],"picked":"SKIP","floor":25},{"not_picked":["StSShapeShifter:RatForm+1","StSShapeShifter:BulwarkOfDiscovery+1","StSShapeShifter:HydraForm"],"picked":"SKIP","floor":27},{"not_picked":["StSShapeShifter:TopazSkin","StSShapeShifter:DeerForm+1","StSShapeShifter:FlowerShield"],"picked":"SKIP","floor":29},{"not_picked":["StSShapeShifter:SquirrelForm","StSShapeShifter:SunflowerShuriken+1"],"picked":"StSShapeShifter:PorcupineForm+1","floor":30},{"not_picked":["StSShapeShifter:BloomingSlash","StSShapeShifter:Summon_Mountains","StSShapeShifter:BarkSkin"],"picked":"SKIP","floor":31},{"not_picked":["StSShapeShifter:SkullBash","StSShapeShifter:Uproot_Redwood"],"picked":"StSShapeShifter:Summer+1","floor":33},{"not_picked":["StSShapeShifter:Wildfire2","StSShapeShifter:HippoForm","StSShapeShifter:BarkSkin"],"picked":"SKIP","floor":35},{"not_picked":["StSShapeShifter:ThornToss","StSShapeShifter:FesteringBite+1","StSShapeShifter:Roar"],"picked":"SKIP","floor":36},{"not_picked":["StSShapeShifter:ThrashAbout+1","StSShapeShifter:BearForm","StSShapeShifter:EagleForm"],"picked":"SKIP","floor":38},{"not_picked":["StSShapeShifter:ThornedSkin","StSShapeShifter:VineHandcuffs+1","StSShapeShifter:FullMoon+1"],"picked":"SKIP","floor":40},{"not_picked":["StSShapeShifter:Efflorescence+1","StSShapeShifter:TopazSkin"],"picked":"StSShapeShifter:RockSlide","floor":42},{"not_picked":["StSShapeShifter:DeerForm","StSShapeShifter:Efflorescence+1","StSShapeShifter:BearForm+1"],"picked":"SKIP","floor":44},{"not_picked":["StSShapeShifter:Efflorescence+1","StSShapeShifter:PoisonIvy","StSShapeShifter:Roar"],"picked":"SKIP","floor":47}],"player_experience":619819,"relics_obtained":[{"floor":6,"key":"Whetstone"},{"floor":8,"key":"Boot"},{"floor":9,"key":"Strawberry"},{"floor":10,"key":"White Beast Statue"},{"floor":23,"key":"Potion Belt"},{"floor":24,"key":"Pantograph"},{"floor":25,"key":"Kunai"},{"floor":26,"key":"StSShapeShifter:BeastkeepersGift"},{"floor":27,"key":"Bronze Scales"},{"floor":29,"key":"TungstenRod"},{"floor":31,"key":"InkBottle"},{"floor":40,"key":"Gremlin Horn"},{"floor":40,"key":"Ancient Tea Set"},{"floor":42,"key":"Pear"},{"floor":42,"key":"Letter Opener"},{"floor":43,"key":"Sundial"},{"floor":44,"key":"Du-Vu Doll"},{"floor":44,"key":"Dream Catcher"},{"floor":47,"key":"Art of War"},{"floor":47,"key":"Gambling Chip"}],"event_choices":[{"cards_removed":["StSShapeShifter:BearForm"],"damage_healed":0,"gold_gain":0,"player_choice":"Gave Card","damage_taken":0,"relics_obtained":["StSShapeShifter:AlchemistsNecklace"],"max_hp_gain":0,"max_hp_loss":0,"event_name":"WeMeetAgain","floor":4,"gold_loss":0},{"cards_removed":["StSShapeShifter:PoisonIvy"],"damage_healed":0,"gold_gain":0,"player_choice":"Elegance","damage_taken":0,"max_hp_gain":0,"max_hp_loss":0,"event_name":"Back to Basics","floor":19,"gold_loss":0},{"damage_healed":0,"gold_gain":0,"player_choice":"Shed Blood","damage_taken":22,"max_hp_gain":5,"max_hp_loss":0,"event_name":"Forgotten Altar","floor":22,"gold_loss":0},{"cards_removed":["StSShapeShifter:WolfForm"],"damage_healed":0,"gold_gain":0,"player_choice":"Upgrade and Remove","damage_taken":0,"max_hp_gain":0,"max_hp_loss":0,"event_name":"Designer","floor":39,"gold_loss":90,"cards_upgraded":["StSShapeShifter:BarkSkin"]}],"is_beta":false,"boss_relics":[{"not_picked":["Runic Pyramid","Sozu"],"picked":"Ectoplasm"},{"not_picked":["Runic Dome","SacredBark"],"picked":"Black Star"}],"items_purged_floors":[12,14,20,21,28,37,41,48],"is_endless":false,"potions_floor_spawned":[1,5,8,16,18,23,24,25,27,29,30,31,33,35,36,38,40,42,44,47],"ascension_level":2}}