{"host":"v54ek091sdz7ha6h","time":1613990626,"event":{"mods":["BaseMod","Colored Map","Colored Powertips","Custom Start","DeckTracker","Highlight Path","KOR Keyword Fix","Minty Spire (QoL Compilation)","Random Character Button","Rare Cards Sparkle","Relic Stats","StSLib","SuperFastMode","everything is the same but u backflip on backflip"],"gold_per_floor":[114,114,130,148,148,162,162,162,162,20,20,40,60,81,81,206,206,220,220,241,85,124,139,139,139,165,209,225,225,225,258,258,377,377,397,417,436,40,262,262,277,317,317,317,337,337,337,362,362,362,362,362,82,126,126,126],"floor_reached":55,"language":"KOR","playtime":1068,"items_purged":["Strike_R","Defend_R","Bash"],"score":779,"play_id":"1ffb37a7-d0c8-473a-8c79-4c47b2a40894","local_time":"20210222194346","is_ascension_mode":false,"campfire_choices":[{"data":"1","floor":8.0,"key":"LIFT"},{"data":"2","floor":11.0,"key":"LIFT"},{"data":"3","floor":15.0,"key":"LIFT"},{"data":"Limit Break","floor":25.0,"key":"SMITH"},{"floor":32.0,"key":"RECALL"},{"data":"Trip","floor":40.0,"key":"SMITH"},{"data":"Evolve","floor":44.0,"key":"SMITH"},{"data":"Bloodletting","floor":49.0,"key":"SMITH"},{"data":"Sentinel","floor":52.0,"key":"SMITH"}],"circlet_count":0,"master_deck":["Defend_R+1","Defend_R+1","Pommel Strike","Sword Boomerang","Second Wind","Seeing Red","Evolve+1","Pummel","Limit Break+1","Armaments+1","Heavy Blade+1","Whirlwind+1","Bloodletting+1","True Grit+1","Entrench+1","Shrug It Off+1","Trip+1","Body Slam+1","Sentinel+1","Double Tap","Writhe","Intimidate+1"],"relics":["Burning Blood","Girya","Golden Idol","Ornamental Fan","Astrolabe","Dream Catcher","Bag of Preparation","Red Mask","Oddly Smooth Stone","Smiling Mask","Blood Vial","Turnip","Coffee Dripper","Membership Card","Vajra","Anchor","FossilizedHelix","Strange Spoon","War Paint","Bronze Scales"],"acts_visited":["Exordium","TheCity","TheBeyond","TheEnding"],"potions_floor_usage":[55,55,55,55,55,55,55,55],"damage_taken":[{"damage":12.0,"enemies":"2 Louse","floor":1.0,"turns":3.0},{"damage":2.0,"enemies":"Small Slimes","floor":3.0,"turns":4.0},{"damage":1.0,"enemies":"Cultist","floor":4.0,"turns":3.0},{"damage":6.0,"enemies":"3 Louse","floor":6.0,"turns":4.0},{"damage":0.0,"enemies":"Gremlin Gang","floor":12.0,"turns":3.0},{"damage":0.0,"enemies":"Large Slime","floor":13.0,"turns":4.0},{"damage":5.0,"enemies":"Looter","floor":14.0,"turns":2.0},{"damage":17.0,"enemies":"The Guardian","floor":16.0,"turns":7.0},{"damage":5.0,"enemies":"Chosen","floor":18.0,"turns":3.0},{"damage":4.0,"enemies":"3 Byrds","floor":20.0,"turns":4.0},{"damage":0.0,"enemies":"Masked Bandits","floor":22.0,"turns":2.0},{"damage":6.0,"enemies":"Centurion and Healer","floor":23.0,"turns":3.0},{"damage":3.0,"enemies":"Gremlin Leader","floor":27.0,"turns":2.0},{"damage":3.0,"enemies":"Snake Plant","floor":28.0,"turns":3.0},{"damage":30.0,"enemies":"Slavers","floor":31.0,"turns":4.0},{"damage":27.0,"enemies":"Champ","floor":33.0,"turns":5.0},{"damage":9.0,"enemies":"3 Shapes","floor":35.0,"turns":1.0},{"damage":3.0,"enemies":"3 Darklings","floor":36.0,"turns":2.0},{"damage":20.0,"enemies":"Transient","floor":37.0,"turns":5.0},{"damage":0.0,"enemies":"Sphere and 2 Shapes","floor":41.0,"turns":2.0},{"damage":44.0,"enemies":"Reptomancer","floor":42.0,"turns":4.0},{"damage":0.0,"enemies":"4 Shapes","floor":45.0,"turns":1.0},{"damage":0.0,"enemies":"Spire Growth","floor":48.0,"turns":3.0},{"damage":25.0,"enemies":"Donu and Deca","floor":50.0,"turns":7.0},{"damage":0.0,"enemies":"Shield and Spear","floor":54.0,"turns":3.0},{"damage":91,"enemies":"The Heart","floor":55,"turns":6}],"seed_played":"6315835925354213720","potions_obtained":[{"floor":3.0,"key":"EssenceOfSteel"},{"floor":6.0,"key":"BlessingOfTheForge"},{"floor":7.0,"key":"AttackPotion"},{"floor":7.0,"key":"SkillPotion"},{"floor":12.0,"key":"EssenceOfSteel"},{"floor":13.0,"key":"Ancient Potion"},{"floor":18.0,"key":"BlessingOfTheForge"},{"floor":23.0,"key":"Weak Potion"},{"floor":31.0,"key":"SteroidPotion"},{"floor":33.0,"key":"FearPotion"},{"floor":35.0,"key":"EntropicBrew"},{"floor":45.0,"key":"Explosive Potion"}],"is_trial":false,"path_per_floor":["M","?","M","M","?","M","?","R","T","$","R","M","M","M","R","B",null,"M","?","M","$","?","M","?","R","T","E","M","?","?","E","R","B",null,"M","M","M","$","?","R","M","E","T","R","M","?","?","M","R","B",null,"R","$","E","B"],"character_chosen":"IRONCLAD","items_purchased":["Seeing Red","Bag of Preparation","Membership Card","Vajra","Anchor","Trip","Strange Spoon","War Paint","Strength Potion","EntropicBrew"],"campfire_rested":0,"item_purchase_floors":[10,21,38,38,38,38,53,53,53,53],"current_hp_per_floor":[66,48,52,57,57,57,57,57,57,57,57,63,69,70,70,59,72,72,72,72,72,72,72,72,72,72,72,72,72,72,48,48,29,72,69,72,58,58,58,58,66,30,30,30,38,38,56,64,64,47,72,72,72,72,0,0],"gold":126,"neow_bonus":"ONE_RARE_RELIC","is_daily":false,"chose_seed":false,"campfire_upgraded":5,"win_rate":0.0,"timestamp":1613990626,"path_taken":["M","?","M","M","?","?","?","R","T","$","R","M","?","M","R","BOSS","M","?","M","$","?","M","?","R","T","E","M","?","?","E","R","BOSS","M","M","?","$","?","R","M","E","T","R","M","?","?","M","R","BOSS","R","$","E","BOSS"],"items_purchased_type":["Card","Relic","Relic","Relic","Relic","Card","Relic","Relic","Potion","Potion"],"build_version":"2020-12-22","purchased_purges":3,"victory":false,"max_hp_per_floor":[72,72,72,72,72,72,72,72,72,72,72,72,72,72,72,72,72,72,72,72,72,72,72,72,72,72,72,72,72,72,72,72,72,72,72,72,72,72,72,72,72,72,72,72,72,72,72,72,72,72,72,72,72,72,72,72],"relic_stats":{"counters":[26,90],"Golden Idol":175,"Astrolabe":["Armaments","Heavy Blade","Whirlwind"],"Bag of Preparation":[32],"War Paint":["Defend_R","Defend_R"],"Smiling Mask":13,"Burning Blood":127,"Blood Vial":14,"Strange Spoon":[4],"Dream Catcher":0,"Ornamental Fan":[36],"Bronze Scales":[75],"Turnip":[4],"obtain_stats":[{"Girya":0,"Golden Idol":2,"Astrolabe":17,"Oddly Smooth Stone":26,"Vajra":38,"Bag of Preparation":21,"War Paint":53,"Smiling Mask":27,"Burning Blood":0,"Blood Vial":30,"Strange Spoon":53,"Dream Catcher":19,"Anchor":38,"Ornamental Fan":9,"Bronze Scales":54,"Turnip":31,"Red Mask":22,"Coffee Dripper":34,"Membership Card":38,"FossilizedHelix":42},{"Girya":0,"Golden Idol":1,"Astrolabe":8,"Oddly Smooth Stone":12,"Vajra":19,"Bag of Preparation":10,"War Paint":24,"Smiling Mask":13,"Burning Blood":0,"Blood Vial":14,"Strange Spoon":24,"Dream Catcher":9,"Anchor":19,"Ornamental Fan":4,"Bronze Scales":25,"Turnip":15,"Red Mask":11,"Coffee Dripper":16,"Membership Card":19,"FossilizedHelix":21},{"Girya":0,"Golden Idol":3,"Astrolabe":30,"Oddly Smooth Stone":42,"Vajra":64,"Bag of Preparation":37,"War Paint":81,"Smiling Mask":44,"Burning Blood":0,"Blood Vial":47,"Strange Spoon":81,"Dream Catcher":33,"Anchor":64,"Ornamental Fan":14,"Bronze Scales":84,"Turnip":51,"Red Mask":39,"Coffee Dripper":56,"Membership Card":64,"FossilizedHelix":70}]},"card_choices":[{"not_picked":["Headbutt","Anger"],"picked":"Pommel Strike","floor":1.0},{"not_picked":["Shrug It Off","Clash"],"picked":"Sword Boomerang","floor":3.0},{"not_picked":["Heavy Blade","Clothesline"],"picked":"Spot Weakness","floor":4.0},{"not_picked":["Warcry","Power Through"],"picked":"Second Wind","floor":6.0},{"not_picked":["Headbutt","Iron Wave"],"picked":"Evolve","floor":12.0},{"not_picked":["Battle Trance","Heavy Blade"],"picked":"Pummel","floor":13.0},{"not_picked":["Headbutt","Entrench","Hemokinesis"],"picked":"SKIP","floor":14.0},{"not_picked":["Berserk","Corruption"],"picked":"Limit Break","floor":16.0},{"not_picked":["Armaments","Clash+1","Cleave"],"picked":"SKIP","floor":18.0},{"not_picked":["Havoc","Sword Boomerang+1","Armaments"],"picked":"SKIP","floor":20.0},{"not_picked":["Pommel Strike+1","Rage+1"],"picked":"Bloodletting","floor":23.0},{"not_picked":["Sword Boomerang","Immolate","Entrench+1"],"picked":"SKIP","floor":27.0},{"not_picked":["Spot Weakness","Reckless Charge","Heavy Blade"],"picked":"SKIP","floor":28.0},{"not_picked":["Whirlwind","Twin Strike","Clash"],"picked":"SKIP","floor":31.0},{"not_picked":["Armaments","Body Slam"],"picked":"True Grit+1","floor":35.0},{"not_picked":["Sword Boomerang+1","Wild Strike+1"],"picked":"Entrench+1","floor":36.0},{"not_picked":["Iron Wave+1","Clash+1"],"picked":"Shrug It Off+1","floor":37.0},{"not_picked":["Headbutt+1","Sword Boomerang"],"picked":"Body Slam+1","floor":41.0},{"not_picked":["Rupture","Clash"],"picked":"Sentinel","floor":42.0},{"not_picked":["Infernal Blade+1","Shockwave"],"picked":"Double Tap","floor":45.0},{"not_picked":["Perfected Strike","Body Slam+1"],"picked":"Intimidate+1","floor":48.0},{"not_picked":["Twin Strike","Armaments","Flex"],"picked":"SKIP","floor":54.0}],"player_experience":1492272,"relics_obtained":[{"floor":9.0,"key":"Ornamental Fan"},{"floor":22.0,"key":"Red Mask"},{"floor":26.0,"key":"Oddly Smooth Stone"},{"floor":27.0,"key":"Smiling Mask"},{"floor":31.0,"key":"Turnip"},{"floor":42.0,"key":"FossilizedHelix"},{"floor":54.0,"key":"Bronze Scales"}],"event_choices":[{"damage_healed":0.0,"max_hp_gain":0.0,"max_hp_loss":0.0,"gold_gain":0.0,"event_name":"Golden Idol","player_choice":"Take Damage","floor":2.0,"gold_loss":0.0,"damage_taken":18.0,"relics_obtained":["Golden Idol"]},{"cards_removed":["Strike_R"],"damage_healed":0.0,"max_hp_gain":0.0,"max_hp_loss":0.0,"gold_gain":0.0,"event_name":"Purifier","player_choice":"Purged","floor":5.0,"gold_loss":0.0,"damage_taken":0.0},{"damage_healed":0.0,"max_hp_gain":0.0,"max_hp_loss":0.0,"gold_gain":0.0,"event_name":"Lab","player_choice":"Got Potions","floor":7.0,"gold_loss":0.0,"damage_taken":0.0},{"damage_healed":0.0,"max_hp_gain":0.0,"max_hp_loss":0.0,"gold_gain":0.0,"event_name":"The Mausoleum","player_choice":"Opened","floor":19.0,"gold_loss":0.0,"damage_taken":0.0,"relics_obtained":["Dream Catcher"]},{"damage_healed":0.0,"max_hp_gain":0.0,"max_hp_loss":0.0,"gold_gain":0.0,"event_name":"Masked Bandits","player_choice":"Fought Bandits","floor":22.0,"gold_loss":0.0,"damage_taken":0.0},{"cards_removed":["Strike_R"],"damage_healed":0.0,"max_hp_gain":0.0,"max_hp_loss":0.0,"gold_gain":0.0,"event_name":"Back to Basics","player_choice":"Elegance","floor":24.0,"gold_loss":0.0,"damage_taken":0.0},{"damage_healed":0.0,"max_hp_gain":0.0,"max_hp_loss":0.0,"gold_gain":0.0,"event_name":"Vampires","player_choice":"Ignored","floor":29.0,"gold_loss":0.0,"damage_taken":0.0},{"damage_healed":0.0,"max_hp_gain":0.0,"max_hp_loss":0.0,"gold_gain":0.0,"event_name":"WeMeetAgain","player_choice":"Gave Potion","floor":30.0,"gold_loss":0.0,"damage_taken":0.0,"relics_obtained":["Blood Vial"]},{"damage_healed":0.0,"max_hp_gain":0.0,"max_hp_loss":0.0,"gold_gain":222.0,"event_name":"Tomb of Lord Red Mask","player_choice":"Wore Mask","floor":39.0,"gold_loss":0.0,"damage_taken":0.0},{"cards_removed":["Spot Weakness"],"damage_healed":0.0,"max_hp_gain":0.0,"max_hp_loss":0.0,"gold_gain":0.0,"event_name":"Falling","player_choice":"Removed Skill","floor":46.0,"gold_loss":0.0,"damage_taken":0.0},{"damage_healed":18.0,"max_hp_gain":0.0,"max_hp_loss":0.0,"gold_gain":0.0,"event_name":"Winding Halls","player_choice":"Writhe","floor":47.0,"gold_loss":0.0,"damage_taken":0.0,"cards_obtained":["Writhe"]}],"is_beta":false,"boss_relics":[{"not_picked":["Runic Pyramid","Black Star"],"picked":"Astrolabe"},{"not_picked":["Sozu","Runic Dome"],"picked":"Coffee Dripper"}],"items_purged_floors":[10,38,53],"is_endless":false,"potions_floor_spawned":[3,6,12,13,18,23,31,33,35,36,45],"killed_by":"The Heart","ascension_level":0}}