{"host":"y7wrf01yacd588jx","time":1613965536,"event":{"mods":["AchievementEnabler","Act Like it!","Aspiration","BaseMod","Better Sensory Stone","Better Skull","Colored Map","Colored Powertips","Conspire","Displayed Cursed Tome","Downfall","Energized Spire","Friendly Minions","Gensokyo","GifTheSpireLib","Googly Eyes","Hermit","Hubris","Infinite Spire","Minty Spire (QoL Compilation)","Permanent Neow","Relic Sorter","Reliquary","Replay The Spire","Ruina","Shade Mod","StSLib","Stuff the Spire","The Cursed","The Death Knight","The Hierophant","The Mystic","The Sage"],"gold_per_floor":[279,295,313,313,329,362,362,362,362,375,54,83,101,127,127,228,228,238,238,256,291,302,302,352,352,352,365,380,380,380,380],"floor_reached":30,"language":"ENG","playtime":3353,"items_purged":["sagemod:Strike"],"score":242,"play_id":"d5c47c1d-f2d7-4b67-b16b-bc588d53cdb6","local_time":"20210221224536","is_ascension_mode":false,"campfire_choices":[{"floor":15,"key":"REST"},{"data":"sagemod:How_To_Warm_Elephants","floor":23,"key":"SMITH"},{"data":"sagemod:How_To_Befriend_A_Turtle","floor":25,"key":"SMITH"}],"circlet_count":0,"master_deck":["sagemod:Strike","sagemod:Strike","sagemod:Strike","sagemod:Defend","sagemod:Defend","sagemod:Defend","sagemod:Defend","sagemod:Fly","sagemod:Upwards","sagemod:Altitude","sagemod:Quackster","sagemod:Flight_Feint","sagemod:Catch_Me_If_You_Can","sagemod:Fire_Brew","sagemod:How_To_Warm_Elephants+1","sagemod:Armor_Brew","sagemod:Brewmaster","sagemod:On_The_Head","sagemod:On_The_Head","sagemod:Spoon_Strike","sagemod:Taste_This_One","sagemod:Read_The_Riot_Act","sagemod:How_To_Befriend_A_Turtle+1","sagemod:How_To_Charm_A_Sentry","sagemod:Quackster+1","sagemod:Taste_This_One+1","sagemod:Bookworm","sagemod:Deadly_Contraption"],"relics":["sagemod:Flying_Carpet","Dream Catcher","ReplayTheSpireMod:TigerMarble","Smiling Mask","StuffTheSpire:GrapeVine","hubris:MysteriousPyramids","Omamori","hubris:VirtuousBlindfold","Replay:Wax Seal","aspiration:FetidBarrel","Art of War"],"acts_visited":["Exordium","TheCity"],"potions_floor_usage":[6,6,10,12,12,12,12,12,12,12,13,13,13,13,16,16,16,16,16,16,16,18,18,18,20,20,20,20,21,21,21,21,21,21,22,22,22,22,22,27,27,27,27,27,28,28,28,28,28,30],"damage_taken":[{"damage":2,"enemies":"Small Slimes","floor":1,"turns":6},{"damage":2,"enemies":"Cultist","floor":2,"turns":6},{"damage":8,"enemies":"2 Louse","floor":3,"turns":3},{"damage":1,"enemies":"Blue Slaver","floor":5,"turns":7},{"damage":8,"enemies":"3 Sentries","floor":6,"turns":20},{"damage":4,"enemies":"Red Slaver","floor":10,"turns":5},{"damage":4,"enemies":"Lagavulin","floor":12,"turns":9},{"damage":1,"enemies":"Exordium Wildlife","floor":13,"turns":6},{"damage":19,"enemies":"Fading Forest","floor":16,"turns":11},{"damage":4,"enemies":"Spheric Guardian","floor":18,"turns":5},{"damage":0,"enemies":"3 Byrds","floor":20,"turns":3},{"damage":2,"enemies":"conspire:MimicChest","floor":21,"turns":9},{"damage":6,"enemies":"Shelled Parasite and Fungi","floor":22,"turns":9},{"damage":3,"enemies":"Centurion and Healer","floor":27,"turns":8},{"damage":4,"enemies":"Cultist and Chosen","floor":28,"turns":4},{"damage":32,"enemies":"Gremlin Leader","floor":30,"turns":4}],"seed_played":"6094750009436104775","potions_obtained":[{"floor":1,"key":"Ancient Potion"},{"floor":2,"key":"GamblersBrew"},{"floor":12,"key":"Fire Potion"},{"floor":12,"key":"Explosive Potion"},{"floor":13,"key":"SteroidPotion"},{"floor":18,"key":"DeathKnight:BottledBloodEchoes"},{"floor":20,"key":"ColorlessPotion"},{"floor":21,"key":"Strength Potion"},{"floor":22,"key":"champ:CounterPotion"}],"is_trial":false,"path_per_floor":["M","M","M","?","M","E","?","?","T","M","$","E","M","T","R","B",null,"M","$","M","?","M","R","?","R","T","M","M","T","E"],"character_chosen":"THE_SAGE","items_purchased":["sagemod:Armor_Brew","sagemod:Brewmaster","ColorlessPotion","PowerPotion","sagemod:On_The_Head"],"campfire_rested":1,"item_purchase_floors":[11,11,11,11,11],"current_hp_per_floor":[48,46,38,26,25,17,17,17,17,13,13,9,9,9,24,31,51,47,47,47,45,39,39,39,39,39,36,32,32,0,0],"gold":380,"neow_bonus":"HUNDRED_GOLD","is_daily":false,"chose_seed":false,"campfire_upgraded":2,"win_rate":0.0,"timestamp":1613965536,"path_taken":["M","M","M","?","?","E","?","?","T","M","$","E","?","?","R","BOSS","M","$","?","?","M","R","?","R","T","?","M","?","E"],"items_purchased_type":["Card","Card","Potion","Potion","Card"],"build_version":"2020-12-22","purchased_purges":1,"victory":false,"max_hp_per_floor":[50,50,50,50,50,50,50,50,50,50,50,50,51,51,51,51,51,51,51,51,51,51,51,51,51,51,51,51,51,51,51],"card_choices":[{"not_picked":["sagemod:Rock_Oil","sagemod:Step_Back"],"picked":"sagemod:Altitude","floor":1},{"not_picked":["sagemod:Tinker","sagemod:Salty_Strike"],"picked":"sagemod:Quackster","floor":2},{"not_picked":["sagemod:Rock_Oil","sagemod:About_Clark"],"picked":"sagemod:Flight_Feint","floor":3},{"not_picked":["sagemod:Turn_Around","sagemod:Pincer_Repair"],"picked":"sagemod:Catch_Me_If_You_Can","floor":5},{"not_picked":["sagemod:Slalom","sagemod:Energetic_Brew"],"picked":"sagemod:Fire_Brew","floor":6},{"not_picked":["sagemod:Crank","sagemod:How_To_Poke_At_Slimes","sagemod:Ambition"],"picked":"SKIP","floor":10},{"not_picked":["sagemod:Deadly_Contraption","sagemod:How_To_Amuse_Sneckos"],"picked":"sagemod:Spoon_Strike","floor":12},{"not_picked":["sagemod:Slalom","sagemod:Crank","sagemod:Ambition"],"picked":"SKIP","floor":13},{"not_picked":["sagemod:Deadly_Contraption","sagemod:Accumulation"],"picked":"sagemod:Taste_This_One","floor":15},{"not_picked":["sagemod:Extra_Portion","sagemod:Meditation"],"picked":"sagemod:Read_The_Riot_Act","floor":16},{"not_picked":["sagemod:How_To_Poke_At_Slimes","sagemod:How_To_Wake_Lyons"],"picked":"sagemod:How_To_Befriend_A_Turtle","floor":18},{"not_picked":["sagemod:Ambition","sagemod:Slalom"],"picked":"sagemod:How_To_Charm_A_Sentry","floor":20},{"not_picked":["sagemod:Spoon_Strike","sagemod:Rickety_Defense"],"picked":"sagemod:Quackster+1","floor":21},{"not_picked":["sagemod:How_To_Poke_At_Slimes","sagemod:About_Clark"],"picked":"sagemod:Taste_This_One+1","floor":22},{"not_picked":["sagemod:About_Clark","sagemod:How_To_Poke_At_Slimes+1"],"picked":"sagemod:Bookworm","floor":27},{"not_picked":["sagemod:Catch_Me_If_You_Can","sagemod:Undermine"],"picked":"sagemod:Deadly_Contraption","floor":28}],"player_experience":157639,"relics_obtained":[{"floor":6,"key":"ReplayTheSpireMod:TigerMarble"},{"floor":9,"key":"StuffTheSpire:GrapeVine"},{"floor":12,"key":"hubris:MysteriousPyramids"},{"floor":14,"key":"Omamori"},{"floor":21,"key":"Replay:Wax Seal"},{"floor":26,"key":"aspiration:FetidBarrel"},{"floor":29,"key":"Art of War"}],"event_choices":[{"damage_healed":0,"gold_gain":0,"player_choice":"RE ","damage_taken":14,"relics_obtained":["Dream Catcher"],"max_hp_gain":0,"max_hp_loss":0,"event_name":"betterSkull:BetterSkull","floor":4,"gold_loss":0,"cards_upgraded":[]},{"damage_healed":0,"gold_gain":0,"player_choice":"Gave Potion","damage_taken":0,"relics_obtained":["Smiling Mask"],"max_hp_gain":0,"max_hp_loss":0,"event_name":"WeMeetAgain","floor":8,"gold_loss":0},{"damage_healed":0,"gold_gain":100,"player_choice":"Bet on Murderer","damage_taken":0,"max_hp_gain":0,"max_hp_loss":0,"event_name":"The Joust","floor":24,"gold_loss":50}],"is_beta":false,"boss_relics":[{"not_picked":["Coffee Dripper","Replay:Wanted Poster"],"picked":"hubris:VirtuousBlindfold"}],"items_purged_floors":[11],"is_endless":false,"potions_floor_spawned":[1,2,13,18,20,21,22],"killed_by":"Gremlin Leader","ascension_level":0}}