{"host":"2c84cb4cp1emursg","time":1613974664,"event":{"mods":["Act Like it!","BaseMod","Better Third Choice","Bossed Relics","Hermit","Minty Spire (QoL Compilation)","Permanent Neow","Shapeshifter Mod","StSLib"],"gold_per_floor":[117,129,143,163,174,174,37,0,23,23,49,1,1,12,12,112,112,132,145,156,156,156,198,198,211,262,262,262],"floor_reached":27,"language":"ENG","playtime":1157,"items_purged":[],"score":247,"play_id":"20c84a59-d45a-400b-b31f-b6c51acfbe86","local_time":"20210221231744","is_ascension_mode":true,"campfire_choices":[{"data":"StSShapeShifter:BaskInBloom","floor":6,"key":"SMITH"},{"data":"StSShapeShifter:Lynx_Form","floor":13,"key":"SMITH"},{"data":"StSShapeShifter:WolfForm","floor":15,"key":"SMITH"}],"circlet_count":0,"master_deck":["StSShapeShifter:ShapeShifter_Strike","StSShapeShifter:ShapeShifter_Strike","StSShapeShifter:ShapeShifter_Strike","StSShapeShifter:ShapeShifter_Strike","StSShapeShifter:ShapeShifter_Strike","StSShapeShifter:ShapeShifter_Defend","StSShapeShifter:ShapeShifter_Defend","StSShapeShifter:ShapeShifter_Defend","StSShapeShifter:ShapeShifter_Defend","StSShapeShifter:ShapeShifter_Defend","StSShapeShifter:HippoForm","StSShapeShifter:BloomingSlash","StSShapeShifter:BladeOfGrass","StSShapeShifter:BaskInBloom+1","StSShapeShifter:TopazSkin","StSShapeShifter:MonkeyForm","StSShapeShifter:MammothForm","StSShapeShifter:PorcupineForm","StSShapeShifter:RockSlide","StSShapeShifter:WolfForm+1","StSShapeShifter:FullMoon","StSShapeShifter:RockSlide","StSShapeShifter:FoxForm+1","J.A.X.","StSShapeShifter:StormGryphonForm","StSShapeShifter:FesteringBite"],"relics":["StSShapeShifter:AnimalHeart","StSShapeShifter:TheShapeShiftersMagnolia","betterThird:SlimedRelic","Smiling Mask","Bronze Scales","Coffee Dripper","StSShapeShifter:LoyalLobster","Regal Pillow","Centennial Puzzle"],"acts_visited":["Exordium","TheCity"],"potions_floor_usage":[1,4,11,11,20,23],"damage_taken":[{"damage":5,"enemies":"Small Slimes","floor":1,"turns":2},{"damage":1,"enemies":"Cultist","floor":2,"turns":3},{"damage":0,"enemies":"2 Louse","floor":3,"turns":1},{"damage":0,"enemies":"Exordium Wildlife","floor":4,"turns":1},{"damage":10,"enemies":"Looter","floor":5,"turns":2},{"damage":28,"enemies":"Gremlin Nob","floor":11,"turns":5},{"damage":6,"enemies":"Blue Slaver","floor":14,"turns":3},{"damage":9,"enemies":"Hexaghost","floor":16,"turns":10},{"damage":12,"enemies":"Spheric Guardian","floor":18,"turns":6},{"damage":5,"enemies":"Chosen","floor":19,"turns":3},{"damage":13,"enemies":"3 Cultists","floor":20,"turns":3},{"damage":21,"enemies":"Slavers","floor":23,"turns":6},{"damage":20,"enemies":"Chosen and Byrds","floor":25,"turns":7}],"seed_played":"106339820014487992","potions_obtained":[{"floor":1,"key":"EntropicBrew"},{"floor":5,"key":"PowerPotion"},{"floor":11,"key":"SpeedPotion"},{"floor":14,"key":"EssenceOfSteel"},{"floor":18,"key":"SteroidPotion"},{"floor":19,"key":"DuplicationPotion"},{"floor":20,"key":"SmokeBomb"},{"floor":25,"key":"Energy Potion"}],"is_trial":false,"path_per_floor":["M","M","M","M","M","R","$","?","T","?","E","$","R","M","R","B",null,"M","M","M","?","T","E","?","M","T","R"],"character_chosen":"SHAPESHIFTER","items_purchased":["StSShapeShifter:MammothForm","StSShapeShifter:RockSlide"],"campfire_rested":0,"item_purchase_floors":[7,12],"current_hp_per_floor":[73,72,72,72,62,62,62,51,51,51,25,25,25,19,19,28,78,66,61,51,51,51,39,32,21,21,21,21],"gold":262,"neow_bonus":"THREE_CARDS","is_daily":false,"chose_seed":false,"campfire_upgraded":3,"win_rate":0.0,"timestamp":1613974664,"path_taken":["M","M","M","M","M","R","$","?","T","?","E","$","R","M","R","BOSS","M","M","?","?","?","E","?","M","T","R"],"items_purchased_type":["Card","Card"],"build_version":"2020-12-22","purchased_purges":0,"victory":false,"max_hp_per_floor":[78,78,78,78,78,78,78,78,78,78,78,78,78,78,78,78,78,78,78,78,78,78,78,78,78,78,78,78],"card_choices":[{"not_picked":["StSShapeShifter:BarkSkin","StSShapeShifter:Roar"],"picked":"StSShapeShifter:HippoForm","floor":0},{"not_picked":["StSShapeShifter:RatForm","StSShapeShifter:AdaptiveStrikes"],"picked":"StSShapeShifter:BloomingSlash","floor":1},{"not_picked":["StSShapeShifter:Roar","StSShapeShifter:AdaptiveStrikes"],"picked":"StSShapeShifter:BladeOfGrass","floor":2},{"not_picked":["StSShapeShifter:FesteringBite","StSShapeShifter:Roar"],"picked":"StSShapeShifter:BaskInBloom","floor":3},{"not_picked":["StSShapeShifter:ThornToss","StSShapeShifter:WaspSwarmForm"],"picked":"StSShapeShifter:TopazSkin","floor":4},{"not_picked":["StSShapeShifter:DiverseSpirit","StSShapeShifter:Efflorescence"],"picked":"StSShapeShifter:MonkeyForm","floor":5},{"not_picked":["StSShapeShifter:HippoForm","StSShapeShifter:Sapling"],"picked":"StSShapeShifter:PorcupineForm","floor":11},{"not_picked":["StSShapeShifter:ThornToss","StSShapeShifter:Sap_Burst"],"picked":"StSShapeShifter:WolfForm","floor":14},{"not_picked":["StSShapeShifter:BurstOfLifeEscapeDeath","StSShapeShifter:MammothForm"],"picked":"StSShapeShifter:FullMoon","floor":16},{"not_picked":["StSShapeShifter:VineHandcuffs","StSShapeShifter:Rest+1"],"picked":"StSShapeShifter:RockSlide","floor":18},{"not_picked":["StSShapeShifter:FlowerShield","StSShapeShifter:Summon_Mountains"],"picked":"StSShapeShifter:FoxForm+1","floor":19},{"not_picked":["StSShapeShifter:DeerForm","StSShapeShifter:HippoForm","StSShapeShifter:ThornToss"],"picked":"SKIP","floor":20},{"not_picked":["StSShapeShifter:Roar","StSShapeShifter:RatForm","StSShapeShifter:SunflowerShuriken"],"picked":"SKIP","floor":23},{"not_picked":["StSShapeShifter:CursedApple","StSShapeShifter:Uproot_Redwood"],"picked":"StSShapeShifter:FesteringBite","floor":25}],"player_experience":586663,"relics_obtained":[{"floor":11,"key":"Bronze Scales"},{"floor":22,"key":"StSShapeShifter:LoyalLobster"},{"floor":23,"key":"Regal Pillow"},{"floor":26,"key":"Centennial Puzzle"}],"event_choices":[{"damage_healed":0,"gold_gain":0,"player_choice":"Slimed","damage_taken":11,"max_hp_gain":0,"max_hp_loss":0,"event_name":"betterThird:BetterGoop","floor":8,"gold_loss":37},{"damage_healed":0,"gold_gain":0,"player_choice":"Gave Potion","damage_taken":0,"relics_obtained":["Smiling Mask"],"max_hp_gain":0,"max_hp_loss":0,"event_name":"WeMeetAgain","floor":10,"gold_loss":0},{"damage_healed":0,"gold_gain":0,"player_choice":"Obtain J.A.X.","damage_taken":0,"max_hp_gain":0,"max_hp_loss":0,"event_name":"Drug Dealer","floor":21,"gold_loss":0,"cards_obtained":["J.A.X."]}],"is_beta":false,"boss_relics":[{"not_picked":["Pandora\u0027s Box","Black Star"],"picked":"Coffee Dripper"}],"items_purged_floors":[],"is_endless":false,"potions_floor_spawned":[1,2,5,11,14,18,19,20,25],"ascension_level":1}}