{"host":"72n3jwtrlpjobydj","time":1613963352,"event":{"mods":["AchievementEnabler","Act Like it!","Arknights","BaseMod","CapriCore","DeckTracker","Hermit","Koishi","Lobotomy","Marisa£¨Ùöéë¡¡Øª×âÞÞ£©","Minty Spire (QoL Compilation)","Permanent Neow","StSLib","SuperFastMode","The Cursed","The Gatherer","The Hierophant","The Immortal"],"gold_per_floor":[118,134,94,105,120,120,45,72,72,97,114,114,133,133,133,235,235,250,250,250,261,280,312,312,339,339,355,366,366,381,381,381],"floor_reached":31,"language":"KOR","playtime":860,"items_purged":["Strike_G"],"score":307,"play_id":"9dd221da-bb8a-44bf-9c6b-6fcf08e0dd80","local_time":"20210222120912","is_ascension_mode":true,"campfire_choices":[{"data":"Catalyst","floor":6,"key":"SMITH"},{"floor":12,"key":"REST"},{"floor":15,"key":"REST"},{"floor":24,"key":"REST"},{"floor":29,"key":"REST"}],"circlet_count":0,"master_deck":["Strike_G","Strike_G","Strike_G","Strike_G","Defend_G","Defend_G","Defend_G","Defend_G","Defend_G","Survivor","Neutralize","Poisoned Stab","Deflect","Catalyst+1","Dodge and Roll","Poisoned Stab","Corpse Explosion","Ghostly","Ghostly","Ghostly","Ghostly","Ghostly","Footwork","Deflect","Blur","Catalyst"],"relics":["Ring of the Snake","Snake Skull","Peace Pipe","Bottled Flame","Darkstone Periapt","SlaversCollar","Dream Catcher","Red Mask"],"acts_visited":["Exordium","TheCity"],"potions_floor_usage":[2,8,10,16,16,16,30,30,31,31],"damage_taken":[{"damage":0,"enemies":"Jaw Worm","floor":1,"turns":3},{"damage":0,"enemies":"ats:Genji","floor":2,"turns":5},{"damage":4,"enemies":"2 Louse","floor":4,"turns":2},{"damage":0,"enemies":"Blue Slaver","floor":5,"turns":5},{"damage":13,"enemies":"Lagavulin","floor":8,"turns":4},{"damage":28,"enemies":"Gremlin Nob","floor":10,"turns":5},{"damage":7,"enemies":"3 Louse","floor":11,"turns":4},{"damage":4,"enemies":"Exordium Wildlife","floor":13,"turns":5},{"damage":10,"enemies":"Hexaghost","floor":16,"turns":6},{"damage":13,"enemies":"Shell Parasite","floor":18,"turns":3},{"damage":15,"enemies":"3 Byrds","floor":21,"turns":6},{"damage":3,"enemies":"Snake Plant","floor":22,"turns":5},{"damage":1,"enemies":"Book of Stabbing","floor":23,"turns":6},{"damage":8,"enemies":"Masked Bandits","floor":25,"turns":5},{"damage":1,"enemies":"Centurion and Healer","floor":27,"turns":5},{"damage":7,"enemies":"Shelled Parasite and Fungi","floor":28,"turns":10},{"damage":33,"enemies":"Cultist and Chosen","floor":30,"turns":10},{"damage":17,"enemies":"Snecko","floor":31,"turns":6}],"seed_played":"4483029763415264923","potions_obtained":[{"floor":1,"key":"Energy Potion"},{"floor":3,"key":"CultistPotion"},{"floor":3,"key":"LiquidBronze"},{"floor":3,"key":"Poison Potion"},{"floor":10,"key":"Poison Potion"},{"floor":13,"key":"Dexterity Potion"},{"floor":16,"key":"LiquidBronze"},{"floor":23,"key":"SteroidPotion"},{"floor":25,"key":"SmokeBomb"},{"floor":28,"key":"Regen Potion"},{"floor":30,"key":"Fire Potion"}],"is_trial":false,"path_per_floor":["M","M","?","M","M","R","$","E","T","E","M","R","M","?","R","B",null,"M","?","?","M","M","E","R","?","T","M","M","R","M","M"],"character_chosen":"THE_SILENT","items_purchased":[],"campfire_rested":4,"item_purchase_floors":[],"current_hp_per_floor":[70,70,70,66,66,66,66,53,53,25,18,39,35,35,56,46,70,57,35,35,20,17,16,26,18,18,17,10,20,2,0,0],"gold":381,"neow_bonus":"RANDOM_COMMON_RELIC","is_daily":false,"chose_seed":false,"campfire_upgraded":1,"win_rate":0.0,"timestamp":1613963352,"path_taken":["M","M","?","M","M","R","$","E","T","E","?","R","M","?","R","BOSS","M","?","?","M","M","E","R","?","T","?","M","R","?","M"],"items_purchased_type":[],"build_version":"2020-12-22","purchased_purges":1,"victory":false,"max_hp_per_floor":[70,70,70,70,70,70,70,70,70,70,70,70,70,70,70,70,70,70,35,35,35,35,35,35,35,35,35,35,35,35,35,35],"card_choices":[{"not_picked":["Eviscerate","Reflex","Cloak And Dagger"],"picked":"SKIP","floor":1},{"not_picked":["PiercingWail","Footwork"],"picked":"Poisoned Stab","floor":2},{"not_picked":["Quick Slash","Reflex"],"picked":"Deflect","floor":4},{"not_picked":["Slice","Flying Knee"],"picked":"Catalyst","floor":5},{"not_picked":["Flying Knee","Sucker Punch","Quick Slash"],"picked":"SKIP","floor":8},{"not_picked":["Masterful Stab","Concentrate"],"picked":"Dodge and Roll","floor":10},{"not_picked":["Dash","Acrobatics"],"picked":"Poisoned Stab","floor":11},{"not_picked":["Skewer","Slice","Tactician"],"picked":"SKIP","floor":13},{"not_picked":["Envenom","After Image"],"picked":"Corpse Explosion","floor":16},{"not_picked":["Flechettes","Heel Hook","Reflex+1"],"picked":"SKIP","floor":18},{"not_picked":["Slice+1","Well Laid Plans","Skewer"],"picked":"SKIP","floor":21},{"not_picked":["Dagger Spray","Acrobatics","Quick Slash"],"picked":"SKIP","floor":22},{"not_picked":["Distraction","Outmaneuver","Expertise+1"],"picked":"SKIP","floor":23},{"not_picked":["Acrobatics","Quick Slash"],"picked":"Footwork","floor":24},{"not_picked":["Reflex","Dagger Spray"],"picked":"Deflect","floor":25},{"not_picked":["Riddle With Holes","Deflect"],"picked":"Blur","floor":27},{"not_picked":["Eviscerate","Prepared","Outmaneuver"],"picked":"SKIP","floor":28},{"not_picked":["Choke","Bane"],"picked":"Catalyst","floor":30}],"player_experience":116758,"relics_obtained":[{"floor":8,"key":"Peace Pipe"},{"floor":9,"key":"Bottled Flame"},{"floor":10,"key":"Darkstone Periapt"},{"floor":23,"key":"Dream Catcher"},{"floor":25,"key":"Red Mask"}],"event_choices":[{"damage_healed":0,"gold_gain":0,"player_choice":"Bought 3 Potions","damage_taken":0,"max_hp_gain":0,"max_hp_loss":0,"event_name":"The Woman in Blue","floor":3,"gold_loss":0},{"damage_healed":0,"gold_gain":0,"player_choice":"Searched \u00271\u0027 times","damage_taken":0,"max_hp_gain":0,"max_hp_loss":0,"event_name":"Dead Adventurer","floor":14,"gold_loss":0},{"damage_healed":0,"gold_gain":0,"player_choice":"Became a Ghost","damage_taken":0,"max_hp_gain":0,"max_hp_loss":35,"event_name":"Ghosts","floor":19,"gold_loss":0,"cards_obtained":["Ghostly","Ghostly","Ghostly","Ghostly","Ghostly"]},{"damage_healed":0,"gold_gain":0,"player_choice":"Ignored","damage_taken":0,"max_hp_gain":0,"max_hp_loss":0,"event_name":"Vampires","floor":20,"gold_loss":0},{"damage_healed":0,"gold_gain":0,"player_choice":"Fought Bandits","damage_taken":0,"max_hp_gain":0,"max_hp_loss":0,"event_name":"Masked Bandits","floor":25,"gold_loss":0}],"is_beta":false,"boss_relics":[{"not_picked":["Coffee Dripper","Pandora\u0027s Box"],"picked":"SlaversCollar"}],"items_purged_floors":[7],"is_endless":false,"potions_floor_spawned":[1,10,13,16,23,25,28,30],"killed_by":"Snecko","ascension_level":1}}