{"host":"5wilga4482d891pp","time":1613976277,"event":{"mods":["100% Spire Juice","2.2 Compatiblity","A Magickal Journey","AchievementEnabler","Act Like it!","Arknights","Aspiration","Bartender","BaseMod","Better Note","Better Third Choice","CapriCore","Chen","Conspire","Downfall","Elementarium","Energized Spire","Gensokyo","GungeonMod","Hallownest","Hermit","Hubris","Jorbs\u0027s Wanderer Trilogy","KinomotoSakuraMod(木之本?)","Koishi","Lobotomy","LobotomyExtend","Luminous","Marisa（霧雨　魔理沙）","Marked Mod","Minty Spire (QoL Compilation)","Pale of the Ancients","Prisma Mod","Railgun Mod","Reimu（博??梦）","Reliquary","Replay The Spire","Ruina","RumiaBox-露米?的神秘盒子","Shade Mod","Shapeshifter Mod","StSLib","The Administrix","The Alterego","The Animator","The Bug Knight","The Construct","The Cursed","The Gatherer","The Immortal","The IronCluck","The Wild Card","TheBandit","TheFirefly","TheSwordswoman","TheVacant","Uncapped","UnlockEverythingMod","WarShipGirlsR/??少女R mod","Yakumo Yukari mod","Yuyuko"],"gold_per_floor":[117,117,131,147,158,168,168,181,181,192,206,206,221,355,355,457,457,469,469,469,469,480,480,150,169,169,43,43,61,12,24,24,24,24],"floor_reached":33,"language":"ENG","playtime":7022,"items_purged":[],"score":278,"play_id":"7f729e2c-f738-4910-b98e-8f76af0ec36f","local_time":"20210222004437","is_ascension_mode":false,"campfire_choices":[{"data":"Crippling Poison","floor":7.0,"key":"SMITH"},{"data":"animator:Shiro","floor":15.0,"key":"SMITH"},{"floor":28,"key":"REST"},{"floor":32,"key":"DIG"}],"circlet_count":0,"master_deck":["animator:Chung","animator:Raven","animator:Millim","Crippling Poison+1","Deflect","animator:DolaSchwi","animator:Archer","animator:Raven","animator:Tyuule","animator:KyokoSakura","animator:Wiz","animator:ItamiYouji","animator:Ainz","animator:Shiro+1","animator:Albedo","animator:Elesis","animator:DolaSchwi","animator:IzunaHatsuse","animator:Souei","animator:Tyuule","hubris:NaturalOne","animator:Saber","animator:Layla","Slimebound:CheckThePlaybook","downfall:Icky","animator:Fredrika","Necronomicurse","animator:Elesis","animator:Shion","animator:FielNirvalen","animator:Megumin","animator:Zero","animator:Shigure","animator:IzunaHatsuse"],"relics":["animator:LivingPicture","animator:TheMissingPiece","animator:PurgingStone","aspiration:Nostalgia","ats:Sanity","LetterFromLob","SumBook","hubris:Icosahedron","Akabeko","hubris:VirtuousBlindfold","MutagenicStrength","hubris:Towel","Necronomicon","Replay:Baseball","Lantern","Mastiff:ReiMu"],"acts_visited":["Gensokyo:Gensokyo","TheCity"],"potions_floor_usage":[29],"damage_taken":[{"damage":0.0,"enemies":"Gensokyo:Gryphon","floor":1.0,"turns":5.0},{"damage":6.0,"enemies":"Gensokyo:2_Kodama","floor":3.0,"turns":4.0},{"damage":4.0,"enemies":"Gensokyo:Python","floor":4.0,"turns":3.0},{"damage":0.0,"enemies":"Gensokyo:Gryphon_and_Rabbit","floor":5.0,"turns":5.0},{"damage":0.0,"enemies":"Gensokyo:LivingMonolith","floor":6.0,"turns":3.0},{"damage":3.0,"enemies":"Gensokyo:Kitsune","floor":8.0,"turns":4.0},{"damage":7.0,"enemies":"Gensokyo:Gryphon_and_Rabbit","floor":10.0,"turns":3.0},{"damage":15.0,"enemies":"Gensokyo:Python_and_Kodama","floor":11.0,"turns":4.0},{"damage":6.0,"enemies":"Gensokyo:VengefulSpirit","floor":13.0,"turns":4.0},{"damage":0.0,"enemies":"Gensokyo:Mamizou","floor":14.0,"turns":3.0},{"damage":1.0,"enemies":"Gensokyo:Yukari","floor":16.0,"turns":7.0},{"damage":27.0,"enemies":"Chosen","floor":18.0,"turns":5.0},{"damage":0,"enemies":"conspire:FuzzyDice","floor":22,"turns":4},{"damage":14,"enemies":"Snake Plant","floor":25,"turns":3},{"damage":24,"enemies":"Centurion and Healer","floor":29,"turns":3},{"damage":5,"enemies":"Sentry and Sphere","floor":31,"turns":3},{"damage":9,"enemies":"Automaton","floor":33,"turns":3}],"seed_played":"8287253206813958787","potions_obtained":[{"floor":1.0,"key":"Strength Potion"},{"floor":4.0,"key":"LifebloodPotion"},{"floor":6.0,"key":"hexamod:SoulburnPotion"},{"floor":11.0,"key":"AttackPotion"},{"floor":13.0,"key":"DemoMod:LeadSkinPotion"},{"floor":22,"key":"Adrenaline Potion"},{"floor":25,"key":"SpeedPotion"}],"is_trial":false,"path_per_floor":["M","?","M","M","M","M","R","M","T","M","M","?","M","E","R","B",null,"M","?","?","?","M","?","$","M","T","$","R","M","$","M","R","B"],"character_chosen":"THE_ANIMATOR","items_purchased":["Replay:Baseball","animator:Elesis","animator:Shion","animator:Megumin","animator:Zero","animator:Shigure"],"campfire_rested":1,"item_purchase_floors":[24,24,24,27,27,30],"current_hp_per_floor":[66,66,60,56,56,56,56,53,53,46,31,31,25,25,25,24,66,39,39,39,39,39,23,23,9,9,9,28,4,4,2,2,0,0],"gold":24,"neow_bonus":"NOSTALGIA","is_daily":false,"chose_seed":false,"campfire_upgraded":2,"win_rate":0.0,"timestamp":1613976277,"path_taken":["M","?","M","M","M","M","R","M","T","?","M","?","M","E","R","BOSS","M","?","?","?","M","?","$","M","T","?","R","M","$","M","R","BOSS"],"items_purchased_type":["Relic","Card","Card","Card","Card","Card"],"build_version":"2020-12-22","purchased_purges":0,"victory":false,"max_hp_per_floor":[66,66,66,66,66,66,66,66,66,66,66,66,66,66,66,66,66,66,66,66,66,66,66,66,66,66,66,66,66,66,66,66,66,66],"card_choices":[{"not_picked":["animator:Shalltear","animator:Nanami"],"picked":"animator:Millim","floor":1.0},{"not_picked":["animator:Assassin","animator:Konayuki"],"picked":"animator:DolaSchwi","floor":3.0},{"not_picked":["animator:ElricAlphonse","animator:Benimaru"],"picked":"animator:Archer","floor":4.0},{"not_picked":["animator:Chung","animator:Ain"],"picked":"animator:Raven","floor":5.0},{"not_picked":["animator:Spearman","animator:Ciel"],"picked":"animator:Tyuule","floor":6.0},{"not_picked":["animator:Hitei","animator:Demiurge"],"picked":"animator:KyokoSakura","floor":8.0},{"not_picked":["animator:Konayuki","animator:ZankiKiguchi"],"picked":"animator:DolaSchwi","floor":10.0},{"not_picked":["animator:ChlammyZell","animator:Jibril"],"picked":"animator:IzunaHatsuse","floor":11.0},{"not_picked":["animator:Chung","animator:NagisaMomoe"],"picked":"animator:Souei","floor":13.0},{"not_picked":["animator:SilverFang","animator:Alexander"],"picked":"animator:Tyuule","floor":14.0},{"not_picked":["animator:SwordMaiden","animator:Rimuru"],"picked":"animator:Saber","floor":16.0},{"not_picked":["animator:ShinjiMatou","animator:Vesta"],"picked":"animator:Layla","floor":18.0},{"not_picked":["animator:Assassin","animator:Sloth"],"picked":"animator:Fredrika","floor":22},{"not_picked":["animator:TukaLunaMarceau","animator:Lancer+1"],"picked":"animator:FielNirvalen","floor":25},{"not_picked":["animator:Assassin","animator:Darkness"],"picked":"animator:Eris","floor":29},{"not_picked":["animator:Darkness","animator:Yuuichirou"],"picked":"animator:IzunaHatsuse","floor":31}],"player_experience":60328,"relics_obtained":[{"floor":1.0,"key":"LetterFromLob"},{"floor":9.0,"key":"SumBook"},{"floor":14.0,"key":"Akabeko"},{"floor":23,"key":"Necronomicon"},{"floor":26,"key":"Lantern"},{"floor":32,"key":"Mastiff:ReiMu"}],"event_choices":[{"damage_healed":0.0,"max_hp_gain":0.0,"max_hp_loss":0.0,"gold_gain":0.0,"event_name":"Drug Dealer","player_choice":"Inject Mutagens","floor":19.0,"gold_loss":0.0,"damage_taken":0.0,"relics_obtained":["MutagenicStrength"]},{"damage_healed":0,"gold_gain":0,"player_choice":"Obtained Book","damage_taken":16,"max_hp_gain":0,"max_hp_loss":0,"event_name":"Cursed Tome","floor":23,"gold_loss":0}],"is_beta":false,"boss_relics":[{"not_picked":["hubris:BlackHole","Ring of Chaos"],"picked":"hubris:VirtuousBlindfold"}],"items_purged_floors":[],"is_endless":false,"potions_floor_spawned":[1,4,6,11,13,22,25],"killed_by":"Automaton","ascension_level":0}}