{"host":"j05tanvorlbs2t7f","time":1613996716,"event":{"mods":["2.2 Compatiblity","AchievementEnabler","BaseMod","BetterRewards","Card Forge","Colored Powertips","Conspire","Downfall","Minty Spire (QoL Compilation)","Permanent Neow","Replay The Spire","Shade Mod","StSLib","The Bug Knight","The Construct","The Cursed","The Forsaken","The Hierophant","The Sage","TheHeartMod"],"gold_per_floor":[111,111,111,129,145,145,175,203,203,221,221,251,251,251,251,328,328,339,389,389,406,77,110,110,128,152,152,167,192,210,210,210,289,389,405,421,421,433,447,475,475,485,485,534,534,561,561,611,611,611,611,611,611,446,480,480],"floor_reached":57,"language":"POL","playtime":3191,"items_purged":[],"score":3816,"play_id":"cdaedf73-fb23-4d3b-b2b3-79e5dd89a6af","local_time":"20210222132516","is_ascension_mode":true,"campfire_choices":[{"data":"Self Repair","floor":6.0,"key":"SMITH"},{"data":"1","floor":13.0,"key":"LIFT"},{"data":"2","floor":15.0,"key":"LIFT"},{"data":"3","floor":24.0,"key":"LIFT"},{"data":"Zap","floor":32.0,"key":"SMITH"},{"floor":41.0,"key":"RECALL"},{"data":"Aggregate","floor":47.0,"key":"SMITH"},{"floor":49.0,"key":"DIG"},{"data":"Amplify","floor":53.0,"key":"SMITH"}],"circlet_count":0,"master_deck":["AscendersBane","Strike_B","Strike_B","Strike_B","Strike_B","Defend_B","Defend_B","Defend_B+1","Defend_B","Zap+1","Dualcast","Coolheaded","Coolheaded","Defragment+1","conspire:SharedLibrary","Defragment+1","Self Repair+1","BootSequence","Barrage+1","Hologram","Leap","Compile Driver+1","Aggregate+1","Aggregate+1","Machine Learning","Beam Cell+1","Beam Cell+1","Creative AI","CurseOfTheBell","Thunder Strike+1","Ball Lightning+1","Static Discharge","Amnesia","Leap+1","Self Repair","Conserve Battery+1","Hologram+1","Conserve Battery+1","Conserve Battery+1","Defragment","Hello World","Stack+1","Conserve Battery+1","Go for the Eyes+1","Amplify+1","Streamline+1","Ball Lightning+1","Defragment","Hologram+1","Leap+1","Thunder Strike+1","Cold Snap+1","Stack+1","ReplayTheSpireMod:Calculation Training+1","Hologram+1"],"relics":["Cracked Core","Hammer of Thor","Seething Fire","Anvil of the Gods","Mummified Hand","Prayer Wheel","DataDisk","Molten Egg 2","Unceasing Top","BargainBundle","Pet Ghost","Juzu Bracelet","construct:BoolHorns","HandDrill","Art of War","TungstenRod","Girya","Blood Vial","Turnip","Replay:Bottled Flurry","conspire:DeflatedDodgeball","Calling Bell","MealTicket","theForsaken:HumbleEgg","conspire:GiftBox","conspire:BottledYoYo","Gremlin Horn","conspire:TopHat","Vajra","Meat on the Bone","Bottled Lightning","Replay:Wanted Poster","Strawberry","Ice Cream","Singing Bowl","Anchor","War Paint","Replay:Frozen Program","Bag of Preparation"],"acts_visited":["Exordium","TheCity","TheBeyond","TheEnding"],"potions_floor_usage":[56],"damage_taken":[{"damage":0.0,"enemies":"2 Louse","floor":1.0,"turns":3.0},{"damage":0.0,"enemies":"Small Slimes","floor":4.0,"turns":1.0},{"damage":0.0,"enemies":"Cultist","floor":5.0,"turns":3.0},{"damage":2.0,"enemies":"conspire:MimicChest","floor":7.0,"turns":5.0},{"damage":0.0,"enemies":"Lagavulin","floor":8.0,"turns":8.0},{"damage":0.0,"enemies":"Blue Slaver","floor":10.0,"turns":2.0},{"damage":1.0,"enemies":"Gremlin Nob","floor":12.0,"turns":3.0},{"damage":0.0,"enemies":"The Guardian","floor":16.0,"turns":7.0},{"damage":0.0,"enemies":"Chosen","floor":18.0,"turns":3.0},{"damage":1.0,"enemies":"Shell Parasite","floor":21.0,"turns":4.0},{"damage":14.0,"enemies":"conspire:SneckoGhost","floor":23.0,"turns":4.0},{"damage":0.0,"enemies":"Sentry and Sphere","floor":25.0,"turns":3.0},{"damage":0.0,"enemies":"Snecko","floor":28.0,"turns":3.0},{"damage":8.0,"enemies":"Book of Stabbing","floor":29.0,"turns":4.0},{"damage":0.0,"enemies":"Centurion and Healer","floor":30.0,"turns":4.0},{"damage":3.0,"enemies":"Champ","floor":33.0,"turns":6.0},{"damage":21.0,"enemies":"3 Darklings","floor":35.0,"turns":4.0},{"damage":0.0,"enemies":"Orb Walker","floor":36.0,"turns":1.0},{"damage":0.0,"enemies":"Jaw Worm Horde","floor":38.0,"turns":2.0},{"damage":0.0,"enemies":"Writhing Mass","floor":39.0,"turns":5.0},{"damage":0.0,"enemies":"Giant Head","floor":40.0,"turns":5.0},{"damage":0.0,"enemies":"Maw","floor":42.0,"turns":3.0},{"damage":0.0,"enemies":"Reptomancer","floor":46.0,"turns":4.0},{"damage":0.0,"enemies":"Donu and Deca","floor":50.0,"turns":3.0},{"damage":13.0,"enemies":"Time Eater","floor":51.0,"turns":8.0},{"damage":43,"enemies":"Shield and Spear","floor":55,"turns":6},{"damage":57,"enemies":"The Heart","floor":56,"turns":8}],"seed_played":"3149311458663215207","potions_obtained":[{"floor":1.0,"key":"Swift Potion"},{"floor":12.0,"key":"Energy Potion"},{"floor":21.0,"key":"Adrenaline Potion"},{"floor":29.0,"key":"Adrenaline Potion"},{"floor":30.0,"key":"FairyPotion"},{"floor":36.0,"key":"Strength Potion"}],"is_trial":false,"path_per_floor":["M","?","?","M","M","R","?","E","T","M","?","E","R","?","R","B",null,"M","?","?","M","$","E","R","M","T","?","M","E","M","T","R","B",null,"M","M","?","M","M","E","R","M","T","?","$","E","R","?","R","B","B",null,"R","$","E","B",null],"character_chosen":"DEFECT","items_purchased":["Mummified Hand","Coolheaded","DataDisk","Molten Egg 2","Defragment","BargainBundle","Pet Ghost","Juzu Bracelet","conspire:SharedLibrary","DistilledChaos","Defragment","HandDrill","Art of War","Self Repair","Blood Vial","BootSequence","Gremlin Horn","Conserve Battery+1","Replay:Frozen Program"],"campfire_rested":0,"item_purchase_floors":[0,0,0,0,0,0,0,0,0,0,0,0,0,0,0,0,22,22,54],"current_hp_per_floor":[31,36,36,38,40,40,50,62,62,64,64,75,75,75,75,76,76,76,76,76,76,76,76,76,76,76,76,76,76,76,76,76,76,76,62,64,64,76,76,83,83,83,83,57,72,85,85,85,85,85,85,85,85,85,80,54],"gold":480,"neow_bonus":"","is_daily":false,"chose_seed":false,"campfire_upgraded":4,"win_rate":0.0,"timestamp":1613996716,"path_taken":["M","?","?","M","M","R","?","E","T","M","?","E","R","?","R","BOSS","M","?","?","M","?","E","R","M","T","?","M","E","M","?","R","BOSS","M","M","?","M","M","E","R","M","T","?","?","E","R","?","R","BOSS","BOSS","R","$","E","BOSS"],"items_purchased_type":["Relic","Card","Relic","Relic","Card","Relic","Relic","Relic","Card","Potion","Card","Relic","Relic","Card","Relic","Card","Relic","Card","Relic"],"build_version":"2020-12-22","purchased_purges":0,"victory":true,"max_hp_per_floor":[71,76,76,76,76,76,76,76,76,76,76,76,76,76,76,76,76,76,76,76,76,76,76,76,76,76,76,76,76,76,76,76,76,76,76,76,76,76,76,83,83,83,83,83,83,85,85,85,85,85,85,85,85,85,87,87],"card_choices":[{"not_picked":["Tempest","Steam"],"picked":"Barrage+1","floor":1.0},{"not_picked":["Darkness","Melter+1"],"picked":"Compile Driver+1","floor":1.0},{"not_picked":["Redo","Compile Driver+1"],"picked":"Hologram","floor":4.0},{"not_picked":["Reinforced Body","FIFO Queue"],"picked":"Leap","floor":4.0},{"not_picked":["Sweeping Beam+1","Fusion"],"picked":"Compile Driver+1","floor":5.0},{"not_picked":["Consume","Steam Power","Rebound+1"],"picked":"SKIP","floor":5.0},{"not_picked":["conspire:SharedLibrary","Beam Cell+1"],"picked":"Aggregate","floor":7.0},{"not_picked":["Doom and Gloom+1","ReplayTheSpireMod:Repulse"],"picked":"Aggregate","floor":8.0},{"not_picked":["Rip and Tear+1","Cold Snap+1"],"picked":"Machine Learning","floor":10.0},{"not_picked":["Barrage+1","Leap"],"picked":"Beam Cell+1","floor":10.0},{"not_picked":["Blizzard+1","Rebound+1"],"picked":"Beam Cell+1","floor":12.0},{"not_picked":["All For One+1","ReplayRNGCard"],"picked":"Creative AI","floor":16.0},{"not_picked":["Mirror Shield","Meteor Strike+1"],"picked":"Thunder Strike+1","floor":17.0},{"not_picked":["Streamline+1","Steam+1"],"picked":"Ball Lightning+1","floor":18.0},{"not_picked":["Skim","Panic Button+1"],"picked":"Static Discharge","floor":18.0},{"not_picked":["conspire:SharedLibrary","Time Bomb+1"],"picked":"Leap+1","floor":21.0},{"not_picked":["Time Bomb","conspire:SharedLibrary"],"picked":"Self Repair","floor":21.0},{"not_picked":["Consume","Rebound+1"],"picked":"Hologram+1","floor":23.0},{"not_picked":["Consume","ReplayTheSpireMod:GoodbyeWorld"],"picked":"Conserve Battery+1","floor":25.0},{"not_picked":["Heatsinks","Streamline+1"],"picked":"Conserve Battery+1","floor":25.0},{"not_picked":["Compile Driver+1","Rebound+1"],"picked":"Defragment","floor":28.0},{"not_picked":["Static Discharge","Steam+1"],"picked":"Hello World","floor":28.0},{"not_picked":["Redo+1","Fission"],"picked":"Stack+1","floor":29.0},{"not_picked":["Barrage+1","Streamline+1"],"picked":"Conserve Battery+1","floor":30.0},{"not_picked":["Steam+1","Hologram+1"],"picked":"Go for the Eyes+1","floor":30.0},{"not_picked":["ReplayTheSpireMod:Fabricate Wheel","Rainbow"],"picked":"Amplify","floor":33.0},{"not_picked":["Force Field","Panic Button+1"],"picked":"Streamline+1","floor":35.0},{"not_picked":["ReplayTheSpireMod:Dual Polarity","Force Field"],"picked":"Ball Lightning+1","floor":35.0},{"not_picked":["Leap+1","Streamline+1"],"picked":"Defragment","floor":36.0},{"not_picked":["ReplayTheSpireMod:Reroute Power","Ball Lightning+1"],"picked":"Hologram+1","floor":36.0},{"not_picked":["BasicCrystalCard+1","Panic Button+1"],"picked":"Leap+1","floor":38.0},{"not_picked":["Streamline+1","Beam Cell+1"],"picked":"Thunder Strike+1","floor":38.0},{"not_picked":["Conserve Battery+1","Leap+1"],"picked":"Cold Snap+1","floor":39.0},{"not_picked":["Coolheaded+1","Compile Driver+1"],"picked":"Stack+1","floor":39.0},{"not_picked":["Hyperbeam+1","Genetic Algorithm","Consume"],"picked":"SKIP","floor":40.0},{"not_picked":["Gash+1","Panic Button+1"],"picked":"ReplayTheSpireMod:Calculation Training+1","floor":42.0},{"not_picked":["Compile Driver+1","ReplayTheSpireMod:GoodbyeWorld","Streamline+1"],"picked":"SKIP","floor":42.0},{"not_picked":["ReplaySolidLightProjector","Compile Driver+1"],"picked":"Hologram+1","floor":44.0},{"not_picked":["Undo+1","Ball Lightning+1","Steam+1"],"picked":"Singing Bowl","floor":46.0},{"not_picked":["Conserve Battery+1","Fusion","Rebound+1"],"picked":"Singing Bowl","floor":55}],"player_experience":507953,"relics_obtained":[{"floor":7.0,"key":"Turnip"},{"floor":8.0,"key":"Replay:Bottled Flurry"},{"floor":12.0,"key":"conspire:DeflatedDodgeball"},{"floor":17.0,"key":"MealTicket"},{"floor":17.0,"key":"theForsaken:HumbleEgg"},{"floor":17.0,"key":"conspire:GiftBox"},{"floor":23.0,"key":"conspire:TopHat"},{"floor":26.0,"key":"Vajra"},{"floor":29.0,"key":"Meat on the Bone"},{"floor":31.0,"key":"Bottled Lightning"},{"floor":40.0,"key":"Strawberry"},{"floor":43.0,"key":"Ice Cream"},{"floor":44.0,"key":"Singing Bowl"},{"floor":46.0,"key":"Anchor"},{"floor":49.0,"key":"War Paint"},{"floor":55,"key":"Bag of Preparation"}],"event_choices":[{"damage_healed":0.0,"max_hp_gain":5.0,"max_hp_loss":0.0,"gold_gain":0.0,"event_name":"Big Fish","player_choice":"Donut","floor":2.0,"gold_loss":0.0,"damage_taken":0.0},{"damage_healed":0.0,"max_hp_gain":0.0,"max_hp_loss":0.0,"gold_gain":0.0,"event_name":"Shining Light","player_choice":"Ignored","floor":3.0,"gold_loss":0.0,"damage_taken":0.0},{"damage_healed":0.0,"max_hp_gain":0.0,"max_hp_loss":0.0,"gold_gain":0.0,"event_name":"Living Wall","player_choice":"Grow","floor":11.0,"gold_loss":0.0,"damage_taken":0.0,"cards_upgraded":["Defragment"]},{"damage_healed":0.0,"max_hp_gain":0.0,"max_hp_loss":0.0,"gold_gain":0.0,"event_name":"Accursed Blacksmith","player_choice":"Forge","floor":14.0,"gold_loss":0.0,"damage_taken":0.0,"cards_upgraded":["Defragment"]},{"damage_healed":0.0,"max_hp_gain":0.0,"max_hp_loss":0.0,"gold_gain":50.0,"event_name":"Nest","player_choice":"Stole From Cult","floor":19.0,"gold_loss":0.0,"damage_taken":0.0},{"cards_removed":["Compile Driver"],"damage_healed":0.0,"max_hp_gain":0.0,"max_hp_loss":0.0,"gold_gain":0.0,"event_name":"Falling","player_choice":"Removed Attack","floor":37.0,"gold_loss":0.0,"damage_taken":0.0},{"damage_healed":0.0,"max_hp_gain":0.0,"max_hp_loss":0.0,"gold_gain":50.0,"event_name":"Golden Shrine","player_choice":"Pray","floor":48.0,"gold_loss":0.0,"damage_taken":0.0}],"is_beta":false,"boss_relics":[{"not_picked":["conspire:SpecialSausage","conspire:RunicOctahedron"],"picked":"Calling Bell"},{"not_picked":["Runic Dome","Empty Cage"],"picked":"Replay:Wanted Poster"}],"items_purged_floors":[],"is_endless":false,"potions_floor_spawned":[1,5,12,21,28,29,30,36,46,55],"ascension_level":20}}