{"host":"g8a0qo0vjtg6u5wv","time":1613995958,"event":{"mods":["BaseMod","Colored Map","Custom Start","KOR Keyword Fix","Minty Spire (QoL Compilation)","StSLib","SuperFastMode"],"gold_per_floor":[115,134,33,50,60,85,95,95,95,112,12,12,12,25,25,124,124,136,136,11,11,21,54,54,83,83,83,83,93,193,193,193,294,294,312,322,336,336,336,336],"floor_reached":39,"language":"KOR","playtime":889,"items_purged":["Defend_P","Strike_P","Strike_P"],"score":712,"play_id":"e31d3325-9aeb-4a20-adac-34cf1c73a727","local_time":"20210222211238","is_ascension_mode":true,"campfire_choices":[{"floor":8.0,"key":"REST"},{"data":"Eruption","floor":12.0,"key":"SMITH"},{"data":"SashWhip","floor":15.0,"key":"SMITH"},{"floor":24.0,"key":"REST"},{"floor":32,"key":"REST"}],"circlet_count":0,"master_deck":["Strike_P","Strike_P","Defend_P","Defend_P","Defend_P","Eruption+1","Vigilance","Halt","EmptyFist","Crescendo","PathToVictory","Halt","SashWhip+1","Tantrum+1","TalkToTheHand","Indignation","DevaForm","CurseOfTheBell","Tantrum","SignatureMove","EmptyBody","Wallop+1","FlurryOfBlows+1","Vault","InnerPeace","ClearTheMind"],"relics":["PureWater","Toy Ornithopter","MealTicket","Bag of Marbles","Calling Bell","Art of War","Matryoshka","Lizard Tail","Happy Flower","Darkstone Periapt","Mummified Hand","Orichalcum","WingedGreaves","Gremlin Horn","Busted Crown","Molten Egg 2","Strawberry"],"acts_visited":["Exordium","TheCity","TheBeyond"],"potions_floor_usage":[28,28,30,33,33,33,36,39],"damage_taken":[{"damage":2.0,"enemies":"Cultist","floor":1.0,"turns":3.0},{"damage":14.0,"enemies":"Small Slimes","floor":2.0,"turns":3.0},{"damage":0.0,"enemies":"Jaw Worm","floor":4.0,"turns":2.0},{"damage":0.0,"enemies":"3 Louse","floor":5.0,"turns":3.0},{"damage":8.0,"enemies":"Lagavulin","floor":6.0,"turns":5.0},{"damage":26.0,"enemies":"Exordium Thugs","floor":7.0,"turns":3.0},{"damage":3.0,"enemies":"Looter","floor":10.0,"turns":2.0},{"damage":0.0,"enemies":"Large Slime","floor":14.0,"turns":3.0},{"damage":0.0,"enemies":"Slime Boss","floor":16.0,"turns":5.0},{"damage":7.0,"enemies":"Chosen","floor":18.0,"turns":3.0},{"damage":0.0,"enemies":"Spheric Guardian","floor":22.0,"turns":3.0},{"damage":36.0,"enemies":"Slavers","floor":23.0,"turns":5.0},{"damage":35.0,"enemies":"Book of Stabbing","floor":25.0,"turns":5.0},{"damage":7,"enemies":"Gremlin Leader","floor":28,"turns":3},{"damage":19,"enemies":"Snake Plant","floor":29,"turns":2},{"damage":15,"enemies":"Colosseum Slavers","floor":30,"turns":3},{"damage":8,"enemies":"Colosseum Nobs","floor":30,"turns":4},{"damage":99,"enemies":"Champ","floor":33,"turns":8},{"damage":4,"enemies":"3 Shapes","floor":35,"turns":1},{"damage":30,"enemies":"3 Darklings","floor":36,"turns":5},{"damage":27,"enemies":"Writhing Mass","floor":37,"turns":4},{"damage":61,"enemies":"Maw","floor":39,"turns":5}],"seed_played":"89858349570629545","potions_obtained":[{"floor":2.0,"key":"BottledMiracle"},{"floor":10.0,"key":"BlessingOfTheForge"},{"floor":16.0,"key":"EntropicBrew"},{"floor":25.0,"key":"SmokeBomb"},{"floor":29,"key":"StancePotion"},{"floor":30,"key":"Energy Potion"},{"floor":31,"key":"Regen Potion"},{"floor":31,"key":"PowerPotion"},{"floor":33,"key":"Ancient Potion"},{"floor":35,"key":"SkillPotion"}],"is_trial":false,"path_per_floor":["M","M","$","M","M","E","M","R","T","M","$","R","?","M","R","B",null,"M","?","$","?","M","E","R","E","T","?","E","M","?","?","R","B",null,"M","M","M","T","M"],"character_chosen":"WATCHER","items_purchased":["Crescendo"],"campfire_rested":3,"item_purchase_floors":[3],"current_hp_per_floor":[63,49,49,49,49,41,15,36,36,33,48,48,48,48,48,48,66,59,59,72,72,72,36,57,42,42,42,45,26,8,8,29,29,61,57,32,5,12,0,0],"gold":336,"neow_bonus":"RANDOM_COMMON_RELIC","is_daily":false,"chose_seed":false,"campfire_upgraded":2,"win_rate":0.0,"timestamp":1613995958,"path_taken":["M","M","$","?","M","E","M","R","T","M","$","R","?","M","R","BOSS","M","?","$","?","?","E","R","E","T","?","E","M","?","?","R","BOSS","M","?","?","?","M"],"items_purchased_type":["Card"],"build_version":"2020-12-22","purchased_purges":3,"victory":false,"max_hp_per_floor":[72,72,72,72,72,72,72,72,72,72,72,72,72,72,72,72,72,72,72,72,72,72,72,72,72,72,72,72,72,72,72,72,72,72,72,72,72,79,79,79],"card_choices":[{"not_picked":["Prostrate","InnerPeace"],"picked":"Halt","floor":1.0},{"not_picked":["Halt","ThirdEye"],"picked":"EmptyFist","floor":2.0},{"not_picked":["Prostrate","Blasphemy"],"picked":"PathToVictory","floor":4.0},{"not_picked":["EmptyFist","JustLucky"],"picked":"Halt","floor":5.0},{"not_picked":["BattleHymn","FlurryOfBlows"],"picked":"SashWhip","floor":6.0},{"not_picked":["ClearTheMind","Evaluate"],"picked":"Tantrum","floor":7.0},{"not_picked":["CarveReality","EmptyFist"],"picked":"TalkToTheHand","floor":10.0},{"not_picked":["SashWhip","FlyingSleeves"],"picked":"Indignation","floor":14.0},{"not_picked":["DeusExMachina","Brilliance"],"picked":"DevaForm","floor":16.0},{"not_picked":["BattleHymn","JustLucky+1"],"picked":"Tantrum","floor":18.0},{"not_picked":["ThirdEye","MasterReality"],"picked":"EmptyBody","floor":22.0},{"not_picked":["FollowUp","Judgement","EmptyBody"],"picked":"SKIP","floor":23.0},{"not_picked":["Weave","SashWhip"],"picked":"Wallop+1","floor":25.0},{"not_picked":["JustLucky","PathToVictory+1"],"picked":"FlurryOfBlows+1","floor":29},{"not_picked":["Ragnarok","LessonLearned"],"picked":"Vault","floor":33},{"not_picked":[],"picked":"InnerPeace","floor":35},{"not_picked":["Prostrate"],"picked":"SKIP","floor":36},{"not_picked":[],"picked":"ClearTheMind","floor":37}],"player_experience":584592,"relics_obtained":[{"floor":6.0,"key":"MealTicket"},{"floor":9.0,"key":"Bag of Marbles"},{"floor":17.0,"key":"Art of War"},{"floor":17.0,"key":"Matryoshka"},{"floor":17.0,"key":"Lizard Tail"},{"floor":23.0,"key":"Happy Flower"},{"floor":25.0,"key":"Darkstone Periapt"},{"floor":26.0,"key":"Mummified Hand"},{"floor":26.0,"key":"Orichalcum"},{"floor":30,"key":"WingedGreaves"},{"floor":30,"key":"Gremlin Horn"},{"floor":38,"key":"Molten Egg 2"},{"floor":38,"key":"Strawberry"}],"event_choices":[{"damage_healed":0.0,"max_hp_gain":0.0,"max_hp_loss":0.0,"gold_gain":0.0,"event_name":"Living Wall","player_choice":"Grow","floor":13.0,"gold_loss":0.0,"damage_taken":0.0,"cards_upgraded":["Tantrum"]},{"damage_healed":0.0,"max_hp_gain":0.0,"max_hp_loss":0.0,"gold_gain":0.0,"event_name":"The Library","player_choice":"Read","floor":19.0,"gold_loss":0.0,"damage_taken":0.0,"cards_obtained":["SignatureMove"]},{"damage_healed":0.0,"max_hp_gain":0.0,"max_hp_loss":0.0,"gold_gain":0.0,"event_name":"Ghosts","player_choice":"Ignored","floor":21.0,"gold_loss":0.0,"damage_taken":0.0},{"damage_healed":0.0,"max_hp_gain":0.0,"max_hp_loss":0.0,"gold_gain":0.0,"event_name":"Vampires","player_choice":"Ignored","floor":27.0,"gold_loss":0.0,"damage_taken":0.0},{"damage_healed":0,"gold_gain":0,"player_choice":"Fight","damage_taken":0,"max_hp_gain":0,"max_hp_loss":0,"event_name":"Colosseum","floor":30,"gold_loss":0},{"damage_healed":0,"gold_gain":0,"player_choice":"Fought Nobs","damage_taken":0,"max_hp_gain":0,"max_hp_loss":0,"event_name":"Colosseum","floor":30,"gold_loss":0},{"damage_healed":0,"gold_gain":0,"player_choice":"Got Potions","damage_taken":0,"max_hp_gain":0,"max_hp_loss":0,"event_name":"Lab","floor":31,"gold_loss":0}],"is_beta":false,"boss_relics":[{"not_picked":["Runic Dome","SacredBark"],"picked":"Calling Bell"},{"not_picked":["Black Star","Empty Cage"],"picked":"Busted Crown"}],"items_purged_floors":[3,11,20],"is_endless":false,"potions_floor_spawned":[2,10,16,23,25,28,29,30,33,35],"killed_by":"Maw","ascension_level":9}}