{"host":"am9dcwhv7hq2nlsk","time":1613984704,"event":{"mods":["ATMod(°¢èªMod)","AchievementEnabler","Act Like it!","Aspiration","BaseMod","BetterRewards","Conspire","Custom Start","Dota2Spire","Marisa£¨ìFÓê¡¡Ä§ÀíÉ³£©","Minty Spire (QoL Compilation)","Reimu£¨²©ÀöÁéÃÎ£©","Remilia£¨ÀÙÃ×ÀòÑÇ£©","Replay The Spire","RumiaBox-Â¶Ã×æ«µÄÉñÃØºÐ×Ó","Shop Mod","Spicy Shops","StSLib","TestMod","The Cursed","The Hierophant","UnlockEverythingMod","[IsaacMod]ÒÔÈö¼âËþ","noobMod","¡¾ÒÅÎï¿¨ÅÆ¡¿REMEMod","óô»ðÖ¸ÄÏ"],"gold_per_floor":[112,129,129,141,141,167,167,178,178,206,2,26,26,61,61,166,166,182,197,210,210,210,240,119,119,174,204,231,262,278,294,294,396,446,464,654,672,219,254,279,298,324,372,385,398,398,411,439,439,439,439,439,17,51,51],"floor_reached":56,"language":"ZHS","playtime":3572,"items_purged":["Strike_Lin:ReiMu","Defend_Lin:ReiMu","YinYangSign:ReiMu"],"score":1842,"play_id":"28d0b9fa-fe8d-4a51-8ca9-978b8ef03493","local_time":"20210222170504","is_ascension_mode":false,"campfire_choices":[{"data":"AT_FamilyPortrait","floor":7.0,"key":"SMITH"},{"data":"KamiRite:ReiMu","floor":13.0,"key":"SMITH"},{"data":"Strike_Lin:ReiMu","floor":15.0,"key":"PURGE"},{"data":"CeremonyResonance:ReiMu","floor":25.0,"key":"SMITH"},{"floor":32,"key":"DIG"},{"floor":46,"key":"RECALL"},{"data":"CleanRite:ReiMu","floor":49,"key":"SMITH"},{"data":"MikOfLucky:ReiMu","floor":52,"key":"SMITH"}],"circlet_count":0,"master_deck":["Strike_Lin:ReiMu","Defend_Lin:ReiMu","NB:ReiMu+1","Stagnation:ReiMu+1","AT_FamilyPortrait+1","CeremonyResonance:ReiMu+1","Intuition:ReiMu","PrepareRite:ReiMu+1","RainPray2:ReiMu+1","Conquer:ReiMu","Amulet:ReiMu","KamiRite:ReiMu+1","CleanRite:ReiMu+1","YinYangSange:ReiMu","Authority:ReiMu+1","ManaGlint:ReiMu+1","FantasyMoon:ReiMu+1","RainPray2:ReiMu+1","Gathering:ReiMu","RainPray2:ReiMu","RainPray2:ReiMu+1","MikOfLucky:ReiMu+1"],"relics":["FlyPower:ReiMu","AT_ATBox","testmod-TestBox","ice","HushsDoor","REME_ComplimentaryCards","testmod-IntensifyImprint","NineVolt","Bow_fan:ReiMu","Unceasing Top","MagicDraw1","AT_ImmortalShieldbow","Boot","CrazyTorch:ReiMu","testmod-CrystalShield","Odd Mushroom","Darkstone Periapt","CrownOfHeavens:ReiMu","Tea:ReiMu","TheBean","MerchantsRug","AT_BladeRuinedKing","Dota2Spire:AghanimScepter","Red Mask","Gremlin Horn","AT_Manta","Tiny House","Salt:ReiMu","War Paint","testmod-Register","UnicornStump","DoctorsRemote","ScarletDevilRocket","Replay:Wax Seal","Vajra","Onion Ring"],"acts_visited":["Exordium","TheCity","TheBeyond","TheEnding"],"potions_floor_usage":[55],"damage_taken":[{"damage":1.0,"enemies":"Small Slimes","floor":1.0,"turns":5.0},{"damage":0.0,"enemies":"Jaw Worm","floor":2.0,"turns":2.0},{"damage":0.0,"enemies":"conspire:RoseBush","floor":4.0,"turns":4.0},{"damage":32.0,"enemies":"Gremlin Nob","floor":6.0,"turns":5.0},{"damage":0.0,"enemies":"2 Fungi Beasts","floor":8.0,"turns":4.0},{"damage":5.0,"enemies":"3 Sentries","floor":10.0,"turns":8.0},{"damage":20.0,"enemies":"The Mushroom Lair","floor":12.0,"turns":5.0},{"damage":0.0,"enemies":"Replay:BlueRogue","floor":14.0,"turns":3.0},{"damage":0.0,"enemies":"Fading Forest","floor":16.0,"turns":11.0},{"damage":0.0,"enemies":"3 Byrds","floor":18.0,"turns":2.0},{"damage":0.0,"enemies":"Chosen","floor":19.0,"turns":3.0},{"damage":0.0,"enemies":"Snecko","floor":20.0,"turns":5.0},{"damage":0.0,"enemies":"Book of Stabbing","floor":23.0,"turns":4.0},{"damage":0.0,"enemies":"Gremlin Leader","floor":27.0,"turns":4.0},{"damage":0.0,"enemies":"Masked Bandits","floor":28.0,"turns":2.0},{"damage":0.0,"enemies":"Slavers","floor":29.0,"turns":1.0},{"damage":0.0,"enemies":"Cultist and Chosen","floor":30.0,"turns":2.0},{"damage":0.0,"enemies":"Snake Plant","floor":31.0,"turns":2.0},{"damage":0,"enemies":"Pondfish","floor":33,"turns":3},{"damage":3,"enemies":"3 Shapes","floor":35,"turns":2},{"damage":0,"enemies":"3 Darklings","floor":37,"turns":1},{"damage":0,"enemies":"Transient","floor":39,"turns":4},{"damage":0,"enemies":"R_Hoarder","floor":40,"turns":2},{"damage":0,"enemies":"4 Shapes","floor":41,"turns":1},{"damage":0,"enemies":"Giant Head","floor":42,"turns":3},{"damage":0,"enemies":"3 Darklings","floor":44,"turns":1},{"damage":0,"enemies":"Writhing Mass","floor":45,"turns":1},{"damage":0,"enemies":"Transient","floor":47,"turns":4},{"damage":0,"enemies":"Reptomancer","floor":48,"turns":2},{"damage":0,"enemies":"Donu and Deca","floor":50,"turns":3},{"damage":0,"enemies":"Shield and Spear","floor":54,"turns":1},{"damage":43,"enemies":"The Heart","floor":55,"turns":3}],"seed_played":"-9167071083615614629","potions_obtained":[{"floor":4.0,"key":"GamblersBrew"},{"floor":6.0,"key":"SkillPotion"},{"floor":12.0,"key":"SneckoOil"},{"floor":14.0,"key":"PowerPotion"}],"is_trial":false,"path_per_floor":["M","M","?","M","?","E","R","M","T","E","$","?","R","E","R","B",null,"M","M","M","?","?","E","$","R","T","E","?","E","M","M","R","B",null,"M","?","M","$","M","E","M","E","T","M","M","R","M","E","R","B",null,"R","$","E","B",null],"character_chosen":"REIMU","items_purchased":["Bow_fan:ReiMu","MagicDraw1","AT_ImmortalShieldbow","testmod-MagicalMallet","Conquer:ReiMu","Amulet:ReiMu","MerchantsRug","Salt:ReiMu","War Paint","testmod-Register","Replay:Wax Seal","Vajra"],"campfire_rested":0,"item_purchase_floors":[0,0,0,11,11,11,24,38,38,38,53,53],"current_hp_per_floor":[33,33,20,20,20,43,43,43,43,38,38,27,27,27,27,37,78,78,78,78,78,78,78,78,78,78,78,78,78,78,78,78,78,83,80,47,47,47,47,47,47,47,47,47,47,47,83,83,83,83,83,83,83,83,40],"gold":51,"neow_bonus":"","is_daily":false,"chose_seed":false,"campfire_upgraded":5,"win_rate":0.0,"timestamp":1613984704,"path_taken":["M","M","?","M","?","E","R","M","T","E","$","?","R","E","R","BOSS","M","M","M","?","?","E","$","R","T","E","?","E","M","M","R","BOSS","M","?","M","$","M","E","M","E","T","?","?","R","M","E","R","BOSS","R","$","E","BOSS"],"items_purchased_type":["Relic","Relic","Relic","Relic","Card","Card","Relic","Relic","Relic","Relic","Relic","Relic"],"build_version":"2020-12-22","purchased_purges":3,"victory":true,"max_hp_per_floor":[65,65,65,65,65,66,66,68,68,74,74,78,78,78,78,78,78,78,78,78,78,78,78,78,78,78,78,78,78,78,78,78,78,83,83,83,83,83,83,83,83,83,83,83,83,83,83,83,83,83,83,83,83,83,83],"card_choices":[{"not_picked":["YinYangSange:ReiMu","DependentForm:ReiMu"],"picked":"Intuition:ReiMu","floor":1.0},{"not_picked":["CareerPray:ReiMu","OrbThrow:ReiMu"],"picked":"PrepareRite:ReiMu","floor":2.0},{"not_picked":["SealNeedle:ReiMu","OrbThrow:ReiMu","Crusade:ReiMu"],"picked":"SKIP","floor":4.0},{"not_picked":["OctopathSalyBorderN:ReiMu","Intuition:ReiMu"],"picked":"RainPray2:ReiMu","floor":6.0},{"not_picked":["Meditation:ReiMu","SpringWay:ReiMu","EmergencyTakeOff:ReiMu"],"picked":"SKIP","floor":8.0},{"not_picked":["PrepareRite:ReiMu","UpKicking:ReiMu"],"picked":"Bomb","floor":10.0},{"not_picked":["SafetyPray:ReiMu","CareerPray:ReiMu"],"picked":"KamiRite:ReiMu","floor":12.0},{"not_picked":["SpringWay:ReiMu","FantasyBorder:ReiMu","Conquer:ReiMu"],"picked":"SKIP","floor":14.0},{"not_picked":["Free:ReiMu","OctopathSalyBorderN:ReiMu"],"picked":"CleanRite:ReiMu","floor":16.0},{"not_picked":["Conquer:ReiMu","YinYangSign:ReiMu","AirStrike:ReiMu"],"picked":"SKIP","floor":18.0},{"not_picked":["PassingAway:ReiMu","CareerPray:ReiMu"],"picked":"YinYangSange:ReiMu","floor":19.0},{"not_picked":["Mountainwind:ReiMu","SpreadBorder2:ReiMu","MikOfLucky:ReiMu+1"],"picked":"SKIP","floor":20.0},{"not_picked":["CeremonyResonance:ReiMu","SealNeedle:ReiMu"],"picked":"ManaGlint:ReiMu+1","floor":23.0},{"not_picked":["CareerPray:ReiMu","Conquer:ReiMu+1","ShadowOfCrow2:ReiMu+1"],"picked":"SKIP","floor":27.0},{"not_picked":["SpringWay:ReiMu+1","Conquer:ReiMu"],"picked":"FantasyMoon:ReiMu+1","floor":28.0},{"not_picked":["EmergencyTakeOff:ReiMu+1","SpreadBorder2:ReiMu+1","PayForSelf:ReiMu"],"picked":"SKIP","floor":29.0},{"not_picked":["AirStrike:ReiMu","PrepareRite:ReiMu+1","PhosphorusFlame:ReiMu"],"picked":"SKIP","floor":30.0},{"not_picked":["SpringWay:ReiMu","FantasyMoon:ReiMu+1","EmergencyTakeOff:ReiMu"],"picked":"SKIP","floor":31.0},{"not_picked":["AirManeuver:ReiMu","SubcavityInstant:ReiMu"],"picked":"RainPray2:ReiMu+1","floor":35},{"not_picked":["WonderfulDomain:ReiMu","OctopathBindingBorder2:ReiMu","ManaGlint:ReiMu"],"picked":"SKIP","floor":37},{"not_picked":["DependentForm:ReiMu","Dreaming2:ReiMu"],"picked":"Gathering:ReiMu","floor":39},{"not_picked":["Conquer:ReiMu","AirManeuver:ReiMu+1"],"picked":"RainPray2:ReiMu","floor":40},{"not_picked":["Intuition:ReiMu","SpreadBorder2:ReiMu"],"picked":"RainPray2:ReiMu+1","floor":41},{"not_picked":["Mountainwind:ReiMu","AirStrike:ReiMu","YinYangSign:ReiMu+1"],"picked":"SKIP","floor":42},{"not_picked":["AirStrike:ReiMu","FantasyMoon:ReiMu"],"picked":"MikOfLucky:ReiMu","floor":44},{"not_picked":["Intuition:ReiMu","SafetyPray:ReiMu+1","TakeOff:ReiMu+1"],"picked":"SKIP","floor":45},{"not_picked":["InherentArray:ReiMu","CareerPray:ReiMu","SpringWay:ReiMu"],"picked":"SKIP","floor":47},{"not_picked":["OrbThrow:ReiMu+1","EmergencyTakeOff:ReiMu","TightArray:ReiMu"],"picked":"SKIP","floor":48},{"not_picked":["Amulet:ReiMu+1","FantasyMoon:ReiMu","AirStrike:ReiMu"],"picked":"SKIP","floor":54}],"player_experience":553372,"relics_obtained":[{"floor":6.0,"key":"Boot"},{"floor":9.0,"key":"CrazyTorch:ReiMu"},{"floor":10.0,"key":"testmod-CrystalShield"},{"floor":12.0,"key":"Odd Mushroom"},{"floor":14.0,"key":"Darkstone Periapt"},{"floor":23.0,"key":"TheBean"},{"floor":26.0,"key":"AT_BladeRuinedKing"},{"floor":27.0,"key":"Dota2Spire:AghanimScepter"},{"floor":28.0,"key":"Red Mask"},{"floor":29.0,"key":"Gremlin Horn"},{"floor":32,"key":"AT_Manta"},{"floor":40,"key":"UnicornStump"},{"floor":42,"key":"DoctorsRemote"},{"floor":48,"key":"ScarletDevilRocket"},{"floor":54,"key":"Onion Ring"}],"event_choices":[{"damage_healed":0.0,"max_hp_gain":0.0,"max_hp_loss":0.0,"gold_gain":0.0,"event_name":"Shining Light","player_choice":"Entered Light","floor":3.0,"gold_loss":0.0,"damage_taken":13.0,"cards_upgraded":["NB:ReiMu","PrepareRite:ReiMu"]},{"damage_healed":0.0,"max_hp_gain":0.0,"max_hp_loss":0.0,"gold_gain":0.0,"event_name":"Mushrooms","player_choice":"Fought Mushrooms","floor":12.0,"gold_loss":0.0,"damage_taken":0.0},{"damage_healed":0.0,"max_hp_gain":0.0,"max_hp_loss":0.0,"gold_gain":0.0,"cards_transformed":["Strike_Lin:ReiMu","Defend_Lin:ReiMu"],"event_name":"Drug Dealer","player_choice":"Became Test Subject","floor":22.0,"gold_loss":0.0,"damage_taken":0.0,"cards_obtained":["YinYangSign:ReiMu","Authority:ReiMu"]},{"damage_healed":0.0,"max_hp_gain":0.0,"max_hp_loss":0.0,"gold_gain":0.0,"event_name":"Masked Bandits","player_choice":"Fought Bandits","floor":28.0,"gold_loss":0.0,"damage_taken":0.0}],"is_beta":false,"boss_relics":[{"not_picked":["Cursed Key","EasyGame_NEW"],"picked":"CrownOfHeavens:ReiMu"},{"not_picked":[]},{"not_picked":["testmod-StringDisintegrator","Honey Jar"],"picked":"Tiny House"},{"not_picked":[]}],"items_purged_floors":[0,53,53],"is_endless":false,"potions_floor_spawned":[4,6,12,14,16,19,23,30,31,33,37,39,41,44,47,48],"ascension_level":0}}