{"host":"3popq6h3e9zwx3f8","time":1613999498,"event":{"mods":["BaseMod","Downfall","Googly Eyes","Hermit","Minty Spire (QoL Compilation)","StSLib","The IronCluck"],"gold_per_floor":[99,109,129,129,129,139,139,139,153,171,188,19,33,48,62,164,164,164,177,192,192,192,192,192,342,67,101,112,112,112,124,134,238,238,238,251,267,298,99,22,71,71,103,103,120,120,120,131,147,147],"floor_reached":51,"language":"ENG","playtime":5604,"items_purged":["downfall:Bewildered"],"score":743,"play_id":"fe9f0aa6-00aa-4bf9-8440-5e55dc352272","local_time":"20210222051138","is_ascension_mode":false,"campfire_choices":[{"data":"Slimebound:Split","floor":1.0,"key":"SMITH"},{"data":"Slimebound:GoopSpray","floor":8.0,"key":"SMITH"},{"data":"Slimebound:Replication","floor":18.0,"key":"SMITH"},{"data":"Slimebound:Gluttony","floor":23.0,"key":"SMITH"},{"data":"expansioncontent:StudyTheSpire","floor":30.0,"key":"SMITH"},{"data":"Slimebound:DuplicatedForm","floor":35,"key":"SMITH"},{"data":"Slimebound:AcidTongue","floor":42,"key":"SMITH"},{"floor":47,"key":"REST"}],"circlet_count":2,"master_deck":["Slimebound:Tackle","Slimebound:Defend_Slimebound","Slimebound:Defend_Slimebound","Slimebound:Defend_Slimebound","Slimebound:Defend_Slimebound","Slimebound:Split+1","Slimebound:CorrosiveSpit","Slimebound:LivingWall","Slimebound:ItLooksTasty","Slimebound:GoopSpray+1","Slimebound:PressTheAttack","Slimebound:MegaLick","Slimebound:Replication+1","Slimebound:LeechEnergy","Slimebound:HauntingLick","Slimebound:SplitMire","Slimebound:ItLooksTasty","Slimebound:LeechLife","CurseOfTheBell","Slimebound:SplitMire","Slimebound:SamplingLick","Slimebound:Gluttony+1","Slimebound:GoopSpray","expansioncontent:StudyTheSpire+1","Slimebound:PrepareCrush","Slimebound:SamplingLick","Necronomicurse","Slimebound:Schlurp","Slimebound:DouseInSlime","Slimebound:DuplicatedForm+1","Slimebound:Schlurp","Slimebound:PressTheAttack","Slimebound:AcidTongue+1","Slimebound:Equalize","Slimebound:ViciousTackle","Slimebound:GoopSpray","Slimebound:LeechLife","Slimebound:Schlurp+1","Slimebound:SamplingLick+1","Parasite","Slimebound:LeadByExample"],"relics":["Slimebound:AbsorbEndCombatUpgraded","Circlet","Mango","Toolbox","Calling Bell","Regal Pillow","White Beast Statue","TungstenRod","sneckomod:BabySnecko","Lizard Tail","Necronomicon","Lee\u0027s Waffle","Anchor","Pantograph"],"acts_visited":["TheCity","TheBeyond"],"potions_floor_usage":[38,50,50,50],"damage_taken":[{"damage":0.0,"enemies":"Small Slimes","floor":2.0,"turns":3.0},{"damage":8.0,"enemies":"Jaw Worm","floor":3.0,"turns":4.0},{"damage":3.0,"enemies":"Cultist","floor":6.0,"turns":3.0},{"damage":9.0,"enemies":"Blue Slaver","floor":9.0,"turns":3.0},{"damage":14.0,"enemies":"Exordium Wildlife","floor":10.0,"turns":4.0},{"damage":4.0,"enemies":"Large Slime","floor":11.0,"turns":5.0},{"damage":3.0,"enemies":"downfall:FleeingMerchant","floor":12.0,"turns":4.0},{"damage":14.0,"enemies":"Gremlin Gang","floor":13.0,"turns":4.0},{"damage":1.0,"enemies":"downfall:LooterAlt","floor":14.0,"turns":2.0},{"damage":1.0,"enemies":"Blue Slaver","floor":15.0,"turns":3.0},{"damage":16.0,"enemies":"SI_SHIV_ARCHETYPE","floor":16.0,"turns":9.0},{"damage":12.0,"enemies":"downfall:LooterAlt2","floor":19.0,"turns":6.0},{"damage":4.0,"enemies":"Chosen","floor":20.0,"turns":4.0},{"damage":2.0,"enemies":"downfall:FleeingMerchant","floor":26.0,"turns":4.0},{"damage":20.0,"enemies":"Book of Stabbing","floor":27.0,"turns":5.0},{"damage":18.0,"enemies":"Sentry and Sphere","floor":28.0,"turns":6.0},{"damage":6.0,"enemies":"Chosen and Byrds","floor":31.0,"turns":6.0},{"damage":6.0,"enemies":"Snake Plant","floor":32.0,"turns":4.0},{"damage":25.0,"enemies":"IC_MUSHROOM_ARCHETYPE","floor":33.0,"turns":5.0},{"damage":12,"enemies":"3 Shapes","floor":36,"turns":4},{"damage":51,"enemies":"3 Darklings","floor":37,"turns":6},{"damage":15,"enemies":"downfall:FleeingMerchant","floor":38,"turns":4},{"damage":30,"enemies":"Giant Head","floor":43,"turns":6},{"damage":38,"enemies":"Maw","floor":45,"turns":10},{"damage":1,"enemies":"Writhing Mass","floor":48,"turns":5},{"damage":48,"enemies":"Transient","floor":49,"turns":5},{"damage":62,"enemies":"WA_ARCHETYPE_DIVINITY","floor":50,"turns":7}],"seed_played":"4206229653781364345","potions_obtained":[{"floor":3.0,"key":"FearPotion"},{"floor":11.0,"key":"Strength Potion"},{"floor":13.0,"key":"ColorlessPotion"},{"floor":14.0,"key":"Slimebound:SlimyTonguePotion"},{"floor":20.0,"key":"SkillPotion"},{"floor":26.0,"key":"Slimebound:SlimyTonguePotion"},{"floor":28.0,"key":"Energy Potion"},{"floor":31.0,"key":"SkillPotion"},{"floor":32.0,"key":"LiquidBronze"},{"floor":38,"key":"Strength Potion"},{"floor":43,"key":"Slimebound:SlimyTonguePotion"}],"is_trial":false,"path_per_floor":["R","M","M","?","T","M","T","R","M","M","M","$","M","M","M","B",null,"R","M","M","?","?","R","T","?","$","E","M","?","R","M","M","B",null,"R","M","M","$","?","$","T","R","E","?","M","?","R","M","M","B",null],"character_chosen":"SLIMEBOUND","items_purchased":["Toolbox","expansioncontent:StudyTheSpire","Slimebound:Equalize","Slimebound:ViciousTackle","Lee\u0027s Waffle","Slimebound:GoopSpray","Anchor","Slimebound:LeechLife"],"campfire_rested":1,"item_purchase_floors":[12,26,38,38,38,39,39,40],"current_hp_per_floor":[71,71,66,66,66,69,83,83,78,70,74,79,71,76,79,71,85,85,85,85,85,85,85,85,85,85,81,85,70,70,68,68,57,85,85,85,68,92,92,92,92,92,82,82,59,59,92,92,50,63],"gold":147,"neow_bonus":"TEN_PERCENT_HP_BONUS","is_daily":false,"chose_seed":false,"campfire_upgraded":7,"win_rate":0.0,"timestamp":1613999498,"path_taken":["R","M","M","?","?","M","T","R","M","M","M","$","M","M","M","BOSS","R","M","?","?","?","R","T","?","$","E","?","?","R","M","M","BOSS","R","M","M","$","?","$","T","R","E","?","M","?","R","?","M","BOSS"],"items_purchased_type":["Relic","Card","Card","Card","Relic","Card","Relic","Card"],"build_version":"2020-12-22","purchased_purges":1,"victory":true,"max_hp_per_floor":[71,71,71,71,71,71,85,85,85,85,85,85,85,85,85,85,85,85,85,85,85,85,85,85,85,85,85,85,85,85,85,85,85,85,85,85,85,92,92,92,92,92,92,92,92,92,92,92,92,92],"card_choices":[{"not_picked":["Slimebound:LeechingTouch","Slimebound:LevelUp"],"picked":"Slimebound:LivingWall","floor":2.0},{"not_picked":["Slimebound:LevelUp","Slimebound:PressTheAttack"],"picked":"Slimebound:ItLooksTasty","floor":3.0},{"not_picked":["Slimebound:Prepare","Slimebound:BestDefense"],"picked":"Slimebound:GoopSpray","floor":6.0},{"not_picked":["Slimebound:ComboTackle","Slimebound:FirmFortitude"],"picked":"Slimebound:PressTheAttack","floor":9.0},{"not_picked":["Slimebound:Replication","Slimebound:SamplingLick"],"picked":"Slimebound:MegaLick","floor":10.0},{"not_picked":["Slimebound:SplitLeeching","Slimebound:BestDefense"],"picked":"Slimebound:Replication","floor":11.0},{"not_picked":["Slimebound:SelfFormingGoo","Slimebound:ComboTackle"],"picked":"Slimebound:LeechEnergy","floor":12.0},{"not_picked":["Slimebound:ItLooksTasty","Slimebound:DisruptingSlam"],"picked":"Slimebound:HauntingLick","floor":13.0},{"not_picked":["Slimebound:SplitAcid","Slimebound:Repurpose"],"picked":"Slimebound:SplitMire","floor":14.0},{"not_picked":["Slimebound:LeadByExample","Slimebound:SplitLeeching"],"picked":"Slimebound:ItLooksTasty","floor":15.0},{"not_picked":["Slimebound:OozeBath","Slimebound:FirmFortitude"],"picked":"Slimebound:LeechLife","floor":16.0},{"not_picked":["Slimebound:HauntingLick","Slimebound:SplitAcid+1"],"picked":"Slimebound:SplitMire","floor":19.0},{"not_picked":["Slimebound:HauntingLick","Slimebound:LivingWall"],"picked":"Slimebound:SamplingLick","floor":20.0},{"not_picked":["Slimebound:PressTheAttack","Slimebound:Chomp+1"],"picked":"Slimebound:GoopSpray","floor":26.0},{"not_picked":["Slimebound:SplitMire","Slimebound:SlimeSpikes+1"],"picked":"Slimebound:PrepareCrush","floor":27.0},{"not_picked":["Slimebound:SlimeSpikes","Slimebound:SplitBruiser+1"],"picked":"Slimebound:SamplingLick","floor":28.0},{"not_picked":["Slimebound:LeechingTouch","Slimebound:SplitMire"],"picked":"Slimebound:Schlurp","floor":31.0},{"not_picked":["Slimebound:FlameTackle","Slimebound:Schlurp"],"picked":"Slimebound:DouseInSlime","floor":32.0},{"not_picked":["Slimebound:SelfFormingGoo","Slimebound:MassFeed"],"picked":"Slimebound:DuplicatedForm","floor":33.0},{"not_picked":["Slimebound:SamplingLick","Slimebound:Repurpose"],"picked":"Slimebound:Schlurp","floor":36},{"not_picked":["Slimebound:SplitBruiser+1","Slimebound:ForwardTackle+1"],"picked":"Slimebound:PressTheAttack","floor":37},{"not_picked":["Slimebound:ComboTackle+1","Slimebound:LeechEnergy+1"],"picked":"Slimebound:AcidTongue","floor":38},{"not_picked":["Slimebound:LevelUp","Slimebound:GoopTackle"],"picked":"Slimebound:Schlurp+1","floor":43},{"not_picked":["Slimebound:GrowthPunch","Slimebound:SplitAcid+1"],"picked":"Slimebound:SamplingLick+1","floor":45},{"not_picked":["Slimebound:LevelUp+1","Slimebound:SplitAcid+1"],"picked":"Slimebound:LeadByExample","floor":48},{"not_picked":["Slimebound:ComboTackle+1","Slimebound:Teamwork","Slimebound:FinishingTackle"],"picked":"SKIP","floor":49}],"player_experience":381097,"relics_obtained":[{"floor":5.0,"key":"Circlet"},{"floor":7.0,"key":"Mango"},{"floor":17.0,"key":"Regal Pillow"},{"floor":17.0,"key":"White Beast Statue"},{"floor":17.0,"key":"TungstenRod"},{"floor":24.0,"key":"Frozen Egg 2"},{"floor":27.0,"key":"Lizard Tail"},{"floor":29.0,"key":"Necronomicon"},{"floor":41,"key":"Circlet"},{"floor":43,"key":"Pantograph"}],"event_choices":[{"cards_removed":["Slimebound:Strike_Slimebound"],"damage_healed":0.0,"max_hp_gain":0.0,"max_hp_loss":0.0,"gold_gain":0.0,"event_name":"Bonfire Elementals","player_choice":"Offered Basic","floor":4.0,"gold_loss":0.0,"damage_taken":0.0},{"damage_healed":0.0,"max_hp_gain":0.0,"max_hp_loss":0.0,"gold_gain":0.0,"event_name":"The Library","player_choice":"Read","floor":21.0,"gold_loss":0.0,"damage_taken":0.0,"cards_obtained":["Slimebound:Gluttony"]},{"cards_removed":["Slimebound:Strike_Slimebound"],"damage_healed":0,"gold_gain":0,"player_choice":"Removed Attack","damage_taken":0,"max_hp_gain":0,"max_hp_loss":0,"event_name":"Falling","floor":44,"gold_loss":0}],"is_beta":false,"boss_relics":[{"not_picked":["Philosopher\u0027s Stone","Busted Crown"],"picked":"Calling Bell"},{"not_picked":["SlaversCollar","Empty Cage"],"picked":"Slimebound:AbsorbEndCombatUpgraded"}],"items_purged_floors":[26],"is_endless":false,"potions_floor_spawned":[3,11,13,14,15,19,20,26,27,28,31,32,33,36,37,38,43,45,48,49],"ascension_level":0}}