{"host":"61ejhfsushs0xmcl","time":1613982753,"event":{"mods":["ATMod(°¢èªMod)","Act Like it!","BaseMod","Colored Map","Gold Saver","Minty Spire (QoL Compilation)","MostiFishMod","Remilia£¨ÀÙÃ×ÀòÑÇ£©","Spicy Shops","StSLib","TestMod","The Marked","[IsaacMod]ÒÔÈö¼âËþ","¡¾ÒÅÎï¿¨ÅÆ¡¿REMEMod","óô»ðÖ¸ÄÏ"],"gold_per_floor":[1352,905,918,934,934,964,964,993,993,993,1022,1034,1108,697,697,773,773,790,790,462,471,471,502,515,544,544,571,486,515,89,530,234,332,332,369,369,453,111,152,79,153,48,70,70,235,235,302,389,389,473,503,503,503,503,591,621],"floor_reached":57,"language":"ZHS","playtime":2201,"items_purged":["Defend_R","Defend_R","Bash","Defend_R","Defend_R","AT_DrawKnifeCut","Skewer","Strike_R","Strike_R","Strike_R","Injury"],"score":3314,"play_id":"306c287f-9c4a-466d-a5c6-f5a58630d5e9","local_time":"20210222163233","is_ascension_mode":true,"campfire_choices":[{"data":"MostiFishMod:PerfectStrikeMKII","floor":10.0,"key":"SMITH"},{"floor":15,"key":"RECALL"}],"circlet_count":0,"master_deck":["AscendersBane","Strike_R+1","AT_EssenceShift","REME_EyeOfCthun","MostiFishMod:PerfectStrikeMKII+1","Impervious+1","REME_BodyOfCthun+1","Inflame+1","MostiFishMod:PerfectStrikeMKII","Dark Embrace+1","Shrug It Off","Corruption+1","Shrug It Off+1","Pommel Strike+1","Pommel Strike","MostiFishMod:RacingGame"],"relics":["Burning Blood","AT_ATBox","REME_ComplimentaryCards","DaveBox","testmod-TestBox","HushsDoor","SteamSale","testmod-Charity","RhineCircuit","testmod-Acrobat","SynthV:TestCard","Vajra","Akabeko","Gremlin Horn","Dream Catcher","DeadEye","D6","BookofShadows","Bag of Marbles","Whetstone","GreenFoldingFan","DeathBook","Civilization","Frozen Egg 2","Happy Flower","Art of War","UnicornStump","Regal Pillow","StrikeDummy","Boot","AT_BellDemon","AT_MibuBalloonWealth","BloodDonationBag","AT_GoldPhoenixTree","Lee\u0027s Waffle","Medical Kit","testmod-AssaultLearning","Fusion Hammer","SatanicBible","BelialBook","Bottled Tornado","Oddly Smooth Stone","Unceasing Top","Peace Pipe","REME_HourglassOfDeath","Membership Card","SalivaCoin","Singing Bowl","Pear","Ancient Tea Set","AnarchistCookbook","AT_EbonyIvory","HandDrill","SynthV:MejaisSoulstealer","War Paint","AT_SunfireAegis","ScarletDevilRocket","AT_BladeRuinedKing","HowToJump","testmod-TurbochargingSystem","Calipers","Bottled Lightning","testmod-IntensifyImprint","Sundial","Ornamental Fan","Orichalcum","TheBattery","NineVolt","AT_ArchangelStaff","Dodecahedron","Frozen Eye","testmod-IndustrialRevolution","AT_BellowingDragoncrestRing","BrkXgEgg","DaCapo","AT_SpeedBoots","testmod-BlackFramedGlasses","Strange Spoon","Toy Ornithopter","Bottled Flame"],"acts_visited":["Exordium","TheCity","TheBeyond","TheEnding"],"potions_floor_usage":[14,56],"damage_taken":[{"damage":15.0,"enemies":"2 Louse","floor":1.0,"turns":3.0},{"damage":0.0,"enemies":"Small Slimes","floor":3.0,"turns":2.0},{"damage":4.0,"enemies":"Jaw Worm","floor":4.0,"turns":3.0},{"damage":0.0,"enemies":"Gremlin Nob","floor":6.0,"turns":2.0},{"damage":7.0,"enemies":"3 Sentries","floor":8.0,"turns":3.0},{"damage":11,"enemies":"Lagavulin","floor":11,"turns":3},{"damage":0,"enemies":"Lots of Slimes","floor":12,"turns":2},{"damage":0,"enemies":"Slime Boss","floor":16,"turns":4},{"damage":2,"enemies":"3 Byrds","floor":18,"turns":1},{"damage":2,"enemies":"Spheric Guardian","floor":21,"turns":1},{"damage":6,"enemies":"Book of Stabbing","floor":23,"turns":3},{"damage":2,"enemies":"3 Cultists","floor":24,"turns":1},{"damage":6,"enemies":"Gremlin Leader","floor":25,"turns":3},{"damage":18,"enemies":"Book of Stabbing","floor":27,"turns":3},{"damage":39,"enemies":"Gremlin Leader","floor":29,"turns":3},{"damage":20,"enemies":"Champ","floor":33,"turns":5},{"damage":4,"enemies":"Orb Walker","floor":35,"turns":1},{"damage":8,"enemies":"3 Shapes","floor":37,"turns":2},{"damage":12,"enemies":"Spire Growth","floor":39,"turns":3},{"damage":16,"enemies":"Giant Head","floor":41,"turns":4},{"damage":8,"enemies":"Reptomancer","floor":45,"turns":2},{"damage":12,"enemies":"Giant Head","floor":47,"turns":3},{"damage":4,"enemies":"Jaw Worm Horde","floor":48,"turns":1},{"damage":8,"enemies":"Awakened One","floor":50,"turns":2},{"damage":4,"enemies":"Time Eater","floor":51,"turns":1},{"damage":4,"enemies":"Shield and Spear","floor":55,"turns":1},{"damage":4,"enemies":"Delirium","floor":56,"turns":2}],"seed_played":"-1818307621429411959","potions_obtained":[{"floor":4.0,"key":"LiquidMemories"},{"floor":6.0,"key":"Ancient Potion"},{"floor":12,"key":"PowerPotion"},{"floor":24,"key":"testmod-TimePotion"},{"floor":41,"key":"DuplicationPotion"}],"is_trial":false,"path_per_floor":["M","$","M","M","?","E","?","E","T","R","E","M","?","$","R","B",null,"M","?","$","M","?","E","M","E","T","E","?","E","R","?","R","B",null,"M","?","M","$","M","R","E","$","T","T","E","?","E","M","R","B","B",null,"R","$","E","B",null],"character_chosen":"IRONCLAD","items_purchased":["Vajra","Akabeko","Gremlin Horn","REME_EyeOfCthun","Bag of Marbles","testmod-SpacePotion","SpeedPotion","Whetstone","REME_BodyOfCthun","DeathBook","Civilization","Frozen Egg 2","Happy Flower","AT_BellDemon","BloodDonationMachine","AT_MibuBalloonWealth","Dark Embrace+1","AT_GoldPhoenixTree","Lee\u0027s Waffle","Medical Kit","SatanicBible","BelialBook","FairyPotion","Peace Pipe","FairyPotion","Membership Card","SalivaCoin","Singing Bowl","Ancient Tea Set","AnarchistCookbook","AT_EbonyIvory","HandDrill","SynthV:MejaisSoulstealer","War Paint","testmod-IntensifyImprint","Sundial","Ornamental Fan","Orichalcum","TheBattery","NineVolt","AT_ArchangelStaff","Dodecahedron","Frozen Eye","testmod-IndustrialRevolution","AT_BellowingDragoncrestRing","BrkXgEgg","DaCapo","AT_SpeedBoots","testmod-BlackFramedGlasses","Strange Spoon"],"campfire_rested":0,"item_purchase_floors":[2,2,2,2,14,14,14,14,17,17,20,20,20,30,30,30,30,32,32,32,34,34,34,38,38,40,40,40,42,42,42,42,42,42,49,49,49,49,49,49,53,53,53,53,53,54,54,54,54,54],"current_hp_per_floor":[61,61,70,76,71,79,79,82,82,82,78,87,77,77,77,88,81,82,58,58,74,74,91,102,109,109,117,117,103,103,103,240,252,246,253,236,257,257,271,300,327,442,443,443,471,471,491,516,516,544,567,646,646,646,672,701],"gold":621,"neow_bonus":"RANDOM_COMMON_RELIC","is_daily":false,"chose_seed":false,"campfire_upgraded":1,"win_rate":0.0,"timestamp":1613982753,"path_taken":["M","$","M","M","?","E","?","E","T","R","E","?","?","?","R","BOSS","M","?","$","?","?","E","?","E","T","E","?","E","R","?","R","BOSS","M","?","?","$","M","R","E","?","T","?","E","?","E","M","R","BOSS","BOSS","R","$","E","BOSS"],"items_purchased_type":["Relic","Relic","Relic","Card","Relic","Potion","Potion","Relic","Card","Relic","Relic","Relic","Relic","Relic","Relic","Relic","Card","Relic","Relic","Relic","Relic","Relic","Potion","Relic","Potion","Relic","Relic","Relic","Relic","Relic","Relic","Relic","Relic","Relic","Relic","Relic","Relic","Relic","Relic","Relic","Relic","Relic","Relic","Relic","Relic","Relic","Relic","Relic","Relic","Relic"],"build_version":"2020-12-22","purchased_purges":11,"victory":true,"max_hp_per_floor":[77,77,80,84,84,86,86,90,90,90,91,94,95,95,95,100,81,82,87,87,89,89,96,102,109,109,119,119,128,128,233,261,277,246,253,253,266,266,276,334,361,591,592,592,612,612,628,641,641,661,672,672,672,672,685,701],"card_choices":[{"not_picked":["AT_GerminateFire","Metallicize","Uppercut"],"picked":"SKIP","floor":1.0},{"not_picked":["Combust","Rupture","Flame Barrier","Shrug It Off","Armaments"],"picked":"SKIP","floor":3.0},{"not_picked":["Havoc","Infernal Blade","Reckless Charge","Heavy Blade"],"picked":"AT_DrawKnifeCut","floor":4.0},{"not_picked":["Sever Soul","Searing Blow","Sword Boomerang","Twin Strike"],"picked":"MostiFishMod:PerfectStrikeMKII","floor":6.0},{"not_picked":["Infernal Blade","AT_DrawKnifeCut","REME_Cut","Wild Strike","Shrug It Off"],"picked":"SKIP","floor":8.0},{"not_picked":["Rage","Wild Strike","Flex","Perfected Strike","Havoc"],"picked":"SKIP","floor":11},{"not_picked":["Sever Soul","AT_IchimonjiDouble","Havoc","Bludgeon"],"picked":"Whirlwind","floor":12},{"not_picked":["MostiFishMod:DoubleSword","MostiFishMod:RainCloud","MostiFishMod:404NotFound","Berserk"],"picked":"Impervious","floor":16},{"not_picked":["Rage","Iron Wave","Headbutt","Clash","Armaments"],"picked":"SKIP","floor":18},{"not_picked":["Seeing Red","Havoc","True Grit","Disarm","MostiFishMod:#F4004+1"],"picked":"SKIP","floor":21},{"not_picked":["Rage","Wild Strike","Headbutt","Reckless Charge","Twin Strike"],"picked":"SKIP","floor":23},{"not_picked":["Shrug It Off","Havoc","Seeing Red","Heavy Blade","Warcry"],"picked":"SKIP","floor":24},{"not_picked":["Exhume","Rage+1","Cleave","AT_DiedThrough"],"picked":"Inflame+1","floor":25},{"not_picked":["Wild Strike","Flame Barrier","Immolate","AT_ManFootWork","Anger"],"picked":"SKIP","floor":27},{"not_picked":["Combust+1","Cleave","Clash","Flex"],"picked":"MostiFishMod:PerfectStrikeMKII","floor":29},{"not_picked":["Offering","MostiFishMod:DarkDeal","MostiFishMod:FireWorks","MostiFishMod:PerfectStrikeMKII"],"picked":"Corruption+1","floor":33},{"not_picked":["Body Slam","AT_IchimonjiDouble","Sword Boomerang","Flex"],"picked":"Shrug It Off+1","floor":35},{"not_picked":["Dark Embrace+1","REME_SingleHolding","Searing Blow+1","Second Wind","Battle Trance+1"],"picked":"SKIP","floor":37},{"not_picked":["REME_SingleHolding+1","Carnage","Sever Soul","Thunderclap"],"picked":"Pommel Strike+1","floor":39},{"not_picked":["Metallicize+1","Dual Wield","Warcry","REME_FearOfPain+1"],"picked":"Pommel Strike","floor":41},{"not_picked":["Inflame+1","Fiend Fire","Rampage+1","Perfected Strike","Wild Strike"],"picked":"Singing Bowl","floor":45},{"not_picked":["Iron Wave+1","AT_BodySlamDance","Whirlwind","Heavy Blade"],"picked":"MostiFishMod:RacingGame","floor":47},{"not_picked":["Reckless Charge","Perfected Strike","Warcry","AT_IchimonjiDouble","AT_BodySlamDance+1"],"picked":"Singing Bowl","floor":48},{"not_picked":["Clothesline+1","Wild Strike+1","Havoc","Searing Blow","AT_IchimonjiDouble"],"picked":"Singing Bowl","floor":55}],"player_experience":921538,"relics_obtained":[{"floor":1.0,"key":"SynthV:TestCard"},{"floor":6.0,"key":"DeadEye"},{"floor":8.0,"key":"D6"},{"floor":11,"key":"BookofShadows"},{"floor":23,"key":"Art of War"},{"floor":25,"key":"UnicornStump"},{"floor":27,"key":"Regal Pillow"},{"floor":29,"key":"Boot"},{"floor":33,"key":"testmod-AssaultLearning"},{"floor":35,"key":"Bottled Tornado"},{"floor":37,"key":"Unceasing Top"},{"floor":39,"key":"REME_HourglassOfDeath"},{"floor":41,"key":"Pear"},{"floor":43,"key":"AT_SunfireAegis"},{"floor":44,"key":"ScarletDevilRocket"},{"floor":45,"key":"AT_BladeRuinedKing"},{"floor":45,"key":"HowToJump"},{"floor":47,"key":"testmod-TurbochargingSystem"},{"floor":47,"key":"Calipers"},{"floor":48,"key":"Bottled Lightning"},{"floor":55,"key":"Toy Ornithopter"},{"floor":55,"key":"Bottled Flame"}],"event_choices":[{"damage_healed":0.0,"max_hp_gain":0.0,"max_hp_loss":0.0,"gold_gain":0.0,"event_name":"Scrap Ooze","player_choice":"Success","floor":5.0,"gold_loss":0.0,"damage_taken":5.0,"relics_obtained":["Dream Catcher"]},{"damage_healed":0.0,"max_hp_gain":0.0,"max_hp_loss":0.0,"gold_gain":0.0,"event_name":"Liars Game","player_choice":"Ignored","floor":7.0,"gold_loss":0.0,"damage_taken":0.0},{"damage_healed":0,"gold_gain":75,"player_choice":"Gather Gold","damage_taken":11,"max_hp_gain":0,"max_hp_loss":0,"event_name":"World of Goop","floor":13,"gold_loss":0},{"damage_healed":0,"gold_gain":0,"player_choice":"Shed Blood","damage_taken":29,"max_hp_gain":5,"max_hp_loss":0,"event_name":"Forgotten Altar","floor":19,"gold_loss":0},{"cards_removed":["Strike_R"],"damage_healed":0,"gold_gain":0,"player_choice":"Elegance","damage_taken":0,"max_hp_gain":0,"max_hp_loss":0,"event_name":"Back to Basics","floor":22,"gold_loss":0},{"damage_healed":0,"gold_gain":0,"player_choice":"Obtained Relic","damage_taken":0,"relics_obtained":["StrikeDummy"],"max_hp_gain":0,"max_hp_loss":0,"event_name":"Addict","floor":28,"gold_loss":85},{"damage_healed":0,"gold_gain":0,"player_choice":"Read","damage_taken":0,"max_hp_gain":0,"max_hp_loss":0,"event_name":"The Library","floor":31,"gold_loss":0,"cards_obtained":["Shrug It Off"]},{"cards_removed":["Whirlwind"],"damage_healed":0,"gold_gain":0,"player_choice":"Removed Attack","damage_taken":0,"max_hp_gain":0,"max_hp_loss":0,"event_name":"Falling","floor":46,"gold_loss":0}],"is_beta":false,"boss_relics":[{"not_picked":["testmod-DeterminationOfClimber","Astrolabe"],"picked":"GreenFoldingFan"},{"not_picked":[]},{"not_picked":["Busted Crown","testmod-SaigiyounoYou"],"picked":"Fusion Hammer"},{"not_picked":[]}],"items_purged_floors":[2,14,14,17,20,30,32,34,38,40,54],"is_endless":false,"potions_floor_spawned":[4,6,11,12,24,25,27,33,41,45,47],"ascension_level":20}}