{"host":"27g79df0endkaa4r","time":1613981744,"event":{"mods":["Abigail Mod","AchievementEnabler","Act Like it!","Alarm Clock","BaseMod","Better Altar","Better Match","Better Skull","Better Third Choice","BetterRewards","Bossed Relics","CapriCore","Card Forge","Colored Map","Curses Come First","Disable Question Mark Monsters","Displayed Cursed Tome","Emptier Cage","Extra Virgin Snecko Oil","FoggyMod","Friendly Minions","Gold Saver","Good Game Mod","Grow up Mod","Highlight Path","Kratos Character Expansion","Minty Spire (QoL Compilation)","Permanent Neow","Poem Panic","Remilia??????","Shop Mod","StSLib","The Immortal","The Servant 0.9.4","The Vixen","Transform Curses","Virulent Crown","????"],"gold_per_floor":[1205,1205,1218,1218,997,1016,1051,1051,1051,1080,1080,1080,566,266,18,118,118,137,137,137,412,428,458,458,470,470,503,516,516,364,389,133,237,237,249,104,104,104,64,95,136,182,205,69,81,93,105,152,181,193],"floor_reached":51,"language":"ENG","playtime":2054,"items_purged":[],"score":1166,"play_id":"235458f1-c96a-4fde-8ff0-c078409cad4f","local_time":"20210222091544","is_ascension_mode":false,"campfire_choices":[{"floor":11,"key":"RECALL"}],"circlet_count":0,"master_deck":["Neutralize+1","MokouMod:ScorchedEarth+1","Infinite Blades+1","Dodge and Roll+1","Corpse Explosion+1","Terror+1","Dagger Spray+1","Backstab+1","Reflex+1","A Thousand Cuts+1","TheVixenMod:SynergyBurst+1","Prostrate+1","J.A.X.+1","Fiend Fire+1","MokouMod:ScorchedEarth+1","ScarletNetherworld+1","CutThroughFate+1","Septette+1","Juggernaut+1","White Noise+1","Dark Shackles+1","Jack Of All Trades+1","Dramatic Entrance+1","TheVixenMod:Analytic+1","AbbyMod:Keyblade+1"],"relics":["Ring of the Snake","Hammer of Thor","Seething Fire","Anvil of the Gods","REME:ComplimentaryCards","MerchantsRug","FossilizedHelix","TungstenRod","Akabeko","Gambling Chip","KratosMod:minohorn","HandDrill","Molten Egg 2","Meat on the Bone","Ornamental Fan","Mango","PrismaticShard","Sundial","Orichalcum","Boot","Toxic Egg 2","HoveringKite","Bird Faced Urn","Bottled Lightning","Whetstone","Happy Flower","Red Mask","Juzu Bracelet","Bronze Scales","Runic Pyramid","TwistedFunnel","Thread and Needle","The Specimen","Snake Skull","MawBank","Oddly Smooth Stone"],"acts_visited":["Exordium","TheCity","TheBeyond"],"potions_floor_usage":[],"damage_taken":[{"damage":0,"enemies":"2 Louse","floor":1,"turns":2},{"damage":0,"enemies":"Cultist","floor":3,"turns":2},{"damage":0,"enemies":"Jaw Worm","floor":6,"turns":2},{"damage":0,"enemies":"Gremlin Nob","floor":7,"turns":4},{"damage":0,"enemies":"3 Sentries","floor":10,"turns":3},{"damage":6,"enemies":"The Guardian","floor":16,"turns":5},{"damage":0,"enemies":"Spheric Guardian","floor":18,"turns":3},{"damage":0,"enemies":"Chosen","floor":22,"turns":3},{"damage":21,"enemies":"Book of Stabbing","floor":23,"turns":5},{"damage":0,"enemies":"Centurion and Healer","floor":25,"turns":3},{"damage":29,"enemies":"Gremlin Leader","floor":27,"turns":4},{"damage":8,"enemies":"3 Cultists","floor":28,"turns":3},{"damage":13,"enemies":"Masked Bandits","floor":31,"turns":3},{"damage":22,"enemies":"Collector","floor":33,"turns":6},{"damage":0,"enemies":"3 Darklings","floor":35,"turns":1},{"damage":8,"enemies":"Nemesis","floor":40,"turns":3},{"damage":2,"enemies":"2 Orb Walkers","floor":42,"turns":3},{"damage":37,"enemies":"Giant Head","floor":48,"turns":7},{"damage":28,"enemies":"Awakened One","floor":50,"turns":6}],"seed_played":"-4309376148622776873","potions_obtained":[{"floor":6,"key":"SpeedPotion"},{"floor":10,"key":"SkillPotion"},{"floor":22,"key":"AttackPotion"},{"floor":25,"key":"Explosive Potion"},{"floor":31,"key":"Explosive Potion"},{"floor":39,"key":"Ancient Potion"},{"floor":39,"key":"FairyPotion"},{"floor":39,"key":"Energy Potion"},{"floor":42,"key":"BlessingOfTheForge"}],"is_trial":false,"path_per_floor":["M","?","M","?","$","M","E","?","T","E","R","?","R","$","R","B",null,"M","$","?","?","M","E","?","M","T","E","M","?","$","?","R","B",null,"M","$","?","?","?","E","R","?","T","R","?","$","$","E","R","B",null],"character_chosen":"THE_SILENT","items_purchased":["MerchantsRug","TungstenRod","Akabeko","KratosMod:minohorn","Infinite Blades","Terror","HandDrill","PrismaticShard","Sundial","Orichalcum","A Thousand Cuts","Boot","Toxic Egg 2","Happy Flower","Juzu Bracelet","Bronze Scales","TwistedFunnel","MawBank"],"campfire_rested":0,"item_purchase_floors":[0,0,0,0,0,5,5,13,13,13,14,14,15,30,32,32,36,44],"current_hp_per_floor":[90,100,110,110,120,130,140,150,160,184,194,204,214,224,234,238,264,274,284,294,304,314,303,313,333,343,332,346,356,366,371,381,385,434,444,454,455,465,475,491,501,514,524,534,544,554,564,543,553,553],"gold":205,"neow_bonus":"","is_daily":false,"chose_seed":false,"campfire_upgraded":0,"win_rate":0.0,"timestamp":1613981744,"path_taken":["M","?","?","?","?","?","E","?","T","E","R","?","R","$","R","BOSS","M","$","?","?","?","E","?","?","T","E","?","?","?","?","R","BOSS","M","$","?","?","?","E","R","?","T","R","?","?","$","E","R","BOSS"],"items_purchased_type":["Relic","Relic","Relic","Relic","Card","Card","Relic","Relic","Relic","Relic","Card","Relic","Relic","Relic","Relic","Relic","Relic","Relic"],"build_version":"2020-12-22","purchased_purges":0,"victory":true,"max_hp_per_floor":[90,100,110,120,130,140,150,160,170,194,204,214,224,234,244,254,264,274,284,294,304,314,324,334,344,354,364,374,384,394,404,414,424,434,444,454,464,474,484,494,504,514,524,534,544,554,564,574,584,594],"card_choices":[{"not_picked":["Poisoned Stab","Dagger Throw"],"picked":"Dodge and Roll","floor":1},{"not_picked":["Dagger Throw","Backflip"],"picked":"Corpse Explosion","floor":3},{"not_picked":["Catalyst","Quick Slash","Underhanded Strike"],"picked":"SKIP","floor":6},{"not_picked":["Leg Sweep","Masterful Stab+1"],"picked":"Dagger Spray+1","floor":7},{"not_picked":["Bane+1","Prepared"],"picked":"Backstab+1","floor":10},{"not_picked":["HellCatastrophe+1","Night Terror+1"],"picked":"TheVixenMod:SynergyBurst","floor":16},{"not_picked":["AbbyMod:Kuroboshi+1","NightDance+1"],"picked":"Prostrate+1","floor":18},{"not_picked":["BloodHunter+1","Clash+1"],"picked":"NightDance+1","floor":22},{"not_picked":["TheVixenMod:FireSpin+1","Acrobatics+1"],"picked":"Fiend Fire+1","floor":23},{"not_picked":["ScarletDevil+1","Heavy Blade+1"],"picked":"StarOfDavid+1","floor":25},{"not_picked":["Pommel Strike+1","BottledTime+1"],"picked":"ScarletNetherworld","floor":27},{"not_picked":["UnderTheZenith+1","CrushJoints+1"],"picked":"CutThroughFate+1","floor":28},{"not_picked":["Dropkick+1","AbbyMod:SilverKey+1"],"picked":"Septette+1","floor":31},{"not_picked":["CeilingFear+1","AbbyMod:VoidWhispers"],"picked":"Juggernaut","floor":33},{"not_picked":["VampirishNight+1","Protect+1"],"picked":"White Noise+1","floor":35},{"not_picked":["Discovery+1","Deep Breath+1"],"picked":"Dark Shackles+1","floor":37},{"not_picked":["Swift Strike+1","Transmutation+1"],"picked":"Jack Of All Trades+1","floor":37},{"not_picked":["Deep Breath+1","Thinking Ahead+1"],"picked":"Dramatic Entrance+1","floor":37},{"not_picked":["Go for the Eyes+1","Barrage+1"],"picked":"TheVixenMod:Analytic+1","floor":40},{"not_picked":["KratosMod:Roll+1","AbbyMod:Thflth+1"],"picked":"AbbyMod:Keyblade+1","floor":42},{"not_picked":["Impatience+1","TheVixenMod:Protect+1","TheVixenMod:Flamethrower+1"],"picked":"SKIP","floor":48}],"player_experience":22388,"relics_obtained":[{"floor":7,"key":"Molten Egg 2"},{"floor":9,"key":"Ornamental Fan"},{"floor":10,"key":"Mango"},{"floor":23,"key":"Bird Faced Urn"},{"floor":26,"key":"Bottled Lightning"},{"floor":27,"key":"Whetstone"},{"floor":31,"key":"Red Mask"},{"floor":40,"key":"Thread and Needle"},{"floor":42,"key":"The Specimen"},{"floor":43,"key":"Snake Skull"},{"floor":48,"key":"Oddly Smooth Stone"}],"event_choices":[{"damage_healed":0,"gold_gain":0,"player_choice":"Ignored","damage_taken":0,"max_hp_gain":0,"max_hp_loss":0,"event_name":"WeMeetAgain","floor":2,"gold_loss":0},{"damage_healed":0,"gold_gain":0,"player_choice":"Damaged","damage_taken":11,"max_hp_gain":0,"max_hp_loss":0,"event_name":"Wheel of Change","floor":4,"gold_loss":0},{"damage_healed":0,"gold_gain":0,"player_choice":"Box","damage_taken":0,"relics_obtained":["Meat on the Bone"],"max_hp_gain":0,"max_hp_loss":0,"event_name":"Big Fish","floor":8,"gold_loss":0,"cards_obtained":["Regret"]},{"damage_healed":0,"gold_gain":0,"cards_transformed":["Defend_G"],"player_choice":"Change","damage_taken":0,"max_hp_gain":0,"max_hp_loss":0,"event_name":"Living Wall","floor":12,"gold_loss":0,"cards_obtained":["Reflex"]},{"damage_healed":0,"gold_gain":0,"player_choice":"Obtain J.A.X.","damage_taken":0,"max_hp_gain":0,"max_hp_loss":0,"event_name":"Drug Dealer","floor":20,"gold_loss":0,"cards_obtained":["J.A.X."]},{"damage_healed":0,"gold_gain":275,"player_choice":"Desecrate","damage_taken":0,"max_hp_gain":0,"max_hp_loss":0,"event_name":"Golden Shrine","floor":21,"gold_loss":0,"cards_obtained":["Regret"]},{"damage_healed":0,"gold_gain":0,"player_choice":"Copied","damage_taken":0,"max_hp_gain":0,"max_hp_loss":0,"event_name":"Duplicator","floor":24,"gold_loss":0,"cards_obtained":["MokouMod:ScorchedEarth"]},{"damage_healed":0,"gold_gain":0,"player_choice":"Ignored","damage_taken":0,"max_hp_gain":0,"max_hp_loss":0,"event_name":"Vampires","floor":29,"gold_loss":0},{"damage_healed":0,"gold_gain":0,"player_choice":"Fought Bandits","damage_taken":0,"max_hp_gain":0,"max_hp_loss":0,"event_name":"Masked Bandits","floor":31,"gold_loss":0},{"damage_healed":0,"gold_gain":0,"player_choice":"Memory 3","damage_taken":10,"max_hp_gain":0,"max_hp_loss":0,"event_name":"SensoryStone","floor":37,"gold_loss":0},{"damage_healed":0,"gold_gain":0,"player_choice":"Ignored","damage_taken":0,"max_hp_gain":0,"max_hp_loss":0,"event_name":"Tomb of Lord Red Mask","floor":38,"gold_loss":0},{"damage_healed":0,"gold_gain":0,"player_choice":"Bought 3 Potions","damage_taken":0,"max_hp_gain":0,"max_hp_loss":0,"event_name":"The Woman in Blue","floor":39,"gold_loss":0},{"damage_healed":0,"gold_gain":0,"player_choice":"Fight","damage_taken":0,"max_hp_gain":0,"max_hp_loss":0,"event_name":"Mysterious Sphere","floor":42,"gold_loss":0},{"cards_removed":["Survivor"],"damage_healed":0,"gold_gain":0,"player_choice":"Removed Skill","damage_taken":0,"max_hp_gain":0,"max_hp_loss":0,"event_name":"Falling","floor":45,"gold_loss":0}],"is_beta":false,"boss_relics":[{"not_picked":["Astrolabe","Snecko Eye"],"picked":"HoveringKite"},{"not_picked":["SacredBark","Velvet Choker"],"picked":"Runic Pyramid"}],"items_purged_floors":[],"is_endless":false,"potions_floor_spawned":[6,10,22,25,31,42],"ascension_level":0}}