{"host":"9c5s71vpq5e0ob8c","time":1613960168,"event":{"mods":["BaseMod","DeckTracker","Minty Spire (QoL Compilation)","StSLib"],"gold_per_floor":[117,117,117,134,180,215,215,227,273,293,325,152,166,178,178,178,178],"floor_reached":16,"language":"ENG","playtime":527,"items_purged":[],"score":233,"play_id":"bf129e0c-3c66-45e6-acbc-e2cfc78805cb","local_time":"20210221211608","is_ascension_mode":true,"campfire_choices":[{"data":"Dash","floor":7,"key":"SMITH"},{"floor":15,"key":"REST"}],"circlet_count":0,"master_deck":["AscendersBane","Strike_G+1","Strike_G","Strike_G","Strike_G","Defend_G","Defend_G","Defend_G","Defend_G","Defend_G","Survivor","Neutralize+1","Dash+1","Dodge and Roll","Dodge and Roll","Dodge and Roll","Adrenaline"],"relics":["Ring of the Snake","NeowsBlessing","Nunchaku","Orichalcum","Boot","Peace Pipe","ClockworkSouvenir"],"acts_visited":["Exordium"],"potions_floor_usage":[11,11,11,13],"damage_taken":[{"damage":0,"enemies":"2 Louse","floor":1,"turns":1},{"damage":0,"enemies":"Cultist","floor":4,"turns":1},{"damage":0,"enemies":"Gremlin Nob","floor":6,"turns":1},{"damage":0,"enemies":"Jaw Worm","floor":8,"turns":3},{"damage":4,"enemies":"Blue Slaver","floor":10,"turns":4},{"damage":13,"enemies":"Lagavulin","floor":11,"turns":8},{"damage":4,"enemies":"Gremlin Gang","floor":13,"turns":5},{"damage":5,"enemies":"Exordium Thugs","floor":14,"turns":7},{"damage":41,"enemies":"Hexaghost","floor":16,"turns":16}],"seed_played":"-6341777738922748191","potions_obtained":[{"floor":6,"key":"Swift Potion"},{"floor":8,"key":"EntropicBrew"},{"floor":14,"key":"SpeedPotion"}],"is_trial":false,"path_per_floor":["M","?","?","M","T","E","R","M","T","M","E","$","M","M","R","B"],"character_chosen":"THE_SILENT","items_purchased":["ClockworkSouvenir","Dodge and Roll"],"campfire_rested":1,"item_purchase_floors":[12,12],"current_hp_per_floor":[59,46,46,46,46,46,46,46,46,42,29,29,25,20,39,0,0],"gold":178,"neow_bonus":"THREE_ENEMY_KILL","is_daily":false,"chose_seed":false,"campfire_upgraded":1,"win_rate":0.0,"timestamp":1613960168,"path_taken":["M","?","?","?","?","E","R","M","T","?","E","?","M","M","R","BOSS"],"items_purchased_type":["Relic","Card"],"build_version":"2020-12-22","purchased_purges":0,"victory":false,"max_hp_per_floor":[66,66,66,66,66,66,66,66,66,66,66,66,66,66,66,66,66],"card_choices":[{"not_picked":["Deflect","Acrobatics","Predator"],"picked":"SKIP","floor":1},{"not_picked":["Flying Knee","Dagger Throw","Eviscerate"],"picked":"SKIP","floor":4},{"not_picked":["Dagger Throw","Flechettes"],"picked":"Dash","floor":6},{"not_picked":["Endless Agony","Masterful Stab"],"picked":"Dodge and Roll","floor":8},{"not_picked":["Distraction","Dagger Throw","Backstab"],"picked":"SKIP","floor":10},{"not_picked":["Sucker Punch","Bane"],"picked":"Dodge and Roll","floor":11},{"not_picked":["Dagger Throw","Deflect","PiercingWail"],"picked":"SKIP","floor":13},{"not_picked":["Choke","Setup"],"picked":"Adrenaline","floor":14}],"player_experience":355815,"relics_obtained":[{"floor":5,"key":"Nunchaku"},{"floor":6,"key":"Orichalcum"},{"floor":9,"key":"Boot"},{"floor":11,"key":"Peace Pipe"}],"event_choices":[{"damage_healed":0,"gold_gain":0,"player_choice":"Entered Light","damage_taken":13,"max_hp_gain":0,"max_hp_loss":0,"event_name":"Shining Light","floor":2,"gold_loss":0,"cards_upgraded":["Neutralize","Strike_G"]},{"cards_removed":["Strike_G"],"damage_healed":0,"gold_gain":0,"player_choice":"Card Removal","damage_taken":0,"max_hp_gain":0,"max_hp_loss":0,"event_name":"Wheel of Change","floor":3,"gold_loss":0}],"is_beta":false,"boss_relics":[],"items_purged_floors":[],"is_endless":false,"potions_floor_spawned":[6,8,14],"killed_by":"Hexaghost","ascension_level":14}}