{"host":"Sean","time":1613991344,"event":{"mods":["BaseMod","Block Reminder","Colored Map","Colored Powertips","Highlight Path","Minty Spire (QoL Compilation)","Permanent Neow","Relic Stats"],"gold_per_floor":[117,15,31,44,55,55,55,55,107,107,122,122,165,190,190,320,320,340,353,353,367,27,40,376,376,376,376,395,44,44,63,63,182,182,205,538,538,3,16,16,43,43,68,79,93,0,30,49,49,49,49],"floor_reached":50,"language":"ENG","playtime":2995,"items_purged":["Strike_G","Defend_G"],"score":901,"play_id":"ca8e1874-5983-499d-8d92-e9cddc931e0b","local_time":"20210222105544","is_ascension_mode":true,"campfire_choices":[{"data":"Dash","floor":6,"key":"SMITH"},{"data":"All Out Attack","floor":10,"key":"SMITH"},{"data":"Envenom","floor":12,"key":"SMITH"},{"data":"Crippling Poison","floor":15,"key":"SMITH"},{"floor":25,"key":"REST"},{"floor":27,"key":"REST"},{"floor":32,"key":"REST"},{"data":"PiercingWail","floor":40,"key":"SMITH"},{"data":"Well Laid Plans","floor":42,"key":"SMITH"},{"data":"Catalyst","floor":49,"key":"SMITH"}],"circlet_count":0,"master_deck":["AscendersBane","Strike_G","Strike_G","Strike_G","Defend_G","Defend_G","Defend_G","Defend_G","Survivor","Neutralize","Blade Dance","Cloak And Dagger","Slice","Dash+1","All Out Attack+1","Crippling Poison+1","Envenom+1","Quick Slash","Bouncing Flask","Tools of the Trade","Necronomicurse","PiercingWail+1","Underhanded Strike","Doppelganger","Finisher","Acrobatics","Slice","Phantasmal Killer","Dagger Throw+1","PanicButton","Underhanded Strike","Well Laid Plans+1","Backflip+1","Calculated Gamble+1","Accuracy+1","Catalyst+1","Acrobatics+1"],"relics":["Ring of the Snake","PreservedInsect","Art of War","Philosopher\u0027s Stone","Necronomicon","Lantern","Old Coin","Ornamental Fan","Anchor","Chemical X","Thread and Needle","Coffee Dripper","Bag of Marbles","CaptainsWheel","Toy Ornithopter","Orichalcum","Red Mask","The Courier"],"acts_visited":["Exordium","TheCity","TheBeyond"],"potions_floor_usage":[16,16,21,24,31,33,47,50,50],"damage_taken":[{"damage":8,"enemies":"2 Louse","floor":1,"turns":3},{"damage":0,"enemies":"Small Slimes","floor":3,"turns":3},{"damage":3,"enemies":"Jaw Worm","floor":4,"turns":4},{"damage":0,"enemies":"3 Louse","floor":5,"turns":4},{"damage":5,"enemies":"Large Slime","floor":11,"turns":6},{"damage":4,"enemies":"Lagavulin","floor":13,"turns":6},{"damage":0,"enemies":"Exordium Wildlife","floor":14,"turns":6},{"damage":16,"enemies":"The Guardian","floor":16,"turns":9},{"damage":3,"enemies":"Shell Parasite","floor":18,"turns":6},{"damage":0,"enemies":"3 Byrds","floor":19,"turns":4},{"damage":20,"enemies":"Snake Plant","floor":21,"turns":4},{"damage":5,"enemies":"Centurion and Healer","floor":23,"turns":5},{"damage":3,"enemies":"Gremlin Leader","floor":24,"turns":4},{"damage":9,"enemies":"Cultist and Chosen","floor":28,"turns":5},{"damage":6,"enemies":"Snecko","floor":31,"turns":4},{"damage":27,"enemies":"Collector","floor":33,"turns":7},{"damage":0,"enemies":"3 Shapes","floor":35,"turns":4},{"damage":0,"enemies":"3 Darklings","floor":39,"turns":4},{"damage":0,"enemies":"Giant Head","floor":41,"turns":5},{"damage":6,"enemies":"Sphere and 2 Shapes","floor":44,"turns":4},{"damage":0,"enemies":"Maw","floor":45,"turns":6},{"damage":27,"enemies":"Nemesis","floor":47,"turns":5},{"damage":0,"enemies":"3 Darklings","floor":48,"turns":4},{"damage":44,"enemies":"Awakened One","floor":50,"turns":9}],"seed_played":"-4563534838507951468","potions_obtained":[{"floor":4,"key":"GamblersBrew"},{"floor":5,"key":"AttackPotion"},{"floor":16,"key":"ColorlessPotion"},{"floor":18,"key":"Ancient Potion"},{"floor":21,"key":"Explosive Potion"},{"floor":24,"key":"Regen Potion"},{"floor":33,"key":"Block Potion"},{"floor":39,"key":"DuplicationPotion"},{"floor":47,"key":"Weak Potion"}],"is_trial":false,"path_per_floor":["M","$","M","M","M","R","?","?","T","R","M","R","E","M","R","B",null,"M","M","?","M","$","M","E","R","T","R","M","$","?","M","R","B",null,"M","?","?","$","M","R","E","R","T","M","M","?","E","M","R","B"],"character_chosen":"THE_SILENT","items_purchased":["Slice","Lantern","PiercingWail","Underhanded Strike","Anchor","Chemical X","Slice","Bag of Marbles","CaptainsWheel","Underhanded Strike","Well Laid Plans"],"campfire_rested":3,"item_purchase_floors":[2,22,22,22,29,29,29,38,38,38,38],"current_hp_per_floor":[55,55,55,52,52,52,52,45,45,45,40,40,36,36,36,20,54,51,51,35,15,15,10,7,26,26,45,36,36,36,42,61,34,57,57,57,57,57,57,57,57,57,57,51,51,51,29,29,29,0,0],"gold":49,"neow_bonus":"THREE_CARDS","is_daily":false,"chose_seed":false,"campfire_upgraded":7,"win_rate":0.0,"timestamp":1613991344,"path_taken":["M","$","M","M","M","R","?","?","T","R","M","R","E","M","R","BOSS","M","M","?","M","$","M","E","R","T","R","M","$","?","?","R","BOSS","M","?","?","?","?","R","E","R","T","?","M","?","E","M","R","BOSS"],"items_purchased_type":["Card","Relic","Card","Card","Relic","Relic","Card","Relic","Relic","Card","Card"],"build_version":"2020-12-18","purchased_purges":2,"victory":false,"max_hp_per_floor":[70,70,70,70,70,70,65,65,65,65,65,65,65,65,65,65,65,65,65,65,65,65,65,65,65,65,65,65,65,65,65,65,65,65,65,65,65,65,65,65,65,65,65,65,65,65,65,65,65,65,65],"relic_stats":{"counters":[24,121],"Ornamental Fan":[196],"PreservedInsect":259,"Art of War":[7],"Necronomicon":[38],"Chemical X":[8],"Orichalcum":[24],"obtain_stats":[{"Lantern":22,"Golden Idol":7,"Thread and Needle":30,"PreservedInsect":9,"The Courier":47,"Orichalcum":43,"Old Coin":24,"Anchor":29,"CaptainsWheel":38,"Ornamental Fan":26,"Philosopher\u0027s Stone":17,"Art of War":13,"Necronomicon":20,"Coffee Dripper":34,"Bag of Marbles":38,"Red Mask":46,"Chemical X":29,"Toy Ornithopter":41,"Ring of the Snake":0},{"Lantern":11,"Golden Idol":4,"Thread and Needle":14,"PreservedInsect":4,"The Courier":22,"Orichalcum":19,"Old Coin":13,"Anchor":14,"CaptainsWheel":17,"Ornamental Fan":13,"Philosopher\u0027s Stone":8,"Art of War":6,"Necronomicon":10,"Coffee Dripper":16,"Bag of Marbles":17,"Red Mask":21,"Chemical X":14,"Toy Ornithopter":19,"Ring of the Snake":0},{"Lantern":55,"Golden Idol":14,"Thread and Needle":69,"PreservedInsect":14,"The Courier":108,"Orichalcum":93,"Old Coin":64,"Anchor":69,"CaptainsWheel":84,"Ornamental Fan":64,"Philosopher\u0027s Stone":41,"Art of War":26,"Necronomicon":51,"Coffee Dripper":80,"Bag of Marbles":84,"Red Mask":103,"Chemical X":69,"Toy Ornithopter":93,"Ring of the Snake":0}],"Toy Ornithopter":15,"Ring of the Snake":[48]},"card_choices":[{"not_picked":["Sucker Punch","Accuracy"],"picked":"Blade Dance","floor":0},{"not_picked":["Deflect","Prepared"],"picked":"Cloak And Dagger","floor":1},{"not_picked":["Choke","Poisoned Stab"],"picked":"Dash","floor":3},{"not_picked":["Calculated Gamble","Caltrops"],"picked":"All Out Attack","floor":4},{"not_picked":["Deadly Poison","Catalyst"],"picked":"Crippling Poison","floor":5},{"not_picked":["Deadly Poison","Endless Agony"],"picked":"Envenom","floor":11},{"not_picked":["Slice","Endless Agony"],"picked":"Quick Slash","floor":13},{"not_picked":["Blur","Outmaneuver"],"picked":"Bouncing Flask","floor":14},{"not_picked":["Die Die Die","Grand Finale"],"picked":"Tools of the Trade","floor":16},{"not_picked":["Infinite Blades","Escape Plan","Slice"],"picked":"SKIP","floor":18},{"not_picked":["Quick Slash","Dodge and Roll","Distraction"],"picked":"SKIP","floor":19},{"not_picked":["Deadly Poison","Crippling Poison","Infinite Blades"],"picked":"SKIP","floor":21},{"not_picked":["Poisoned Stab+1","Deadly Poison"],"picked":"Doppelganger","floor":23},{"not_picked":["Dagger Throw","Reflex"],"picked":"Finisher","floor":24},{"not_picked":["Dagger Throw","Setup"],"picked":"Acrobatics","floor":28},{"not_picked":["Poisoned Stab","Heel Hook","Setup"],"picked":"SKIP","floor":31},{"not_picked":["Die Die Die","Grand Finale"],"picked":"Phantasmal Killer","floor":33},{"not_picked":["Deflect","PiercingWail"],"picked":"Dagger Throw+1","floor":35},{"not_picked":["Mind Blast","Violence"],"picked":"PanicButton","floor":37},{"not_picked":["Crippling Poison","Dagger Spray","Backflip"],"picked":"SKIP","floor":39},{"not_picked":["Masterful Stab","Riddle With Holes"],"picked":"Backflip+1","floor":41},{"not_picked":["Poisoned Stab+1","Deadly Poison"],"picked":"Calculated Gamble+1","floor":44},{"not_picked":["Backstab","Slice+1"],"picked":"Accuracy+1","floor":45},{"not_picked":["Deadly Poison","Finisher"],"picked":"Catalyst","floor":47},{"not_picked":["Noxious Fumes","Finisher+1"],"picked":"Acrobatics+1","floor":48}],"player_experience":593289,"relics_obtained":[{"floor":9,"key":"PreservedInsect"},{"floor":13,"key":"Art of War"},{"floor":20,"key":"Necronomicon"},{"floor":24,"key":"Old Coin"},{"floor":26,"key":"Ornamental Fan"},{"floor":41,"key":"Toy Ornithopter"},{"floor":43,"key":"Orichalcum"},{"floor":47,"key":"The Courier"}],"event_choices":[{"damage_healed":0,"gold_gain":0,"player_choice":"Lose Max HP","damage_taken":0,"relics_obtained":["Golden Idol"],"max_hp_gain":0,"max_hp_loss":5,"event_name":"Golden Idol","floor":7,"gold_loss":0},{"cards_removed":["Strike_G"],"damage_healed":0,"gold_gain":0,"player_choice":"Card Removal","damage_taken":7,"max_hp_gain":0,"max_hp_loss":0,"event_name":"Golden Wing","floor":8,"gold_loss":0},{"damage_healed":0,"gold_gain":0,"player_choice":"Obtained Book","damage_taken":16,"max_hp_gain":0,"max_hp_loss":0,"event_name":"Cursed Tome","floor":20,"gold_loss":0},{"damage_healed":0,"gold_gain":0,"player_choice":"Opened","damage_taken":0,"relics_obtained":["Thread and Needle"],"max_hp_gain":0,"max_hp_loss":0,"event_name":"The Mausoleum","floor":30,"gold_loss":0},{"damage_healed":0,"gold_gain":333,"player_choice":"Gave Idol","damage_taken":0,"max_hp_gain":0,"max_hp_loss":0,"event_name":"The Moai Head","floor":36,"relics_lost":["Golden Idol"],"gold_loss":0},{"damage_healed":0,"gold_gain":0,"player_choice":"Memory 1","damage_taken":0,"max_hp_gain":0,"max_hp_loss":0,"event_name":"SensoryStone","floor":37,"gold_loss":0},{"damage_healed":0,"gold_gain":0,"player_choice":"Paid","damage_taken":0,"relics_obtained":["Red Mask"],"max_hp_gain":0,"max_hp_loss":0,"event_name":"Tomb of Lord Red Mask","floor":46,"gold_loss":93}],"is_beta":true,"boss_relics":[{"not_picked":["Velvet Choker","Cursed Key"],"picked":"Philosopher\u0027s Stone"},{"not_picked":["Black Star","Runic Dome"],"picked":"Coffee Dripper"}],"items_purged_floors":[2,22],"is_endless":false,"potions_floor_spawned":[4,5,13,14,16,18,21,24,28,33,39,41,47],"killed_by":"Awakened One","ascension_level":11}}