{"host":"c64dsqyrqv0ei9yn","time":1613995597,"event":{"mods":["Act Like it!","Arknights","BaseMod","Bestiary","CapriCore","Chen","Colored Map","Colored Powertips","Curses Come First","Hermit","Koishi","LagranYue(ùfäiòNÅEåé)","MarisaÅiñ∂âJÅ@ñÇóùçπÅj","Minty Spire (QoL Compilation)","Prisma Mod","Random Character Button","ReimuÅiîé??öÎÅj","RemiliaÅiÂQïƒ‰ª?Åj","StSLib","The Administrix","The Alterego","The Immortal","The Marked","The Saiyan","The Senshi","The Servant 0.9.4","The Wild Card","TheSwordswoman","Waifu the Spire","WarShipGirlsR/??è≠èóR mod","slay the spire mod where everything is the same but ironclad has a cowboy hat"],"gold_per_floor":[113,128,128,140,160,160,187,187,187,187,207,207,234,248,248,346,346,365,30,30,46,59,59,66,66,66,80,94,94,94,94,94,195,195,212,227,222,242,118,118,133,164,239,239,264,264,73,100,100,80,80],"floor_reached":50,"language":"ENG","playtime":2856,"items_purged":["Normality","PrismaMod:IllyaCommonAttack"],"score":637,"play_id":"551601f2-5870-4543-9f32-139164a1700e","local_time":"20210222120637","is_ascension_mode":true,"campfire_choices":[{"data":"PrismaMod:IllyaUberAttackChannel","floor":6,"key":"SMITH"},{"data":"PrismaMod:IllyaSaphire","floor":8,"key":"SMITH"},{"data":"PrismaMod:IllyaCheapAttack","floor":10,"key":"SMITH"},{"data":"PrismaMod:IllyaUberDefendChannel","floor":12,"key":"SMITH"},{"floor":15,"key":"REST"},{"data":"PrismaMod:IllyaGrail","floor":23,"key":"SMITH"},{"data":"PrismaMod:IllyaGrail","floor":25,"key":"SMITH"},{"data":"1","floor":29,"key":"LIFT"},{"data":"2","floor":32,"key":"LIFT"},{"floor":40,"key":"REST"},{"floor":44,"key":"REST"},{"floor":46,"key":"REST"},{"data":"PrismaMod:IllyaZwei","floor":49,"key":"SMITH"}],"circlet_count":0,"master_deck":["PrismaMod:IllyaCommonDefend","PrismaMod:IllyaCommonAttack","PrismaMod:IllyaCommonDefend","PrismaMod:IllyaCommonAttack","PrismaMod:IllyaCommonDefend","PrismaMod:IllyaCommonAttack","PrismaMod:IllyaCommonDefend","PrismaMod:IllyaUncommonAttack","PrismaMod:IllyaUncommonDefend+1","PrismaMod:IllyaGrail+1","PrismaMod:IllyaCheapAttack+1","PrismaMod:IllyaUberAttackChannel+1","PrismaMod:IllyaSaphire+1","PrismaMod:IllyaUberDefendChannel+1","PrismaMod:IllyaGrail+1","CurseOfTheBell","PrismaMod:IllyaInstallLancer","PrismaMod:IllyaBride+1","PrismaMod:IllyaZwei+1","PrismaMod:IllyaGun","Metamorphosis"],"relics":["PrismaMod:PrismaRuby","Ice Cream","AntiCross","White Beast Statue","Frozen Egg 2","Calling Bell","Centennial Puzzle","Sundial","Girya","Eternal Feather","Toy Ornithopter","Ornamental Fan","Empty Cage","HornCleat","InkBottle","Juzu Bracelet","Orichalcum"],"acts_visited":["Exordium","TheCity","TheBeyond"],"potions_floor_usage":[42,50,50,50],"damage_taken":[{"damage":0,"enemies":"Small Slimes","floor":1,"turns":4},{"damage":0,"enemies":"Cultist","floor":2,"turns":4},{"damage":0,"enemies":"2 Louse","floor":4,"turns":4},{"damage":0,"enemies":"Looter","floor":5,"turns":3},{"damage":10,"enemies":"3 Sentries","floor":7,"turns":6},{"damage":17,"enemies":"Lots of Slimes","floor":11,"turns":3},{"damage":2,"enemies":"Gremlin Nob","floor":13,"turns":4},{"damage":4,"enemies":"Gremlin Gang","floor":14,"turns":4},{"damage":17,"enemies":"Hexaghost","floor":16,"turns":6},{"damage":11,"enemies":"2 Thieves","floor":18,"turns":4},{"damage":0,"enemies":"Shell Parasite","floor":21,"turns":5},{"damage":0,"enemies":"Snake Plant","floor":22,"turns":3},{"damage":11,"enemies":"Book of Stabbing","floor":24,"turns":5},{"damage":6,"enemies":"Snecko","floor":27,"turns":4},{"damage":23,"enemies":"Sentry and Sphere","floor":28,"turns":7},{"damage":40,"enemies":"Collector","floor":33,"turns":10},{"damage":7,"enemies":"3 Shapes","floor":35,"turns":4},{"damage":19,"enemies":"3 Darklings","floor":36,"turns":7},{"damage":15,"enemies":"4 Shapes","floor":37,"turns":6},{"damage":8,"enemies":"Writhing Mass","floor":38,"turns":6},{"damage":44,"enemies":"Sphere and 2 Shapes","floor":41,"turns":6},{"damage":8,"enemies":"Reptomancer","floor":42,"turns":2},{"damage":12,"enemies":"Giant Head","floor":48,"turns":6},{"damage":90,"enemies":"Awakened One","floor":50,"turns":21}],"seed_played":"6966975850854890396","potions_obtained":[{"floor":2,"key":"SkillPotion"},{"floor":7,"key":"BlessingOfTheForge"},{"floor":11,"key":"Explosive Potion"},{"floor":28,"key":"CultistPotion"},{"floor":42,"key":"DistilledChaos"}],"is_trial":false,"path_per_floor":["M","M","?","M","M","R","E","R","T","R","M","R","E","M","R","B",null,"M","$","?","M","M","R","E","R","T","M","M","R","?","$","R","B",null,"M","M","M","M","$","R","M","E","T","R","T","R","$","E","R","B"],"character_chosen":"ILLYA","items_purchased":["Eternal Feather","PrismaMod:IllyaGun","Metamorphosis"],"campfire_rested":4,"item_purchase_floors":[19,39,47],"current_hp_per_floor":[75,75,75,75,75,75,65,65,65,65,48,48,46,42,64,47,75,64,64,64,64,64,73,62,74,74,68,45,57,57,57,69,29,75,68,49,34,26,26,60,16,13,13,47,47,75,75,63,75,0,0],"gold":80,"neow_bonus":"ONE_RARE_RELIC","is_daily":false,"chose_seed":false,"campfire_upgraded":7,"win_rate":0.0,"timestamp":1613995597,"path_taken":["M","M","?","M","?","R","E","R","T","R","M","R","E","M","R","BOSS","M","$","?","M","M","R","E","R","T","M","M","R","?","$","R","BOSS","M","M","M","M","?","R","?","E","T","R","?","R","$","E","R","BOSS"],"items_purchased_type":["Relic","Card","Card"],"build_version":"2020-12-22","purchased_purges":2,"victory":false,"max_hp_per_floor":[75,75,75,75,75,75,75,75,75,75,75,75,75,75,75,75,75,75,75,75,75,75,75,75,75,75,75,75,75,75,75,75,75,75,75,75,75,75,75,75,75,75,75,75,75,75,75,75,75,75,75],"card_choices":[{"not_picked":["PrismaMod:IllyaCheapChannelAttack","PrismaMod:IllyaGun"],"picked":"PrismaMod:IllyaGrail","floor":1},{"not_picked":["PrismaMod:IllyaBride","PrismaMod:IllyaCheapChannelPoison"],"picked":"PrismaMod:IllyaCheapAttack","floor":2},{"not_picked":["PrismaMod:IllyaEvokeAll","PrismaMod:IllyaBride"],"picked":"PrismaMod:IllyaUberAttackChannel","floor":4},{"not_picked":["PrismaMod:IllyaAlice","PrismaMod:IllyaCheapChannelPoison","PrismaMod:IllyaMaid"],"picked":"SKIP","floor":5},{"not_picked":["PrismaMod:IllyaRubysPotion","PrismaMod:IllyaGrailKun"],"picked":"PrismaMod:IllyaSaphire","floor":7},{"not_picked":["PrismaMod:IllyaMaid","PrismaMod:IllyaGun"],"picked":"PrismaMod:IllyaUberDefendChannel","floor":11},{"not_picked":["PrismaMod:IllyaBerserCAR","PrismaMod:IllyaCheapChannelPoison"],"picked":"PrismaMod:IllyaGrail","floor":13},{"not_picked":["PrismaMod:IllyaRussianRoulette","PrismaMod:IllyaReinForce","PrismaMod:IllyaPartialInstallAssassin"],"picked":"SKIP","floor":14},{"not_picked":["PrismaMod:IllyaCheapChannelPoison","PrismaMod:IllyaUncommonEvoke","PrismaMod:IllyaMaid"],"picked":"SKIP","floor":18},{"not_picked":["PrismaMod:IllyaAlice","PrismaMod:IllyaCheapChannelPoison","PrismaMod:IllyaUncommonAOEAttack"],"picked":"SKIP","floor":21},{"not_picked":["PrismaMod:IllyaBerserCAR","PrismaMod:IllyaBoysLove","PrismaMod:IllyaDetonatingBlow"],"picked":"SKIP","floor":22},{"not_picked":["PrismaMod:IllyaStunPoison+1","PrismaMod:IllyaCheapChannelDefend"],"picked":"PrismaMod:IllyaInstallLancer","floor":24},{"not_picked":["PrismaMod:IllyaFeed","PrismaMod:IllyaGrail","PrismaMod:IllyaSaphire"],"picked":"SKIP","floor":27},{"not_picked":["PrismaMod:IllyaUberChannel","PrismaMod:IllyaBoysLove"],"picked":"PrismaMod:IllyaBride+1","floor":28},{"not_picked":["PrismaMod:IllyaCheapChannelPoison","PrismaMod:IllyaDualEvoke","PrismaMod:IllyaFeed"],"picked":"SKIP","floor":35},{"not_picked":["PrismaMod:IllyaBoysLove+1","PrismaMod:IllyaAssassinRevenge+1","PrismaMod:IllyaCommonEvoke+1"],"picked":"SKIP","floor":36},{"not_picked":["PrismaMod:IllyaUncommonAttack+1","PrismaMod:IllyaCheapDefend+1"],"picked":"PrismaMod:IllyaZwei","floor":37},{"not_picked":["PrismaMod:IllyaBlindPoisonToss","PrismaMod:IllyaMaid","PrismaMod:IllyaCheapChannelAttack"],"picked":"SKIP","floor":38},{"not_picked":["PrismaMod:IllyaHassanGift+1","PrismaMod:IllyaDualEvoke","PrismaMod:IllyaUberChannel"],"picked":"SKIP","floor":41},{"not_picked":["PrismaMod:IllyaCommonEvoke+1","PrismaMod:IllyaMinorReinForce","PrismaMod:IllyaCheapAttack+1"],"picked":"SKIP","floor":42},{"not_picked":["PrismaMod:IllyaMinorRapidFire","PrismaMod:IllyaStunPoison","PrismaMod:IllyaBoysLove+1"],"picked":"SKIP","floor":48}],"player_experience":135262,"relics_obtained":[{"floor":7,"key":"AntiCross"},{"floor":9,"key":"White Beast Statue"},{"floor":13,"key":"Frozen Egg 2"},{"floor":17,"key":"Centennial Puzzle"},{"floor":17,"key":"Sundial"},{"floor":17,"key":"Girya"},{"floor":24,"key":"Toy Ornithopter"},{"floor":26,"key":"Ornamental Fan"},{"floor":42,"key":"HornCleat"},{"floor":43,"key":"InkBottle"},{"floor":45,"key":"Juzu Bracelet"},{"floor":48,"key":"Orichalcum"}],"event_choices":[{"damage_healed":0,"gold_gain":0,"player_choice":"Forge","damage_taken":0,"max_hp_gain":0,"max_hp_loss":0,"event_name":"Accursed Blacksmith","floor":3,"gold_loss":0,"cards_upgraded":["PrismaMod:IllyaUncommonDefend"]},{"damage_healed":0,"gold_gain":0,"player_choice":"Ignored","damage_taken":0,"max_hp_gain":0,"max_hp_loss":0,"event_name":"Cursed Tome","floor":20,"gold_loss":0},{"damage_healed":0,"gold_gain":0,"player_choice":"Got Potions","damage_taken":0,"max_hp_gain":0,"max_hp_loss":0,"event_name":"Lab","floor":30,"gold_loss":0}],"is_beta":false,"boss_relics":[{"not_picked":["Astrolabe","Tiny House"],"picked":"Calling Bell"},{"not_picked":["Cursed Key","Black Star"],"picked":"Empty Cage"}],"items_purged_floors":[19,39],"is_endless":false,"potions_floor_spawned":[2,7,11,13,14,16,18,21,22,24,27,28,33,35,36,37,38,41,42,48],"killed_by":"Awakened One","ascension_level":1}}