{"host":"f5gffvlv6a66yqkd","time":1613978252,"event":{"mods":["2.2 Compatiblity","BaseMod","Colored Map","Custom Start","DeckTracker","Keyboard Shortcuts","Minty Spire (QoL Compilation)","Permanent Neow","Quick Restart","Relic Stats","StSLib","SuperFastMode"],"gold_per_floor":[18,35,310,321,75,109,109,172,172,172,191,191,191,191,191,266,266,281,300,319,339,339,339,0,0,46,62,62,72,85,97,97,97,97],"floor_reached":33,"language":"KOR","playtime":784,"items_purged":["Regret","Defend_B"],"score":623,"play_id":"70a01bcd-0394-42ad-92a5-283bf6b2c752","local_time":"20210222161732","is_ascension_mode":true,"campfire_choices":[{"data":"Zap","floor":7.0,"key":"SMITH"},{"data":"Recycle","floor":10.0,"key":"SMITH"},{"data":"Sweeping Beam","floor":12.0,"key":"SMITH"},{"data":"Hyperbeam","floor":15.0,"key":"SMITH"},{"floor":23.0,"key":"REST"},{"data":"Hyperbeam","floor":25.0,"key":"SMITH"},{"data":"Undo","floor":32.0,"key":"SMITH"}],"circlet_count":0,"master_deck":["AscendersBane","Defend_B","Defend_B","Zap+1","Dualcast","Rebound","Cold Snap","FTL","BootSequence","Recycle+1","Sweeping Beam+1","Hyperbeam+1","Meteor Strike","Barrage+1","Steam+1","Self Repair+1","Compile Driver","Undo+1","Hyperbeam+1","Redo","Turbo","Stack"],"relics":["Cracked Core","Du-Vu Doll","HornCleat","Sundial","Astrolabe","Strawberry"],"acts_visited":["Exordium","TheCity"],"potions_floor_usage":[33,33],"damage_taken":[{"damage":2.0,"enemies":"Jaw Worm","floor":1.0,"turns":3.0},{"damage":0.0,"enemies":"Cultist","floor":2.0,"turns":2.0},{"damage":2.0,"enemies":"Small Slimes","floor":4.0,"turns":3.0},{"damage":27.0,"enemies":"Gremlin Nob","floor":6.0,"turns":4.0},{"damage":22.0,"enemies":"Gremlin Nob","floor":8.0,"turns":4.0},{"damage":0.0,"enemies":"Looter","floor":11.0,"turns":2.0},{"damage":0.0,"enemies":"Slime Boss","floor":16.0,"turns":4.0},{"damage":16.0,"enemies":"Shell Parasite","floor":18.0,"turns":5.0},{"damage":19.0,"enemies":"Chosen","floor":19.0,"turns":5.0},{"damage":16.0,"enemies":"Shelled Parasite and Fungi","floor":20.0,"turns":4.0},{"damage":17.0,"enemies":"Snecko","floor":21.0,"turns":4.0},{"damage":16.0,"enemies":"Cultist and Chosen","floor":27.0,"turns":5.0},{"damage":14.0,"enemies":"Snake Plant","floor":29.0,"turns":2.0},{"damage":13.0,"enemies":"Centurion and Healer","floor":30.0,"turns":5.0},{"damage":17.0,"enemies":"Snecko","floor":31.0,"turns":6.0},{"damage":70,"enemies":"Collector","floor":33,"turns":8}],"seed_played":"2008992080999155004","potions_obtained":[{"floor":4.0,"key":"Regen Potion"},{"floor":6.0,"key":"SpeedPotion"},{"floor":16.0,"key":"Block Potion"},{"floor":18.0,"key":"Strength Potion"},{"floor":19.0,"key":"Dexterity Potion"},{"floor":31.0,"key":"FearPotion"}],"is_trial":false,"path_per_floor":["M","M","?","M","$","E","R","?","T","R","M","R","?","?","R","B",null,"M","M","M","M","?","R","$","R","T","M","?","M","M","M","R","B"],"character_chosen":"DEFECT","items_purchased":["Electrodynamics","Undo","Hyperbeam"],"campfire_rested":1,"item_purchase_floors":[5,24,24],"current_hp_per_floor":[62,62,62,60,60,33,33,23,23,23,23,23,16,16,16,16,57,51,42,36,29,9,31,31,31,38,32,93,79,76,69,69,0,0],"gold":97,"neow_bonus":"ONE_RARE_RELIC","is_daily":false,"chose_seed":false,"campfire_upgraded":6,"win_rate":0.0,"timestamp":1613978252,"path_taken":["M","M","?","?","$","E","R","?","T","R","M","R","?","?","R","BOSS","M","M","M","M","?","R","$","R","T","M","?","M","?","M","R","BOSS"],"items_purchased_type":["Card","Card","Card"],"build_version":"2020-12-22","purchased_purges":2,"victory":false,"max_hp_per_floor":[71,71,71,71,71,71,71,71,71,71,71,71,71,71,71,71,71,71,71,71,71,76,76,76,76,83,83,93,93,93,93,93,93,93],"relic_stats":{"counters":[16,66],"Sundial":[6],"Astrolabe":["Barrage","Steam","Self Repair"],"obtain_stats":[{"Du-Vu Doll":0,"HornCleat":8,"Sundial":9,"Astrolabe":17,"Strawberry":26,"Cracked Core":0},{"Du-Vu Doll":0,"HornCleat":4,"Sundial":5,"Astrolabe":7,"Strawberry":11,"Cracked Core":0},{"Du-Vu Doll":0,"HornCleat":12,"Sundial":16,"Astrolabe":22,"Strawberry":40,"Cracked Core":0}]},"card_choices":[{"not_picked":["Compile Driver","Auto Shields"],"picked":"Rebound","floor":1.0},{"not_picked":["Consume","Tempest"],"picked":"Cold Snap","floor":2.0},{"not_picked":["Compile Driver","Tempest"],"picked":"FTL","floor":4.0},{"not_picked":["Capacitor","Compile Driver"],"picked":"BootSequence","floor":6.0},{"not_picked":["Redo","Capacitor"],"picked":"Recycle","floor":8.0},{"not_picked":["Turbo","Leap"],"picked":"Sweeping Beam","floor":11.0},{"not_picked":["Creative AI","Reboot"],"picked":"Meteor Strike","floor":16.0},{"not_picked":["Rebound+1","Blizzard"],"picked":"Compile Driver","floor":18.0},{"not_picked":["Rebound","Streamline+1","Turbo"],"picked":"SKIP","floor":19.0},{"not_picked":["Loop+1","Conserve Battery","Cold Snap"],"picked":"SKIP","floor":20.0},{"not_picked":["Leap","Sweeping Beam","Lockon"],"picked":"SKIP","floor":21.0},{"not_picked":["Go for the Eyes","Sweeping Beam"],"picked":"Redo","floor":27.0},{"not_picked":["BootSequence","Rainbow","Streamline"],"picked":"SKIP","floor":29.0},{"not_picked":["Conserve Battery","Cold Snap"],"picked":"Turbo","floor":30.0},{"not_picked":["Genetic Algorithm","Streamline"],"picked":"Stack","floor":31.0}],"player_experience":1544631,"relics_obtained":[{"floor":9.0,"key":"Sundial"},{"floor":26.0,"key":"Strawberry"}],"event_choices":[{"damage_healed":0.0,"max_hp_gain":0.0,"max_hp_loss":0.0,"gold_gain":275.0,"event_name":"Golden Shrine","player_choice":"Desecrate","floor":3.0,"gold_loss":0.0,"damage_taken":0.0,"cards_obtained":["Regret"]},{"damage_healed":0.0,"max_hp_gain":0.0,"max_hp_loss":0.0,"gold_gain":0.0,"event_name":"Dead Adventurer","player_choice":"Searched \u00273\u0027 times","floor":8.0,"gold_loss":0.0,"damage_taken":0.0,"relics_obtained":["HornCleat"]},{"cards_removed":["Strike_B"],"damage_healed":0.0,"max_hp_gain":0.0,"max_hp_loss":0.0,"gold_gain":0.0,"event_name":"Golden Wing","player_choice":"Card Removal","floor":13.0,"gold_loss":0.0,"damage_taken":7.0},{"damage_healed":0.0,"max_hp_gain":0.0,"max_hp_loss":0.0,"gold_gain":0.0,"cards_transformed":["Strike_B"],"event_name":"Transmorgrifier","player_choice":"Transformed","floor":14.0,"gold_loss":0.0,"damage_taken":0.0,"cards_obtained":["Hyperbeam"]},{"damage_healed":0.0,"max_hp_gain":5.0,"max_hp_loss":0.0,"gold_gain":0.0,"event_name":"Forgotten Altar","player_choice":"Shed Blood","floor":22.0,"gold_loss":0.0,"damage_taken":25.0},{"cards_removed":["Electrodynamics"],"damage_healed":51.0,"max_hp_gain":10.0,"max_hp_loss":0.0,"gold_gain":0.0,"event_name":"Bonfire Elementals","player_choice":"Offered Rare","floor":28.0,"gold_loss":0.0,"damage_taken":0.0}],"is_beta":false,"boss_relics":[{"not_picked":["Philosopher\u0027s Stone","Runic Dome"],"picked":"Astrolabe"}],"items_purged_floors":[5,24],"is_endless":false,"potions_floor_spawned":[4,6,16,18,19,30,31],"killed_by":"Collector","ascension_level":20}}