{"host":"z37g2hkgkh2zjyzk","time":1613956421,"event":{"mods":["2.2 Compatiblity","AchievementEnabler","BaseMod","Bestiary","Colored Map","Colored Powertips","Curses Come First","Highlight Path","Keyboard Shortcuts","Minty Spire (QoL Compilation)","Relic Stats","StSLib","SuperFastMode"],"gold_per_floor":[113,113,128,144,219,244,259,259,259,294,308,61,61,73,73,175,175,195,285,256,256,256],"floor_reached":21,"language":"ENG","playtime":1174,"items_purged":["Strike_B"],"score":239,"play_id":"ad9f7365-51f8-4161-be39-e412e19c1dcf","local_time":"20210222021341","is_ascension_mode":true,"campfire_choices":[{"floor":8,"key":"REST"},{"floor":13,"key":"REST"},{"data":"Multi-Cast","floor":15,"key":"SMITH"}],"circlet_count":0,"master_deck":["Strike_B","Strike_B","Strike_B","Defend_B","Defend_B","Defend_B","Defend_B","Zap","Dualcast","Reinforced Body+1","Tempest","Leap","Sweeping Beam","Redo","Steam Power","Loop","Multi-Cast+1","Undo","Echo Form","Skim","BootSequence"],"relics":["Philosopher\u0027s Stone","Calipers","Du-Vu Doll","Thread and Needle","Black Star"],"acts_visited":["Exordium","TheCity"],"potions_floor_usage":[7,16,16],"damage_taken":[{"damage":0,"enemies":"2 Louse","floor":1,"turns":4},{"damage":0,"enemies":"Small Slimes","floor":3,"turns":3},{"damage":0,"enemies":"Cultist","floor":4,"turns":5},{"damage":23,"enemies":"3 Sentries","floor":6,"turns":8},{"damage":14,"enemies":"Exordium Wildlife","floor":7,"turns":5},{"damage":23,"enemies":"Gremlin Nob","floor":10,"turns":4},{"damage":0,"enemies":"Blue Slaver","floor":11,"turns":4},{"damage":3,"enemies":"Looter","floor":14,"turns":2},{"damage":36,"enemies":"Hexaghost","floor":16,"turns":11},{"damage":17,"enemies":"Shell Parasite","floor":18,"turns":4},{"damage":22,"enemies":"2 Thieves","floor":20,"turns":5},{"damage":16,"enemies":"Cultist and Chosen","floor":21,"turns":4}],"seed_played":"-3845779844797044204","potions_obtained":[{"floor":1,"key":"Explosive Potion"},{"floor":10,"key":"EssenceOfSteel"},{"floor":11,"key":"Regen Potion"},{"floor":14,"key":"Ancient Potion"}],"is_trial":false,"path_per_floor":["M","?","M","M","?","E","M","R","T","E","M","$","R","M","R","B",null,"M","?","M","M"],"character_chosen":"DEFECT","items_purchased":["Loop","Multi-Cast"],"campfire_rested":2,"item_purchase_floors":[12,12],"current_hp_per_floor":[75,75,75,75,64,41,27,49,49,26,26,26,48,45,45,18,61,44,32,10,0,0],"gold":256,"neow_bonus":"BOSS_RELIC","is_daily":false,"chose_seed":false,"campfire_upgraded":1,"win_rate":0.0,"timestamp":1613956421,"path_taken":["M","?","M","M","?","E","M","R","T","E","M","$","R","M","R","BOSS","M","?","M","?"],"items_purchased_type":["Card","Card"],"build_version":"2020-12-22","purchased_purges":1,"victory":false,"max_hp_per_floor":[75,75,75,75,75,75,75,75,75,75,75,75,75,75,75,75,75,75,75,75,75,75],"relic_stats":{"counters":[12,59],"Black Star":0,"obtain_stats":[{"Du-Vu Doll":9,"Calipers":6,"Philosopher\u0027s Stone":0,"Thread and Needle":10,"Black Star":17,"Cracked Core":0},{"Du-Vu Doll":5,"Calipers":4,"Philosopher\u0027s Stone":0,"Thread and Needle":6,"Black Star":9,"Cracked Core":0},{"Du-Vu Doll":25,"Calipers":20,"Philosopher\u0027s Stone":0,"Thread and Needle":29,"Black Star":46,"Cracked Core":0}]},"card_choices":[{"not_picked":["Storm","Compile Driver"],"picked":"Reinforced Body","floor":1},{"not_picked":["Gash","Storm"],"picked":"Tempest","floor":3},{"not_picked":["Gash","Rebound"],"picked":"Leap","floor":4},{"not_picked":["Coolheaded","Darkness","Gash"],"picked":"SKIP","floor":6},{"not_picked":["Reprogram","Chaos"],"picked":"Sweeping Beam","floor":7},{"not_picked":["Compile Driver","Barrage"],"picked":"Redo","floor":10},{"not_picked":["Ball Lightning","Steam"],"picked":"Steam Power","floor":11},{"not_picked":["Chaos","Rebound"],"picked":"Undo","floor":14},{"not_picked":["Biased Cognition","Buffer"],"picked":"Echo Form","floor":16},{"not_picked":["Go for the Eyes+1","Hologram+1"],"picked":"Skim","floor":18},{"not_picked":["Conserve Battery","Streamline"],"picked":"BootSequence","floor":20}],"player_experience":192486,"relics_obtained":[{"floor":6,"key":"Calipers"},{"floor":9,"key":"Du-Vu Doll"},{"floor":10,"key":"Thread and Needle"}],"event_choices":[{"damage_healed":0,"gold_gain":0,"player_choice":"Grow","damage_taken":0,"max_hp_gain":0,"max_hp_loss":0,"event_name":"Living Wall","floor":2,"gold_loss":0,"cards_upgraded":["Reinforced Body"]},{"damage_healed":0,"gold_gain":75,"player_choice":"Gather Gold","damage_taken":11,"max_hp_gain":0,"max_hp_loss":0,"event_name":"World of Goop","floor":5,"gold_loss":0},{"damage_healed":0,"gold_gain":90,"player_choice":"GOLD ","damage_taken":12,"max_hp_gain":0,"max_hp_loss":0,"event_name":"Knowing Skull","floor":19,"potions_obtained":[],"gold_loss":0,"cards_obtained":[]}],"is_beta":false,"boss_relics":[{"not_picked":["Empty Cage","Sozu"],"picked":"Black Star"}],"items_purged_floors":[12],"is_endless":false,"potions_floor_spawned":[1,10,11,14],"killed_by":"Cultist and Chosen","ascension_level":5}}