{"host":"91blwi3hgehj6ch9","time":1613955054,"event":{"mods":["2.2 Compatiblity","AchievementEnabler","BaseMod","Colored Map","DeckTracker","Keyboard Shortcuts","Minty Spire (QoL Compilation)","Permanent Neow","Relic Stats","StSLib","SuperFastMode","everything is the same but u backflip on backflip"],"gold_per_floor":[118,137,148,168,185,185,202,127,154,104,117,143,160,191,191,191,191],"floor_reached":16,"language":"KOR","playtime":357,"items_purged":["Strike_R"],"score":116,"play_id":"dca00aac-e7eb-4e15-86d9-551cd738875b","local_time":"20210222095054","is_ascension_mode":false,"campfire_choices":[{"data":"Wild Strike","floor":6.0,"key":"SMITH"},{"data":"Perfected Strike","floor":15.0,"key":"SMITH"}],"circlet_count":0,"master_deck":["Strike_R","Strike_R","Strike_R","Strike_R","Defend_R","Defend_R","Bash","Wild Strike+1","Pommel Strike","Twin Strike","Perfected Strike+1"],"relics":["Burning Blood","Art of War","Mercury Hourglass","Nunchaku"],"acts_visited":["Exordium"],"potions_floor_usage":[16,16,16],"damage_taken":[{"damage":6.0,"enemies":"Jaw Worm","floor":1.0,"turns":3.0},{"damage":0.0,"enemies":"2 Louse","floor":2.0,"turns":3.0},{"damage":7.0,"enemies":"Small Slimes","floor":3.0,"turns":3.0},{"damage":23.0,"enemies":"Exordium Wildlife","floor":4.0,"turns":4.0},{"damage":6.0,"enemies":"3 Louse","floor":5.0,"turns":3.0},{"damage":8.0,"enemies":"Lots of Slimes","floor":7.0,"turns":3.0},{"damage":20.0,"enemies":"Looter","floor":11.0,"turns":3.0},{"damage":14.0,"enemies":"Gremlin Nob","floor":12.0,"turns":3.0},{"damage":0.0,"enemies":"Large Slime","floor":13.0,"turns":2.0},{"damage":16.0,"enemies":"3 Sentries","floor":14.0,"turns":5.0},{"damage":34,"enemies":"The Guardian","floor":16,"turns":8}],"seed_played":"-6867717299705682143","potions_obtained":[{"floor":1.0,"key":"SneckoOil"},{"floor":2.0,"key":"Strength Potion"},{"floor":4.0,"key":"SpeedPotion"},{"floor":7.0,"key":"CultistPotion"},{"floor":12.0,"key":"Strength Potion"}],"is_trial":false,"path_per_floor":["M","M","M","M","M","R","M","$","T","?","M","E","M","E","R","B"],"character_chosen":"IRONCLAD","items_purchased":[],"campfire_rested":0,"item_purchase_floors":[],"current_hp_per_floor":[72,72,71,54,54,54,52,52,52,52,38,30,36,26,26,0,0],"gold":191,"neow_bonus":"REMOVE_TWO","is_daily":false,"chose_seed":false,"campfire_upgraded":2,"win_rate":0.0,"timestamp":1613955054,"path_taken":["M","M","M","M","M","R","M","$","T","?","M","E","M","E","R","BOSS"],"items_purchased_type":[],"build_version":"2020-12-22","purchased_purges":1,"victory":false,"max_hp_per_floor":[72,72,72,72,72,72,72,72,72,72,72,72,72,72,72,72,72],"relic_stats":{"Nunchaku":[1],"counters":[11,40],"Art of War":[3],"obtain_stats":[{"Nunchaku":14,"Art of War":9,"Burning Blood":0,"Mercury Hourglass":12},{"Nunchaku":10,"Art of War":6,"Burning Blood":0,"Mercury Hourglass":8},{"Nunchaku":32,"Art of War":19,"Burning Blood":0,"Mercury Hourglass":25}],"Burning Blood":54,"Mercury Hourglass":[66]},"card_choices":[{"not_picked":["Combust","Headbutt","Clash"],"picked":"SKIP","floor":1.0},{"not_picked":["Infernal Blade","Bloodletting","Headbutt"],"picked":"SKIP","floor":2.0},{"not_picked":["Dropkick","Intimidate"],"picked":"Wild Strike","floor":3.0},{"not_picked":["Havoc","Body Slam"],"picked":"Cleave","floor":4.0},{"not_picked":["Flex","Reckless Charge"],"picked":"Pommel Strike","floor":5.0},{"not_picked":["Reckless Charge","Fire Breathing","Metallicize"],"picked":"SKIP","floor":7.0},{"not_picked":["Clothesline","Brutality","Disarm"],"picked":"SKIP","floor":11.0},{"not_picked":["Entrench","True Grit","Cleave"],"picked":"SKIP","floor":12.0},{"not_picked":["Headbutt","Burning Pact"],"picked":"Twin Strike","floor":13.0},{"not_picked":["Heavy Blade","Havoc"],"picked":"Perfected Strike","floor":14.0}],"player_experience":301616,"relics_obtained":[{"floor":9.0,"key":"Art of War"},{"floor":12.0,"key":"Mercury Hourglass"},{"floor":14.0,"key":"Nunchaku"}],"event_choices":[{"cards_removed":["Cleave"],"damage_healed":0.0,"max_hp_gain":0.0,"max_hp_loss":0.0,"gold_gain":0.0,"event_name":"The Cleric","player_choice":"Card Removal","floor":10.0,"gold_loss":50.0,"damage_taken":0.0}],"is_beta":false,"boss_relics":[],"items_purged_floors":[8],"is_endless":false,"potions_floor_spawned":[1,2,4,5,7,12],"killed_by":"The Guardian","ascension_level":0}}