{"host":"72n3jwtrlpjobydj","time":1613975612,"event":{"mods":["AchievementEnabler","Act Like it!","Arknights","BaseMod","CapriCore","DeckTracker","Hermit","Koishi","Lobotomy","Marisa£¨Ùöéë¡¡Øª×âÞÞ£©","Minty Spire (QoL Compilation)","Permanent Neow","StSLib","SuperFastMode","The Cursed","The Gatherer","The Hierophant","The Immortal"],"gold_per_floor":[109,34,34,34,49,49,85,99,152,167,205,26,51,64,64,64,64],"floor_reached":16,"language":"KOR","playtime":434,"items_purged":["Koishi:BasicStrike"],"score":112,"play_id":"bda7f7fe-a546-4b94-9d16-7ca473df8c06","local_time":"20210222153332","is_ascension_mode":false,"campfire_choices":[{"floor":6,"key":"RECALL"},{"floor":15,"key":"REST"}],"circlet_count":0,"master_deck":["Koishi:BasicStrike","Koishi:BasicStrike","Koishi:BasicStrike","Koishi:BasicDefend","Koishi:BasicDefend","Koishi:BasicDefend","Koishi:BasicDefend","Koishi:Provoke","Koishi:HauntingSlash+1","Koishi:DreadfulBlow","Koishi:StingingMind","Koishi:ParalyzingFear","Koishi:BloodcurdlingScream","Koishi:UnseenTerror","Koishi:Catatonia","Koishi:ImGoingToCallYouNow"],"relics":["Koishi:ImaginaryFriend","Golden Idol","PreservedInsect","Dream Catcher","Bag of Marbles"],"acts_visited":["Exordium"],"potions_floor_usage":[0,11,11,16,16],"damage_taken":[{"damage":6,"enemies":"Jaw Worm","floor":1,"turns":6},{"damage":1,"enemies":"Cultist","floor":5,"turns":4},{"damage":31,"enemies":"Gremlin Nob","floor":7,"turns":5},{"damage":2,"enemies":"2 Louse","floor":8,"turns":2},{"damage":7,"enemies":"Blue Slaver","floor":10,"turns":6},{"damage":13,"enemies":"Lagavulin","floor":11,"turns":5},{"damage":2,"enemies":"Looter","floor":13,"turns":3},{"damage":7,"enemies":"3 Louse","floor":14,"turns":3},{"damage":50,"enemies":"The Guardian","floor":16,"turns":9}],"seed_played":"979243567598403819","potions_obtained":[{"floor":0,"key":"SmokeBomb"},{"floor":0,"key":"Strength Potion"},{"floor":0,"key":"Fruit Juice"},{"floor":7,"key":"Dexterity Potion"},{"floor":11,"key":"LiquidBronze"},{"floor":14,"key":"Weak Potion"}],"is_trial":false,"path_per_floor":["M","$","?","?","M","R","E","M","T","M","E","$","M","M","R","B"],"character_chosen":"KOISHI","items_purchased":["Koishi:Catatonia","Bag of Marbles"],"campfire_rested":1,"item_purchase_floors":[12,12],"current_hp_per_floor":[62,62,60,60,60,60,39,40,40,39,37,37,39,32,50,0,0],"gold":64,"neow_bonus":"THREE_SMALL_POTIONS","is_daily":false,"chose_seed":false,"campfire_upgraded":0,"win_rate":0.0,"timestamp":1613975612,"path_taken":["M","$","?","?","M","R","E","M","T","?","E","$","M","M","R","BOSS"],"items_purchased_type":["Card","Relic"],"build_version":"2020-12-22","purchased_purges":1,"victory":false,"max_hp_per_floor":[65,65,60,60,60,60,60,60,60,60,60,60,60,60,60,60,60],"card_choices":[{"not_picked":["Koishi:GeneticsOfTheUnconscious","Koishi:FourthEye"],"picked":"Koishi:DreadfulBlow","floor":1},{"not_picked":["Koishi:UnconsciousUrges","Koishi:SubterraneanRose"],"picked":"Koishi:StingingMind","floor":5},{"not_picked":["Koishi:RoseHell","Koishi:ReflexRadar"],"picked":"Koishi:ParalyzingFear","floor":7},{"not_picked":["Koishi:GeneticsOfTheUnconscious","Koishi:PhantomBarrier"],"picked":"Koishi:BloodcurdlingScream","floor":8},{"not_picked":["Koishi:ApparitionsStalkTheNight","Koishi:HeartfeltFancy","Koishi:PhantomStrike"],"picked":"SKIP","floor":10},{"not_picked":["Koishi:HeartAttack","Koishi:FleetingPhantom"],"picked":"Koishi:UnseenTerror","floor":11},{"not_picked":["Koishi:RorschachInDanmaku","Koishi:SubconsciousSweep","Koishi:PhantomStrike"],"picked":"SKIP","floor":13},{"not_picked":["Koishi:FleetingPhantom","Koishi:SubconsciousSweep"],"picked":"Koishi:ImGoingToCallYouNow","floor":14}],"player_experience":121162,"relics_obtained":[{"floor":7,"key":"PreservedInsect"},{"floor":11,"key":"Dream Catcher"}],"event_choices":[{"damage_healed":0,"gold_gain":0,"player_choice":"Lose Max HP","damage_taken":0,"relics_obtained":["Golden Idol"],"max_hp_gain":0,"max_hp_loss":5,"event_name":"Golden Idol","floor":3,"gold_loss":0},{"damage_healed":0,"gold_gain":0,"player_choice":"Forge","damage_taken":0,"max_hp_gain":0,"max_hp_loss":0,"event_name":"Accursed Blacksmith","floor":4,"gold_loss":0,"cards_upgraded":["Koishi:HauntingSlash"]}],"is_beta":false,"boss_relics":[],"items_purged_floors":[2],"is_endless":false,"potions_floor_spawned":[7,11,14],"killed_by":"The Guardian","ascension_level":0}}