{"host":"a9gsz7kv8aebwp1f","time":1613986480,"event":{"mods":["AchievementEnabler","BaseMod","Minty Spire (QoL Compilation)"],"gold_per_floor":[111,111,129,204,204,204,91,91,91,102,116,39,39,39,39,136,136,149,164,175,175,175,175,23,41,41,73,73,73,86,103,103,205,205,224,224,274,274,290,290,290],"floor_reached":40,"language":"KOR","playtime":1658,"items_purged":[],"score":630,"play_id":"04ebfa33-b769-46ab-97a8-f469e7541fdc","local_time":"20210222183440","is_ascension_mode":true,"campfire_choices":[{"floor":6,"key":"REST"},{"data":"Electrodynamics","floor":8,"key":"SMITH"},{"floor":13,"key":"REST"},{"floor":15,"key":"DIG"},{"floor":23,"key":"REST"},{"floor":28,"key":"REST"},{"floor":32,"key":"REST"}],"circlet_count":0,"master_deck":["AscendersBane","Zap","Dualcast","All For One","Leap+1","Electrodynamics+1","Conserve Battery","Defragment","Reinforced Body","Rip and Tear","Stack","Sunder","Thunder Strike","Rebound","Rip and Tear","Self Repair","Fission","Recycle","Tempest","Static Discharge","Ball Lightning","Conserve Battery","Go for the Eyes","Hologram","Necronomicurse","Thunder Strike","Conserve Battery","Defragment","Thunder Strike","CurseOfTheBell","White Noise","Loop","Deep Breath"],"relics":["Cracked Core","Shovel","HornCleat","Pandora\u0027s Box","Necronomicon","ClockworkSouvenir","Letter Opener","Blood Vial","Calling Bell","Lantern","Matryoshka","Emotion Chip","StoneCalendar"],"acts_visited":["Exordium","TheCity","TheBeyond"],"potions_floor_usage":[16,16,25,25,40],"damage_taken":[{"damage":3,"enemies":"Small Slimes","floor":1,"turns":3},{"damage":0,"enemies":"Cultist","floor":3,"turns":3},{"damage":0,"enemies":"2 Louse","floor":10,"turns":1},{"damage":12,"enemies":"Large Slime","floor":11,"turns":4},{"damage":69,"enemies":"Hexaghost","floor":16,"turns":13},{"damage":0,"enemies":"Chosen","floor":18,"turns":4},{"damage":18,"enemies":"Shell Parasite","floor":19,"turns":6},{"damage":28,"enemies":"Shelled Parasite and Fungi","floor":20,"turns":6},{"damage":20,"enemies":"Centurion and Healer","floor":25,"turns":4},{"damage":7,"enemies":"Gremlin Leader","floor":27,"turns":4},{"damage":21,"enemies":"Colosseum Slavers","floor":29,"turns":4},{"damage":10,"enemies":"Snake Plant","floor":30,"turns":4},{"damage":11,"enemies":"Cultist and Chosen","floor":31,"turns":5},{"damage":65,"enemies":"Champ","floor":33,"turns":8},{"damage":11,"enemies":"Orb Walker","floor":35,"turns":3},{"damage":9,"enemies":"Mind Bloom Boss Battle","floor":37,"turns":6},{"damage":51,"enemies":"3 Darklings","floor":39,"turns":4},{"damage":29,"enemies":"Nemesis","floor":40,"turns":4}],"seed_played":"4989665455461423852","potions_obtained":[{"floor":10,"key":"Swift Potion"},{"floor":11,"key":"LiquidMemories"},{"floor":16,"key":"Strength Potion"},{"floor":18,"key":"DuplicationPotion"},{"floor":30,"key":"CultistPotion"},{"floor":31,"key":"SpeedPotion"},{"floor":39,"key":"Regen Potion"}],"is_trial":false,"path_per_floor":["M","?","M","?","?","R","$","R","T","M","M","$","R","$","R","B",null,"M","M","M","?","?","R","$","M","T","E","R","?","M","M","R","B",null,"M","?","?","?","M","E"],"character_chosen":"DEFECT","items_purchased":["Defragment","Reinforced Body","Sunder","ClockworkSouvenir"],"campfire_rested":5,"item_purchase_floors":[7,7,12,24],"current_hp_per_floor":[65,65,65,54,39,61,61,61,61,61,49,49,71,71,71,2,57,64,53,32,16,41,63,63,50,50,43,65,46,45,43,65,2,57,55,55,55,55,13,0,0],"gold":290,"neow_bonus":"ONE_RANDOM_RARE_CARD","is_daily":false,"chose_seed":false,"campfire_upgraded":1,"win_rate":0.0,"timestamp":1613986480,"path_taken":["M","?","?","?","?","R","$","R","T","M","M","?","R","$","R","BOSS","M","?","M","?","?","R","$","M","T","E","R","?","M","?","R","BOSS","M","?","?","?","M","E"],"items_purchased_type":["Card","Card","Card","Relic"],"build_version":"2020-12-22","purchased_purges":0,"victory":false,"max_hp_per_floor":[75,75,75,75,75,75,75,75,75,75,75,75,75,75,75,75,75,75,75,75,75,75,75,75,75,75,75,75,75,75,75,75,75,75,75,75,75,75,75,75,75],"card_choices":[{"not_picked":["Rebound","Steam"],"picked":"Leap","floor":1},{"not_picked":["Steam Power","Rebound"],"picked":"Conserve Battery","floor":3},{"not_picked":["Cold Snap","Consume"],"picked":"Rip and Tear","floor":10},{"not_picked":["Genetic Algorithm","Rebound"],"picked":"Stack","floor":11},{"not_picked":["Core Surge","Rainbow"],"picked":"Thunder Strike","floor":16},{"not_picked":["Gash","Beam Cell"],"picked":"Conserve Battery","floor":18},{"not_picked":["Compile Driver","Beam Cell"],"picked":"Go for the Eyes","floor":19},{"not_picked":["Skim","Darkness"],"picked":"Hologram","floor":20},{"not_picked":["Storm+1","Beam Cell"],"picked":"Thunder Strike","floor":25},{"not_picked":["Cold Snap","Thunder Strike"],"picked":"Conserve Battery","floor":27},{"not_picked":["BootSequence","Genetic Algorithm"],"picked":"Defragment","floor":30},{"not_picked":["Compile Driver","Consume","Chaos"],"picked":"SKIP","floor":31},{"not_picked":["Meteor Strike","Fission"],"picked":"Thunder Strike","floor":33},{"not_picked":["Rebound+1","Leap"],"picked":"White Noise","floor":35},{"not_picked":["Lockon","Gash"],"picked":"Loop","floor":37},{"not_picked":["The Bomb","Dramatic Entrance"],"picked":"Deep Breath","floor":38},{"not_picked":["Cold Snap","Rip and Tear","Compile Driver+1"],"picked":"SKIP","floor":39}],"player_experience":473401,"relics_obtained":[{"floor":9,"key":"Shovel"},{"floor":15,"key":"HornCleat"},{"floor":21,"key":"Necronomicon"},{"floor":26,"key":"Letter Opener"},{"floor":27,"key":"Blood Vial"},{"floor":34,"key":"Lantern"},{"floor":34,"key":"Matryoshka"},{"floor":34,"key":"Emotion Chip"},{"floor":37,"key":"StoneCalendar"}],"event_choices":[{"damage_healed":0,"gold_gain":0,"player_choice":"1 cards matched","damage_taken":0,"max_hp_gain":0,"max_hp_loss":0,"event_name":"Match and Keep!","floor":2,"gold_loss":0,"cards_obtained":["Electrodynamics"]},{"damage_healed":0,"gold_gain":75,"player_choice":"Gather Gold","damage_taken":11,"max_hp_gain":0,"max_hp_loss":0,"event_name":"World of Goop","floor":4,"gold_loss":0},{"damage_healed":0,"gold_gain":0,"player_choice":"Entered Light","damage_taken":15,"max_hp_gain":0,"max_hp_loss":0,"event_name":"Shining Light","floor":5,"gold_loss":0,"cards_upgraded":["Defend_B","Leap"]},{"damage_healed":0,"gold_gain":0,"player_choice":"Obtained Book","damage_taken":16,"max_hp_gain":0,"max_hp_loss":0,"event_name":"Cursed Tome","floor":21,"gold_loss":0},{"damage_healed":25,"gold_gain":0,"player_choice":"Heal","damage_taken":0,"max_hp_gain":0,"max_hp_loss":0,"event_name":"The Library","floor":22,"gold_loss":0},{"damage_healed":0,"gold_gain":0,"player_choice":"Fight","damage_taken":0,"max_hp_gain":0,"max_hp_loss":0,"event_name":"Colosseum","floor":29,"gold_loss":0},{"damage_healed":0,"gold_gain":0,"player_choice":"Fled From Nobs","damage_taken":0,"max_hp_gain":0,"max_hp_loss":0,"event_name":"Colosseum","floor":29,"gold_loss":0},{"damage_healed":0,"gold_gain":0,"player_choice":"Ignored","damage_taken":0,"max_hp_gain":0,"max_hp_loss":0,"event_name":"Tomb of Lord Red Mask","floor":36,"gold_loss":0},{"damage_healed":0,"gold_gain":0,"player_choice":"Fight","damage_taken":0,"max_hp_gain":0,"max_hp_loss":0,"event_name":"MindBloom","floor":37,"gold_loss":0},{"damage_healed":0,"gold_gain":0,"player_choice":"Memory 1","damage_taken":0,"max_hp_gain":0,"max_hp_loss":0,"event_name":"SensoryStone","floor":38,"gold_loss":0}],"is_beta":false,"boss_relics":[{"not_picked":["Snecko Eye","SacredBark"],"picked":"Pandora\u0027s Box"},{"not_picked":["Busted Crown","Philosopher\u0027s Stone"],"picked":"Calling Bell"}],"items_purged_floors":[],"is_endless":false,"potions_floor_spawned":[10,11,16,18,20,30,31,39],"killed_by":"Nemesis","ascension_level":12}}