{"host":"c6m2gd7h1328eiwi","time":1613992170,"event":{"mods":["Act Like it!","Aspiration","BaseMod","Better Skull","BetterRewards","Challenge The Spire","Colored Map","Conspire","Downfall","Elementarium","Energized Spire","GifTheSpireLib","Halation","Hubris","Mimic Mod","Minty Spire (QoL Compilation)","Quick Restart","Reliquary","Replay The Spire","Ruina","Spikes Relics","Spires And Sneckos","StSLib","The Jungle","Wandering Minibosses"],"gold_per_floor":[116,116,134,134,134,134,169,119,199,238,238,238,251,267,267,386,386,404,424,424,774,774,774,796,824,867,869,869],"floor_reached":27,"language":"ENG","playtime":1938,"items_purged":[],"score":221,"play_id":"71dfd84d-3701-47bd-a0d4-257ebabfc279","local_time":"20210222040930","is_ascension_mode":false,"campfire_choices":[{"data":"Heavy Blade","floor":6,"key":"SMITH"},{"data":"Disarm","floor":15,"key":"SMITH"},{"data":"Perfected Strike","floor":23,"key":"SMITH"}],"circlet_count":0,"master_deck":["Strike_R+1","Strike_R","Strike_R","Strike_R","Strike_R","Defend_R","Defend_R","Defend_R","Defend_R","Bash","Heavy Blade+1","Perfected Strike+1","Twin Strike","Twin Strike","Anger","Disarm+1","Demonic Infusion","Perfected Strike+1","Intimidate","Languid","conspire:NecroticWound","Anger+1","Life Link","Anger"],"relics":["Burning Blood","Golden Idol","Mango","Mummified Hand","Meat on the Bone","energizedSpire:SpiderWeb","Ring of Panic","Ring of Greed","Replay:Bandana","Old Coin","Self Forming Clay"],"acts_visited":["Exordium","TheCity"],"potions_floor_usage":[10,14,25,27],"damage_taken":[{"damage":8,"enemies":"Small Slimes","floor":1,"turns":3},{"damage":11,"enemies":"Jaw Worm","floor":3,"turns":3},{"damage":48,"enemies":"3 Sentries","floor":7,"turns":9},{"damage":19,"enemies":"Replay:BlueRogue","floor":10,"turns":6},{"damage":0,"enemies":"conspire:RoseBush","floor":13,"turns":2},{"damage":15,"enemies":"Large Slime","floor":14,"turns":5},{"damage":41,"enemies":"Slime Boss","floor":16,"turns":10},{"damage":7,"enemies":"Chosen","floor":18,"turns":4},{"damage":30,"enemies":"3 Byrds","floor":19,"turns":5},{"damage":38,"enemies":"Snecko","floor":24,"turns":6},{"damage":51,"enemies":"Cultist and Chosen","floor":25,"turns":8},{"damage":20,"enemies":"conspire:HollyBat","floor":26,"turns":11},{"damage":27,"enemies":"conspire:Head Lice","floor":27,"turns":3}],"seed_played":"8092954482484975118","potions_obtained":[{"floor":7,"key":"Regen Potion"},{"floor":10,"key":"Strength Potion"},{"floor":24,"key":"FearPotion"},{"floor":25,"key":"FearPotion"}],"is_trial":false,"path_per_floor":["M","?","M","$","?","R","E","$","T","E","?","?","M","M","R","B",null,"M","M","$","?","?","R","M","M","MIM","E"],"character_chosen":"IRONCLAD","items_purchased":["Twin Strike"],"campfire_rested":0,"item_purchase_floors":[8],"current_hp_per_floor":[78,78,73,73,53,53,25,25,25,27,27,27,45,48,48,25,94,93,69,69,69,78,78,58,25,23,0,0],"gold":869,"neow_bonus":"RANDOM_EVENT","is_daily":false,"chose_seed":false,"campfire_upgraded":3,"win_rate":0.0,"timestamp":1613992170,"path_taken":["M","?","M","?","?","R","E","$","T","E","?","?","M","M","R","BOSS","M","M","$","?","?","R","M","?","MIM","E"],"items_purchased_type":["Card"],"build_version":"2020-12-22","purchased_purges":0,"victory":false,"max_hp_per_floor":[80,80,80,80,80,80,94,94,94,94,94,94,94,94,94,94,94,94,94,94,94,94,94,94,94,94,94,94],"card_choices":[{"not_picked":["True Grit","Whirlwind","ReplayTheSpireMod:Limb From Limb"],"picked":"SKIP","floor":1},{"not_picked":["Life Link","Massacre"],"picked":"Heavy Blade","floor":3},{"not_picked":["Headbutt","Dual Wield"],"picked":"Perfected Strike","floor":7},{"not_picked":["Headbutt","Combust"],"picked":"Twin Strike","floor":10},{"not_picked":["Infernal Blade","Dropkick"],"picked":"Anger","floor":13},{"not_picked":["Blood for Blood","Hemokinesis"],"picked":"Disarm","floor":14},{"not_picked":["Replay:Many Hands","conspire:Purge"],"picked":"Demonic Infusion","floor":16},{"not_picked":["ReplayTheSpireMod:Strike From Hell+1","Pommel Strike"],"picked":"Perfected Strike","floor":18},{"not_picked":["Rampage","Run Through"],"picked":"Intimidate","floor":19},{"not_picked":["Iron Wave+1","True Grit"],"picked":"Anger+1","floor":24},{"not_picked":["hubris:CleavingFinish","Berserk"],"picked":"Life Link","floor":25},{"not_picked":["Flame Barrier+1","Headbutt"],"picked":"Anger","floor":26}],"player_experience":10210,"relics_obtained":[{"floor":7,"key":"Mango"},{"floor":9,"key":"Mummified Hand"},{"floor":10,"key":"Meat on the Bone"},{"floor":21,"key":"Ring of Panic"},{"floor":21,"key":"Ring of Greed"},{"floor":21,"key":"Replay:Bandana"},{"floor":21,"key":"Old Coin"},{"floor":26,"key":"Self Forming Clay"}],"event_choices":[{"damage_healed":0,"gold_gain":0,"player_choice":"Bought 0 Potions","damage_taken":0,"max_hp_gain":0,"max_hp_loss":0,"event_name":"The Woman in Blue","floor":2,"gold_loss":0},{"damage_healed":0,"gold_gain":0,"player_choice":"Take Damage","damage_taken":20,"relics_obtained":["Golden Idol"],"max_hp_gain":0,"max_hp_loss":0,"event_name":"Golden Idol","floor":5,"gold_loss":0},{"damage_healed":0,"gold_gain":0,"player_choice":"Grow","damage_taken":0,"max_hp_gain":0,"max_hp_loss":0,"event_name":"Living Wall","floor":11,"gold_loss":0,"cards_upgraded":["Perfected Strike"]},{"damage_healed":0,"gold_gain":0,"player_choice":"Leave","damage_taken":0,"max_hp_gain":0,"max_hp_loss":0,"event_name":"conspire:Investor","floor":12,"gold_loss":0}],"is_beta":false,"boss_relics":[{"not_picked":["hubris:GrandSneckoEye","aspiration:FutureDiary"],"picked":"energizedSpire:SpiderWeb"}],"items_purged_floors":[],"is_endless":false,"potions_floor_spawned":[7,10,24,25],"killed_by":"conspire:Head Lice","ascension_level":0}}