{"host":"fy9bu8pyaeb8xhn1","time":1613987813,"event":{"mods":["BaseMod","Infinite Spire","Jorbs\u0027s Wanderer Trilogy","Minty Spire (QoL Compilation)","Quick Restart","Replay The Spire","StSLib"],"gold_per_floor":[113,132,142,162,176,176,210,227,250,250,250,262,278,288,288,385,385,397,414,424,446,446,446,446,35,35,54,54,68,68,158,158,258,258,271,285,285,320,330,374,374,374,374,374,374,400,400,413,483,483],"floor_reached":51,"language":"ENG","playtime":5127,"items_purged":[],"score":782,"play_id":"eb16c4bf-307b-47df-9223-0c2df3993b21","local_time":"20210222105653","is_ascension_mode":false,"campfire_choices":[{"data":"stsjorbsmod:ArcaneWeapon","floor":6,"key":"SMITH"},{"data":"stsjorbsmod:IvoryTower","floor":11,"key":"SMITH"},{"floor":15,"key":"DIG"},{"data":"infinitespire:Punishment","floor":24,"key":"SMITH"},{"data":"stsjorbsmod:MirrorImage","floor":28,"key":"SMITH"},{"data":"stsjorbsmod:Feast","floor":30,"key":"SMITH"},{"data":"Enlightenment","floor":41,"key":"SMITH"},{"data":"stsjorbsmod:GatherPower","floor":45,"key":"SMITH"},{"data":"stsjorbsmod:Channel","floor":47,"key":"SMITH"}],"circlet_count":0,"master_deck":["stsjorbsmod:ForbiddenGrimoire+1","stsjorbsmod:Strike_Wanderer","stsjorbsmod:Strike_Wanderer+1","stsjorbsmod:Strike_Wanderer","stsjorbsmod:Defend_Wanderer","stsjorbsmod:Defend_Wanderer","stsjorbsmod:Defend_Wanderer","stsjorbsmod:Defend_Wanderer","stsjorbsmod:FreshAdventure+1","stsjorbsmod:EyeOfTheStorm","stsjorbsmod:FracturedMind","stsjorbsmod:Materialize","stsjorbsmod:ArcaneWeapon+1","stsjorbsmod:DisguiseSelf+1","stsjorbsmod:IvoryTower+1","stsjorbsmod:Mending+1","stsjorbsmod:RayOfFrost","stsjorbsmod:MagicMirror","stsjorbsmod:WanderingMind","stsjorbsmod:MirrorImage+1","stsjorbsmod:Hibernate","stsjorbsmod:Channel+1","stsjorbsmod:FlameWard+1","infinitespire:Punishment+1","stsjorbsmod:Feast+1","stsjorbsmod:TrueStrike+1","Specialist","Enlightenment+1","Purity","stsjorbsmod:GatherPower+1","stsjorbsmod:DoubleCheck","stsjorbsmod:Materialize","stsjorbsmod:Channel","stsjorbsmod:IvoryTower","stsjorbsmod:Prestidigitation+1","stsjorbsmod:SmithingStrike","Writhe","stsjorbsmod:IvoryTower","stsjorbsmod:WanderingMind"],"relics":["stsjorbsmod:GrimoireRelic","StoneCalendar","stsjorbsmod:BottledMemoryRelic","Meat on the Bone","Replay:Grab Bag","ChewingGum","Painkiller Herb","Runic Pyramid","OrangePellets","Mummified Hand","Frozen Eye","infinitespire:Beetle Shell","SlaversCollar","Prayer Wheel","Mango","Calipers","Anchor"],"acts_visited":["Exordium","TheCity","TheBeyond"],"potions_floor_usage":[12,16,16,16,23,33,36,38,50,50,50],"damage_taken":[{"damage":0,"enemies":"Jaw Worm","floor":1,"turns":3},{"damage":19,"enemies":"infinitespire:Voidling","floor":2,"turns":7},{"damage":0,"enemies":"Cultist","floor":3,"turns":3},{"damage":3,"enemies":"Looter","floor":4,"turns":3},{"damage":7,"enemies":"Red Slaver","floor":5,"turns":4},{"damage":17,"enemies":"3 Sentries","floor":7,"turns":6},{"damage":0,"enemies":"2 Fungi Beasts","floor":8,"turns":4},{"damage":0,"enemies":"Blue Slaver","floor":12,"turns":4},{"damage":5,"enemies":"Exordium Wildlife","floor":13,"turns":4},{"damage":5,"enemies":"Exordium Thugs","floor":14,"turns":5},{"damage":43,"enemies":"The Guardian","floor":16,"turns":10},{"damage":1,"enemies":"Shell Parasite","floor":18,"turns":7},{"damage":11,"enemies":"3 Byrds","floor":19,"turns":7},{"damage":3,"enemies":"Centurion and Healer","floor":20,"turns":7},{"damage":0,"enemies":"Snecko","floor":21,"turns":5},{"damage":0,"enemies":"Gremlin Leader","floor":23,"turns":1},{"damage":9,"enemies":"Snake Plant","floor":27,"turns":3},{"damage":9,"enemies":"3 Cultists","floor":29,"turns":5},{"damage":0,"enemies":"Champ","floor":33,"turns":7},{"damage":26,"enemies":"3 Shapes","floor":35,"turns":6},{"damage":1,"enemies":"Orb Walker","floor":36,"turns":4},{"damage":24,"enemies":"Sphere and 2 Shapes","floor":38,"turns":7},{"damage":0,"enemies":"3 Darklings","floor":39,"turns":7},{"damage":21,"enemies":"Nemesis","floor":40,"turns":5},{"damage":7,"enemies":"4 Shapes","floor":46,"turns":5},{"damage":0,"enemies":"Maw","floor":48,"turns":7},{"damage":9,"enemies":"infinitespire:MassOfShapes","floor":50,"turns":8}],"seed_played":"2716091334479970854","potions_obtained":[{"floor":3,"key":"Swift Potion"},{"floor":5,"key":"stsjorbsmod:BurningPotion"},{"floor":7,"key":"Fruit Juice"},{"floor":8,"key":"Milkshake"},{"floor":12,"key":"BlessingOfTheForge"},{"floor":14,"key":"PowerPotion"},{"floor":19,"key":"SmokeBomb"},{"floor":29,"key":"Strength Potion"},{"floor":35,"key":"ColorlessPotion"},{"floor":36,"key":"ColorlessPotion"},{"floor":40,"key":"Milkshake"},{"floor":46,"key":"Weak Potion"},{"floor":48,"key":"Block Potion"}],"is_trial":false,"path_per_floor":["M","M","M","M","M","R","E","M","T","?","R","M","M","M","R","B",null,"?","?","?","?","AVR","E","T","T","T","?","T","?","T","?","T","B",null,"?","?","T","?","?","E","T","?","T","T","T","?","T","?","T","B",null],"character_chosen":"WANDERER","items_purchased":["Mummified Hand","Frozen Eye"],"campfire_rested":0,"item_purchase_floors":[25,25],"current_hp_per_floor":[68,64,65,63,58,58,43,44,44,44,44,53,51,49,49,18,73,73,65,64,66,66,66,66,66,66,60,60,59,59,26,49,50,77,54,58,58,48,51,59,59,82,82,82,82,80,80,83,83,76],"gold":483,"neow_bonus":"UPGRADE_CARD","is_daily":false,"chose_seed":false,"campfire_upgraded":8,"win_rate":0.0,"timestamp":1613987813,"path_taken":["M","M","M","M","M","R","E","M","T","?","R","M","M","M","R","BOSS","?","?","?","?","AVR","E","T","?","T","?","T","?","T","?","T","BOSS","?","?","?","?","?","E","T","?","T","?","T","?","T","?","T","BOSS"],"items_purchased_type":["Relic","Relic"],"build_version":"2020-12-22","purchased_purges":0,"victory":true,"max_hp_per_floor":[68,68,68,68,68,68,68,68,68,68,68,73,73,73,73,73,73,73,73,73,73,73,73,73,73,73,73,73,77,77,77,77,77,77,77,79,79,79,79,93,93,93,93,93,93,95,95,95,95,95],"card_choices":[{"not_picked":["stsjorbsmod:Hurt","stsjorbsmod:ChainLightning"],"picked":"stsjorbsmod:FracturedMind","floor":1},{"not_picked":["stsjorbsmod:ChatteringStrike","stsjorbsmod:FlameWard","stsjorbsmod:FracturedMind"],"picked":"SKIP","floor":2},{"not_picked":["stsjorbsmod:MistyStep","stsjorbsmod:HedgeWizard"],"picked":"stsjorbsmod:Materialize","floor":3},{"not_picked":["stsjorbsmod:BurningFlask","stsjorbsmod:ChatteringStrike"],"picked":"stsjorbsmod:ArcaneWeapon","floor":4},{"not_picked":["stsjorbsmod:Stalwart","stsjorbsmod:BurningFlask"],"picked":"stsjorbsmod:DisguiseSelf","floor":5},{"not_picked":["stsjorbsmod:ChatteringStrike","stsjorbsmod:Materialize"],"picked":"stsjorbsmod:IvoryTower","floor":7},{"not_picked":["stsjorbsmod:MagicMissiles","stsjorbsmod:Prepare"],"picked":"stsjorbsmod:Mending","floor":8},{"not_picked":["stsjorbsmod:Prepare","stsjorbsmod:AnimateObjects"],"picked":"stsjorbsmod:RayOfFrost","floor":12},{"not_picked":["stsjorbsmod:Thorns","stsjorbsmod:Firebolt"],"picked":"stsjorbsmod:MagicMirror","floor":13},{"not_picked":["stsjorbsmod:Materialize","stsjorbsmod:Aid"],"picked":"stsjorbsmod:WanderingMind","floor":14},{"not_picked":["stsjorbsmod:DeathThroes","stsjorbsmod:Determination"],"picked":"stsjorbsmod:MirrorImage","floor":16},{"not_picked":["stsjorbsmod:Mania","stsjorbsmod:WanderingMind","stsjorbsmod:Prepare+1"],"picked":"SKIP","floor":18},{"not_picked":["stsjorbsmod:BurningFlask","stsjorbsmod:DisguiseSelf"],"picked":"stsjorbsmod:Hibernate","floor":19},{"not_picked":["stsjorbsmod:MagicMissiles+1","stsjorbsmod:Patron"],"picked":"stsjorbsmod:Channel","floor":20},{"not_picked":["stsjorbsmod:RefuseToForget","stsjorbsmod:BlackTentacles"],"picked":"stsjorbsmod:FlameWard+1","floor":21},{"not_picked":["stsjorbsmod:SchoolsOfMagic+1","stsjorbsmod:BurningFlask"],"picked":"stsjorbsmod:Feast","floor":27},{"not_picked":["stsjorbsmod:RayOfFrost","stsjorbsmod:WeightOfMemory+1"],"picked":"stsjorbsmod:TrueStrike+1","floor":29},{"not_picked":["stsjorbsmod:Entangle","stsjorbsmod:Fireball"],"picked":"stsjorbsmod:GatherPower","floor":33},{"not_picked":["stsjorbsmod:Firebolt","stsjorbsmod:Will"],"picked":"stsjorbsmod:DoubleCheck","floor":35},{"not_picked":["stsjorbsmod:ChatteringStrike","stsjorbsmod:WanderingMind"],"picked":"stsjorbsmod:Materialize","floor":36},{"not_picked":["stsjorbsmod:ArcaneWeapon+1","stsjorbsmod:Thorns"],"picked":"stsjorbsmod:Channel","floor":38},{"not_picked":["stsjorbsmod:Hurt","stsjorbsmod:RayOfFrost"],"picked":"stsjorbsmod:IvoryTower","floor":38},{"not_picked":["stsjorbsmod:DisguiseSelf+1","stsjorbsmod:ArcaneWeapon+1"],"picked":"stsjorbsmod:Prestidigitation+1","floor":39},{"not_picked":["stsjorbsmod:ScorchingRay","stsjorbsmod:ChatteringStrike","stsjorbsmod:Counterspell"],"picked":"SKIP","floor":39},{"not_picked":["stsjorbsmod:BlackTentacles+1","stsjorbsmod:ChatteringStrike"],"picked":"stsjorbsmod:SmithingStrike","floor":40},{"not_picked":["stsjorbsmod:Hibernate+1","stsjorbsmod:SchoolsOfMagic"],"picked":"stsjorbsmod:IvoryTower","floor":46},{"not_picked":["stsjorbsmod:Mania","stsjorbsmod:ChainLightning","stsjorbsmod:Prestidigitation"],"picked":"SKIP","floor":46},{"not_picked":["stsjorbsmod:Hurt","stsjorbsmod:MagicMirror"],"picked":"stsjorbsmod:WanderingMind","floor":48},{"not_picked":["stsjorbsmod:SchoolsOfMagic","stsjorbsmod:Will","stsjorbsmod:ChatteringStrike"],"picked":"SKIP","floor":48}],"player_experience":510528,"relics_obtained":[{"floor":7,"key":"StoneCalendar"},{"floor":9,"key":"stsjorbsmod:BottledMemoryRelic"},{"floor":15,"key":"Meat on the Bone"},{"floor":26,"key":"infinitespire:Beetle Shell"},{"floor":37,"key":"Prayer Wheel"},{"floor":40,"key":"Mango"},{"floor":43,"key":"Calipers"},{"floor":44,"key":"Anchor"}],"event_choices":[{"cards_removed":["stsjorbsmod:Strike_Wanderer"],"damage_healed":0,"gold_gain":0,"player_choice":"Purged","damage_taken":0,"max_hp_gain":0,"max_hp_loss":0,"event_name":"Purifier","floor":10,"gold_loss":0},{"damage_healed":0,"gold_gain":90,"player_choice":"CARD CARD CARD GOLD ","damage_taken":33,"max_hp_gain":0,"max_hp_loss":0,"event_name":"Knowing Skull","floor":31,"potions_obtained":[],"gold_loss":0,"cards_obtained":["Specialist","Enlightenment","Purity"]},{"damage_healed":23,"gold_gain":0,"player_choice":"Writhe","damage_taken":0,"max_hp_gain":0,"max_hp_loss":0,"event_name":"Winding Halls","floor":42,"gold_loss":0,"cards_obtained":["Writhe"]}],"is_beta":false,"boss_relics":[{"not_picked":["Ectoplasm","infinitespire:Cupcake"],"picked":"Replay:Grab Bag"},{"not_picked":["Runic Dome","ReplayTheSpireMod:Onyx Gauntlets"],"picked":"ChewingGum"},{"not_picked":["Philosopher\u0027s Stone","Fusion Hammer"],"picked":"Painkiller Herb"},{"not_picked":["Pandora\u0027s Box","Kintsugi"],"picked":"Runic Pyramid"},{"not_picked":["Replay:Bronze Core","Busted Crown"],"picked":"SlaversCollar"}],"items_purged_floors":[],"is_endless":false,"potions_floor_spawned":[3,5,7,8,12,14,19,29,35,36,40,46,48],"ascension_level":0}}