{"host":"rb2p2z6v6vieend5","time":1613961217,"event":{"mods":["BaseMod","Block Reminder","Colored Map","DeckTracker","Highlight Path","Minty Spire (QoL Compilation)","Random Character Button","Relic Stats"],"gold_per_floor":[111,111,124,139,44,78,78,103,180,215,215,230,230,240,240,341,341,351,367,377,476,476,476,476,476,545,545,559,579,589,589,589,589,589],"floor_reached":33,"language":"ENG","playtime":2057,"items_purged":[],"score":453,"play_id":"a34ec239-c8e5-4e0f-96a9-14518170ab88","local_time":"20210222033337","is_ascension_mode":true,"campfire_choices":[{"floor":7,"key":"REST"},{"floor":13,"key":"REST"},{"data":"Collect","floor":15,"key":"SMITH"},{"floor":23,"key":"REST"},{"data":"Blasphemy","floor":25,"key":"SMITH"},{"data":"ClearTheMind","floor":27,"key":"SMITH"},{"floor":32,"key":"REST"}],"circlet_count":0,"master_deck":["Defend_P","Defend_P","Defend_P","Defend_P","Eruption","Vigilance","CutThroughFate","Consecrate","Panacea","ClearTheMind+1","Blasphemy+1","PathToVictory","Collect+1","Crescendo+1","ThirdEye+1","Bite","Bite","Bite","Bite","Bite","Necronomicurse","MasterReality","Writhe"],"relics":["PureWater","Dead Branch","Ice Cream","Regal Pillow","Shuriken","Pen Nib","SlaversCollar","Necronomicon","HornCleat","Turnip"],"acts_visited":["Exordium","TheCity"],"potions_floor_usage":[10,12,18,20,20,20,33],"damage_taken":[{"damage":0,"enemies":"Jaw Worm","floor":1,"turns":4},{"damage":5,"enemies":"Cultist","floor":3,"turns":4},{"damage":3,"enemies":"2 Louse","floor":4,"turns":4},{"damage":20,"enemies":"3 Sentries","floor":6,"turns":5},{"damage":15,"enemies":"Lagavulin","floor":8,"turns":5},{"damage":17,"enemies":"3 Sentries","floor":10,"turns":8},{"damage":0,"enemies":"Lots of Slimes","floor":12,"turns":2},{"damage":0,"enemies":"3 Louse","floor":14,"turns":1},{"damage":0,"enemies":"Slime Boss","floor":16,"turns":5},{"damage":18,"enemies":"Spheric Guardian","floor":18,"turns":4},{"damage":25,"enemies":"3 Byrds","floor":19,"turns":4},{"damage":24,"enemies":"Cultist and Chosen","floor":20,"turns":6},{"damage":0,"enemies":"Sentry and Sphere","floor":28,"turns":3},{"damage":27,"enemies":"Centurion and Healer","floor":29,"turns":6},{"damage":17,"enemies":"Shelled Parasite and Fungi","floor":30,"turns":4},{"damage":51,"enemies":"Automaton","floor":33,"turns":6}],"seed_played":"3326484188044174706","potions_obtained":[{"floor":4,"key":"FearPotion"},{"floor":8,"key":"ColorlessPotion"},{"floor":11,"key":"Regen Potion"},{"floor":11,"key":"Explosive Potion"},{"floor":14,"key":"FearPotion"},{"floor":16,"key":"Swift Potion"},{"floor":18,"key":"ColorlessPotion"},{"floor":20,"key":"ColorlessPotion"},{"floor":30,"key":"Ambrosia"}],"is_trial":false,"path_per_floor":["M","?","M","M","$","E","R","E","T","E","?","M","R","M","R","B",null,"M","M","M","?","?","R","?","R","T","R","M","M","M","?","R","B"],"character_chosen":"WATCHER","items_purchased":["Panacea"],"campfire_rested":4,"item_purchase_floors":[5],"current_hp_per_floor":[47,47,42,39,39,19,40,25,25,8,8,8,44,44,44,44,65,47,22,7,7,7,37,21,21,21,21,29,14,3,3,33,0,0],"gold":589,"neow_bonus":"ONE_RARE_RELIC","is_daily":false,"chose_seed":false,"campfire_upgraded":3,"win_rate":0.0,"timestamp":1613961217,"path_taken":["M","?","M","?","?","E","R","E","T","E","?","M","R","M","R","BOSS","M","?","M","?","?","R","?","R","T","R","M","M","M","?","R","BOSS"],"items_purchased_type":["Card"],"build_version":"2020-12-22","purchased_purges":0,"victory":false,"max_hp_per_floor":[72,72,72,72,72,72,72,72,72,72,72,72,72,72,72,72,72,72,72,72,72,50,50,50,50,50,50,50,50,50,50,50,50,50],"relic_stats":{"Regal Pillow":45,"counters":[16,71],"Shuriken":[19],"Dead Branch":[91],"Pen Nib":[9],"Turnip":[0],"Necronomicon":[5],"obtain_stats":[{"Ice Cream":6,"SlaversCollar":17,"Regal Pillow":8,"HornCleat":26,"Shuriken":9,"Dead Branch":0,"Pen Nib":10,"Turnip":31,"Necronomicon":24,"PureWater":0},{"Ice Cream":4,"SlaversCollar":9,"Regal Pillow":5,"HornCleat":12,"Shuriken":5,"Dead Branch":0,"Pen Nib":6,"Turnip":15,"Necronomicon":12,"PureWater":0},{"Ice Cream":17,"SlaversCollar":38,"Regal Pillow":22,"HornCleat":52,"Shuriken":22,"Dead Branch":0,"Pen Nib":30,"Turnip":65,"Necronomicon":52,"PureWater":0}]},"card_choices":[{"not_picked":["InnerPeace","ReachHeaven"],"picked":"CutThroughFate","floor":1},{"not_picked":["Prostrate","SashWhip"],"picked":"Consecrate","floor":3},{"not_picked":["FollowUp","BowlingBash","Pray"],"picked":"SKIP","floor":4},{"not_picked":["Swivel","ReachHeaven"],"picked":"ClearTheMind","floor":6},{"not_picked":["Study","SashWhip"],"picked":"Blasphemy","floor":8},{"not_picked":["Indignation","Worship"],"picked":"PathToVictory","floor":10},{"not_picked":["Adaptation","Pray","EmptyBody"],"picked":"SKIP","floor":12},{"not_picked":["EmptyFist","Sanctity"],"picked":"Collect","floor":14},{"not_picked":["Pray","EmptyBody","CutThroughFate+1"],"picked":"SKIP","floor":18},{"not_picked":["FlurryOfBlows+1","Weave"],"picked":"Crescendo+1","floor":19},{"not_picked":["FlyingSleeves","CrushJoints"],"picked":"ThirdEye+1","floor":20},{"not_picked":["EmptyBody","ClearTheMind","Crescendo"],"picked":"SKIP","floor":28},{"not_picked":["PathToVictory","FearNoEvil","WindmillStrike"],"picked":"SKIP","floor":29},{"not_picked":["FollowUp","DeceiveReality+1"],"picked":"MasterReality","floor":30}],"player_experience":805504,"relics_obtained":[{"floor":6,"key":"Ice Cream"},{"floor":8,"key":"Regal Pillow"},{"floor":9,"key":"Shuriken"},{"floor":10,"key":"Pen Nib"},{"floor":24,"key":"Necronomicon"},{"floor":26,"key":"HornCleat"}],"event_choices":[{"cards_removed":["Strike_P"],"damage_healed":0,"gold_gain":0,"player_choice":"Purged","damage_taken":0,"max_hp_gain":0,"max_hp_loss":0,"event_name":"Purifier","floor":2,"gold_loss":0},{"damage_healed":0,"gold_gain":0,"player_choice":"Got Potions","damage_taken":0,"max_hp_gain":0,"max_hp_loss":0,"event_name":"Lab","floor":11,"gold_loss":0},{"damage_healed":0,"gold_gain":99,"player_choice":"Stole From Cult","damage_taken":0,"max_hp_gain":0,"max_hp_loss":0,"event_name":"Nest","floor":21,"gold_loss":0},{"damage_healed":0,"gold_gain":0,"player_choice":"Became a vampire","damage_taken":0,"max_hp_gain":0,"max_hp_loss":22,"event_name":"Vampires","floor":22,"gold_loss":0,"cards_obtained":["Bite","Bite","Bite","Bite","Bite"]},{"damage_healed":0,"gold_gain":0,"player_choice":"Obtained Book","damage_taken":16,"max_hp_gain":0,"max_hp_loss":0,"event_name":"Cursed Tome","floor":24,"gold_loss":0},{"damage_healed":0,"gold_gain":0,"player_choice":"Opened","damage_taken":0,"relics_obtained":["Turnip"],"max_hp_gain":0,"max_hp_loss":0,"event_name":"The Mausoleum","floor":31,"gold_loss":0,"cards_obtained":["Writhe"]}],"is_beta":false,"boss_relics":[{"not_picked":["Runic Dome","Tiny House"],"picked":"SlaversCollar"}],"items_purged_floors":[],"is_endless":false,"potions_floor_spawned":[4,8,14,16,18,20,30],"killed_by":"Automaton","ascension_level":7}}