{"host":"fwdkxxz7291ipt0p","time":1613972785,"event":{"mods":["Act Like it!","BaseMod","GifTheSpireLib","Minty Spire (QoL Compilation)","Reimu£®≤©¿ˆ¡È√Œ£©","Relic Filter Mod","StSLib","Stuff the Spire"],"gold_per_floor":[211,224,241,166,166,166,178,204,204,204,224,224,239,239,239,336,336,352,532,60,80,92,92,109,109,160,160,177,189,205,223,223,323,323,340,359,359,376,395,395,408,408,408,440,440,440,440,77,77,77],"floor_reached":51,"language":"ZHS","playtime":7372,"items_purged":["Defend_Lin:ReiMu","UniversalSpiritual:ReiMu","DependentForm:ReiMu"],"score":717,"play_id":"f2417080-c06e-4adc-a5e8-502178699d24","local_time":"20210222134625","is_ascension_mode":true,"campfire_choices":[{"data":"SpreadBorder2:ReiMu","floor":6.0,"key":"SMITH"},{"data":"AirStrike:ReiMu","floor":10.0,"key":"SMITH"},{"data":"SealNeedle:ReiMu","floor":12.0,"key":"SMITH"},{"data":"OrbThrow:ReiMu","floor":15.0,"key":"SMITH"},{"data":"InherentArray:ReiMu","floor":23.0,"key":"SMITH"},{"data":"OrbThrow:ReiMu","floor":25.0,"key":"SMITH"},{"data":"Intuition:ReiMu","floor":27.0,"key":"SMITH"},{"floor":32.0,"key":"REST"},{"data":"KamiRite:ReiMu","floor":40.0,"key":"SMITH"},{"data":"Authority:ReiMu","floor":42.0,"key":"SMITH"},{"floor":45.0,"key":"REST"},{"data":"SpreadBorder2:ReiMu","floor":47.0,"key":"SMITH"},{"data":"Meditation:ReiMu","floor":49.0,"key":"SMITH"}],"circlet_count":0,"master_deck":["NB:ReiMu+1","Stagnation:ReiMu","SpreadBorder2:ReiMu+1","AirStrike:ReiMu+1","OrbThrow:ReiMu+1","FantasyBorder:ReiMu","SpreadBorder2:ReiMu+1","RainPray2:ReiMu","SafetyPray:ReiMu","YinYangSange:ReiMu","OrbThrow:ReiMu+1","InherentArray:ReiMu+1","PrepareRite:ReiMu+1","Meditation:ReiMu+1","Intuition:ReiMu+1","KamiRite:ReiMu+1","Revelation:ReiMu","SubcavityFantasy:ReiMu","Authority:ReiMu+1"],"relics":["StuffTheSpire:OccultApparatus","Matryoshka","SkyOrb:ReiMu","Ornamental Fan","Pandora\u0027s Box","StuffTheSpire:DarkSteelAnvil","Bag of Preparation","Omamori","Calling Bell","Oddly Smooth Stone","StuffTheSpire:CocoNut","Gambling Chip","White Beast Statue","Centennial Puzzle","StuffTheSpire:ForceGauntlet"],"acts_visited":["Exordium","TheCity","TheBeyond"],"potions_floor_usage":[50],"damage_taken":[{"damage":4.0,"enemies":"Cultist","floor":1.0,"turns":4.0},{"damage":2.0,"enemies":"Jaw Worm","floor":2.0,"turns":5.0},{"damage":4.0,"enemies":"2 Louse","floor":3.0,"turns":4.0},{"damage":6.0,"enemies":"Lots of Slimes","floor":7.0,"turns":6.0},{"damage":20.0,"enemies":"Gremlin Nob","floor":8.0,"turns":6.0},{"damage":0.0,"enemies":"Red Slaver","floor":11.0,"turns":3.0},{"damage":2.0,"enemies":"Exordium Thugs","floor":13.0,"turns":4.0},{"damage":10.0,"enemies":"Hexaghost","floor":16.0,"turns":12.0},{"damage":12.0,"enemies":"3 Byrds","floor":18.0,"turns":10.0},{"damage":5.0,"enemies":"Chosen","floor":21.0,"turns":5.0},{"damage":0.0,"enemies":"Snake Plant","floor":22.0,"turns":8.0},{"damage":6.0,"enemies":"3 Cultists","floor":24.0,"turns":7.0},{"damage":2.0,"enemies":"Shelled Parasite and Fungi","floor":28.0,"turns":3.0},{"damage":4.0,"enemies":"Cultist and Chosen","floor":29.0,"turns":9.0},{"damage":3.0,"enemies":"Centurion and Healer","floor":30.0,"turns":9.0},{"damage":0.0,"enemies":"Shelled Parasite and Fungi","floor":31.0,"turns":6.0},{"damage":0.0,"enemies":"Champ","floor":33.0,"turns":12.0},{"damage":13.0,"enemies":"Orb Walker","floor":35.0,"turns":4.0},{"damage":18.0,"enemies":"3 Darklings","floor":36.0,"turns":8.0},{"damage":0.0,"enemies":"Writhing Mass","floor":38.0,"turns":9.0},{"damage":0.0,"enemies":"Maw","floor":39.0,"turns":7.0},{"damage":0.0,"enemies":"Transient","floor":41.0,"turns":5.0},{"damage":18.0,"enemies":"Reptomancer","floor":44.0,"turns":6.0},{"damage":9,"enemies":"Donu and Deca","floor":50,"turns":9}],"seed_played":"8525325747557589079","potions_obtained":[{"floor":2.0,"key":"EntropicBrew"},{"floor":3.0,"key":"LiquidMemories"},{"floor":11.0,"key":"BlessingOfTheForge"},{"floor":16.0,"key":"Dexterity Potion"},{"floor":21.0,"key":"Fruit Juice"},{"floor":24.0,"key":"SteroidPotion"},{"floor":28.0,"key":"BlessingOfTheForge"},{"floor":31.0,"key":"PinkPotion:ReiMu"},{"floor":36.0,"key":"Fire Potion"},{"floor":44.0,"key":"Weak Potion"}],"is_trial":false,"path_per_floor":["M","M","M","$","?","R","M","E","T","R","M","R","M","?","R","B",null,"M","?","$","M","M","R","M","R","T","R","M","M","M","M","R","B",null,"M","M","?","M","M","R","M","R","T","E","R","?","R","$","R","B",null],"character_chosen":"REIMU","items_purchased":["InherentArray:ReiMu","StuffTheSpire:DarkSteelAnvil","StuffTheSpire:ForceGauntlet"],"campfire_rested":2,"item_purchase_floors":[20,20,48],"current_hp_per_floor":[61,59,55,55,55,55,49,29,29,29,29,29,27,27,27,17,65,53,34,34,34,34,34,28,28,28,28,26,22,19,19,40,40,77,64,46,46,46,46,46,46,46,46,28,51,51,51,51,51,42],"gold":77,"neow_bonus":"HUNDRED_GOLD","is_daily":false,"chose_seed":false,"campfire_upgraded":11,"win_rate":0.0,"timestamp":1613972785,"path_taken":["M","M","?","$","?","R","M","E","T","R","?","R","M","?","R","BOSS","M","?","$","M","?","R","M","R","T","R","M","M","?","M","R","BOSS","M","M","?","M","M","R","M","R","T","E","R","?","R","$","R","BOSS"],"items_purchased_type":["Card","Relic","Relic"],"build_version":"2020-12-22","purchased_purges":3,"victory":true,"max_hp_per_floor":[65,65,65,65,65,65,65,65,65,65,65,65,65,65,65,65,65,65,65,65,70,70,70,70,70,70,70,70,70,70,70,70,70,77,77,77,77,77,77,77,77,77,77,77,77,77,77,77,77,77],"card_choices":[{"not_picked":["Enchanting:ReiMu","OrbThrow:ReiMu"],"picked":"SpreadBorder2:ReiMu","floor":1.0},{"not_picked":["MountainWay:ReiMu","TightArray:ReiMu","CollectionFlower2:ReiMu"],"picked":"SKIP","floor":2.0},{"not_picked":["Conquer:ReiMu","Dreaming2:ReiMu","AlertArray:ReiMu"],"picked":"SKIP","floor":3.0},{"not_picked":["AirManeuver:ReiMu","NineCharacters:ReiMu"],"picked":"AirStrike:ReiMu","floor":7.0},{"not_picked":["AlertArray:ReiMu","YinYangSange:ReiMu","NineCharacters:ReiMu"],"picked":"SKIP","floor":8.0},{"not_picked":["Conquer:ReiMu","SpringWay:ReiMu"],"picked":"SealNeedle:ReiMu","floor":11.0},{"not_picked":["NineCharacters:ReiMu","Dreaming2:ReiMu"],"picked":"OrbThrow:ReiMu","floor":13.0},{"not_picked":["Intuition:ReiMu","BarrageOfMoneybags:ReiMu"],"picked":"OrbThrow:ReiMu","floor":18.0},{"not_picked":["TightArray:ReiMu","Amulet:ReiMu+1"],"picked":"PrepareRite:ReiMu+1","floor":21.0},{"not_picked":["SafetyPray:ReiMu+1","FantasyMoon:ReiMu"],"picked":"Meditation:ReiMu","floor":22.0},{"not_picked":["UniversalSpiritual:ReiMu","Amulet:ReiMu"],"picked":"Intuition:ReiMu","floor":24.0},{"not_picked":["CareerPray:ReiMu","WonderfulDomain:ReiMu"],"picked":"KamiRite:ReiMu","floor":28.0},{"not_picked":["WonderfulDomain:ReiMu","CollectionFlower2:ReiMu+1","PayForSelf:ReiMu"],"picked":"SKIP","floor":29.0},{"not_picked":["WonderfulDomain:ReiMu+1","OrbThrow:ReiMu","EmergencyTakeOff:ReiMu"],"picked":"SKIP","floor":30.0},{"not_picked":["InherentArray:ReiMu","RainPray2:ReiMu"],"picked":"Revelation:ReiMu","floor":31.0},{"not_picked":["Determination:ReiMu","DependentForm:ReiMu"],"picked":"SubcavityFantasy:ReiMu","floor":33.0},{"not_picked":["UniversalSpiritual:ReiMu","SubcavityInstant:ReiMu","TightArray:ReiMu+1"],"picked":"SKIP","floor":35.0},{"not_picked":["BlastKick2:ReiMu","SpreadBorder2:ReiMu","AlertArray:ReiMu+1"],"picked":"SKIP","floor":36.0},{"not_picked":["SpreadBorder2:ReiMu+1","NineCharacters:ReiMu"],"picked":"Authority:ReiMu","floor":38.0},{"not_picked":["SpiritualOutbreak2:ReiMu","AirStrike:ReiMu","SubAcupoint:ReiMu+1"],"picked":"SKIP","floor":39.0},{"not_picked":["PassingAway:ReiMu+1","UniversalSpiritual:ReiMu+1","MikOfLucky:ReiMu"],"picked":"SKIP","floor":41.0},{"not_picked":["Intuition:ReiMu+1","SpringWay:ReiMu","SubcavityFantasy:ReiMu"],"picked":"SKIP","floor":44.0}],"player_experience":515354,"relics_obtained":[{"floor":8.0,"key":"Matryoshka"},{"floor":9.0,"key":"SkyOrb:ReiMu"},{"floor":9.0,"key":"Ornamental Fan"},{"floor":26.0,"key":"Bag of Preparation"},{"floor":26.0,"key":"Omamori"},{"floor":34.0,"key":"Oddly Smooth Stone"},{"floor":34.0,"key":"StuffTheSpire:CocoNut"},{"floor":34.0,"key":"Gambling Chip"},{"floor":43.0,"key":"White Beast Statue"},{"floor":44.0,"key":"Centennial Puzzle"}],"event_choices":[{"damage_healed":0.0,"max_hp_gain":0.0,"max_hp_loss":0.0,"gold_gain":0.0,"event_name":"Upgrade Shrine","player_choice":"Upgraded","floor":5.0,"gold_loss":0.0,"damage_taken":0.0,"cards_upgraded":["NB:ReiMu"]},{"damage_healed":0.0,"max_hp_gain":0.0,"max_hp_loss":0.0,"gold_gain":180.0,"event_name":"Knowing Skull","player_choice":"GOLD GOLD ","floor":19.0,"potions_obtained":[],"gold_loss":0.0,"damage_taken":19.0,"cards_obtained":[]},{"cards_removed":["SealNeedle:ReiMu"],"damage_healed":0.0,"max_hp_gain":0.0,"max_hp_loss":0.0,"gold_gain":0.0,"event_name":"Falling","player_choice":"Removed Attack","floor":37.0,"gold_loss":0.0,"damage_taken":0.0},{"damage_healed":0.0,"max_hp_gain":0.0,"max_hp_loss":0.0,"gold_gain":0.0,"event_name":"Tomb of Lord Red Mask","player_choice":"Ignored","floor":46.0,"gold_loss":0.0,"damage_taken":0.0}],"is_beta":false,"boss_relics":[{"not_picked":["Empty Cage","SacredBark"],"picked":"Pandora\u0027s Box"},{"not_picked":["StuffTheSpire:RunicHypercube","Coffee Dripper"],"picked":"Calling Bell"}],"items_purged_floors":[4,20,48],"is_endless":false,"potions_floor_spawned":[2,3,11,16,21,24,28,31,33,36,39,41,44],"ascension_level":1}}