{"host":"x205naxbihvu3p76","time":1613994448,"event":{"mods":["AchievementEnabler","BaseMod","Minty Spire (QoL Compilation)","StSLib","SuperFastMode"],"gold_per_floor":[114,189,229,229,229,259,259,289,289,304,344,374,374,374,374,474,474,489,504,549,594,594,624,642,657,657,657,57,72,102,117,117,256,256,421,436,451,51,66,66,96,96,96,96,156,6,6,21,21,21],"floor_reached":51,"language":"KOR","playtime":1745,"items_purged":["Hyperbeam"],"score":1142,"play_id":"a4533b13-17ef-44ef-bd2d-b0254af488b4","local_time":"20210222204728","daily_mods":["Shiny","Diverse","Binary"],"is_ascension_mode":false,"campfire_choices":[{"data":"Electrodynamics","floor":7.0,"key":"SMITH"},{"floor":13.0,"key":"REST"},{"data":"Wish","floor":15.0,"key":"SMITH"},{"floor":27.0,"key":"REST"},{"data":"Adrenaline","floor":32.0,"key":"SMITH"},{"data":"After Image","floor":40,"key":"SMITH"},{"data":"1","floor":47,"key":"LIFT"},{"data":"2","floor":49,"key":"LIFT"}],"circlet_count":0,"master_deck":["Judgement","ConjureBlade","MasterReality","Devotion","Ragnarok","LessonLearned","Scrawl","Vault","Wish+1","Omniscience","Establishment","SpiritShield","DevaForm","DeusExMachina+1","Multi-Cast","Thunder Strike","Biased Cognition","Machine Learning","Electrodynamics+1","Buffer","Rainbow","Seek","Meteor Strike","Echo Form","All For One","Reboot","Amplify","Creative AI","Fission","Core Surge","Venomology","Corpse Explosion","Malaise","Phantasmal Killer","Die Die Die","Adrenaline+1","Envenom","Doppelganger","Burst","Wraith Form v2","Tools of the Trade","Night Terror","Unload","After Image+1","Bullet Time","Storm of Steel","Glass Knife","A Thousand Cuts","Grand Finale","Double Tap","Demon Form","Bludgeon","Feed","Limit Break","Corruption","Barricade","Fiend Fire","Berserk","Impervious","Juggernaut","Brutality","Reaper","Exhume","Offering","Immolate","Backflip","Escape Plan","Dodge and Roll","Chill","Seek"],"relics":["Cracked Core","Bottled Tornado","Bag of Preparation","Singing Bowl","CeramicFish","Philosopher\u0027s Stone","Pen Nib","Orichalcum","Bird Faced Urn","Lee\u0027s Waffle","Oddly Smooth Stone","DataDisk","Mummified Hand","Busted Crown","Medical Kit","Potion Belt","Girya","Ancient Tea Set","Eternal Feather","OrangePellets"],"acts_visited":["Exordium","TheCity","TheBeyond"],"potions_floor_usage":[35,50,50,50],"damage_taken":[{"damage":0.0,"enemies":"2 Louse","floor":1.0,"turns":4.0},{"damage":15.0,"enemies":"Small Slimes","floor":3.0,"turns":3.0},{"damage":3.0,"enemies":"Gremlin Nob","floor":6.0,"turns":4.0},{"damage":6.0,"enemies":"Lagavulin","floor":8.0,"turns":7.0},{"damage":18.0,"enemies":"Jaw Worm","floor":10.0,"turns":4.0},{"damage":27.0,"enemies":"2 Fungi Beasts","floor":11.0,"turns":3.0},{"damage":9.0,"enemies":"3 Sentries","floor":12.0,"turns":2.0},{"damage":0.0,"enemies":"Slime Boss","floor":16.0,"turns":4.0},{"damage":11.0,"enemies":"2 Thieves","floor":18.0,"turns":2.0},{"damage":7.0,"enemies":"Spheric Guardian","floor":19.0,"turns":2.0},{"damage":15.0,"enemies":"Centurion and Healer","floor":20.0,"turns":6.0},{"damage":11.0,"enemies":"Chosen and Byrds","floor":21.0,"turns":3.0},{"damage":25.0,"enemies":"Gremlin Leader","floor":23.0,"turns":5.0},{"damage":0.0,"enemies":"Snake Plant","floor":25.0,"turns":2.0},{"damage":7.0,"enemies":"Shelled Parasite and Fungi","floor":29.0,"turns":3.0},{"damage":19.0,"enemies":"Book of Stabbing","floor":30.0,"turns":3.0},{"damage":0.0,"enemies":"Centurion and Healer","floor":31.0,"turns":2.0},{"damage":16,"enemies":"Automaton","floor":33,"turns":5},{"damage":29,"enemies":"3 Darklings","floor":35,"turns":3},{"damage":0,"enemies":"3 Shapes","floor":36,"turns":1},{"damage":0,"enemies":"Transient","floor":37,"turns":5},{"damage":0,"enemies":"Sphere and 2 Shapes","floor":39,"turns":3},{"damage":0,"enemies":"Giant Head","floor":41,"turns":5},{"damage":7,"enemies":"Reptomancer","floor":45,"turns":4},{"damage":0,"enemies":"3 Darklings","floor":48,"turns":2},{"damage":13,"enemies":"Time Eater","floor":50,"turns":7}],"seed_played":"-9004314451342404475","potions_obtained":[{"floor":10.0,"key":"SmokeBomb"},{"floor":11.0,"key":"FocusPotion"},{"floor":12.0,"key":"SneckoOil"},{"floor":33,"key":"Block Potion"},{"floor":37,"key":"Energy Potion"},{"floor":44,"key":"Swift Potion"}],"is_trial":false,"path_per_floor":["M","?","M","?","?","E","R","E","T","M","M","E","R","?","R","B",null,"M","M","M","M","?","E","?","M","T","R","$","M","E","M","R","B",null,"M","M","M","$","M","R","E","$","T","?","E","$","R","M","R","B",null],"character_chosen":"DEFECT","items_purchased":["Lee\u0027s Waffle","Oddly Smooth Stone","DataDisk","LiquidMemories","Medical Kit","Potion Belt","FocusPotion","Weak Potion","OrangePellets"],"campfire_rested":2,"item_purchase_floors":[28,28,28,28,38,38,38,38,46],"current_hp_per_floor":[75,64,53,58,58,55,55,49,49,33,16,9,34,96,96,98,98,89,84,73,64,64,41,41,43,43,76,117,112,101,105,105,121,123,103,109,123,123,123,123,123,123,123,123,118,118,123,126,126,123],"gold":21,"neow_bonus":"","is_daily":true,"chose_seed":false,"campfire_upgraded":4,"win_rate":0.0,"timestamp":1613994448,"path_taken":["M","?","M","?","?","E","R","E","T","M","?","E","R","?","R","BOSS","M","M","?","M","?","E","?","M","T","R","$","M","E","M","R","BOSS","M","M","M","$","M","R","E","$","T","?","E","?","R","M","R","BOSS"],"items_purchased_type":["Relic","Relic","Relic","Potion","Relic","Relic","Potion","Potion","Relic"],"build_version":"2020-12-22","purchased_purges":1,"victory":true,"max_hp_per_floor":[75,75,75,80,80,80,80,80,80,82,84,86,86,96,96,98,98,100,102,104,106,106,108,108,110,110,110,117,119,121,123,123,123,123,123,123,123,123,123,123,123,123,123,123,123,123,123,126,126,126],"card_choices":[{"not_picked":["Underhanded Strike"],"picked":"Backflip","floor":1.0},{"not_picked":["Masterful Stab","Pommel Strike"],"picked":"SKIP","floor":3.0},{"not_picked":["Poisoned Stab","Entrench"],"picked":"SKIP","floor":6.0},{"not_picked":["Flechettes"],"picked":"Escape Plan","floor":8.0},{"not_picked":["Crippling Poison","Wireheading"],"picked":"Singing Bowl","floor":10.0},{"not_picked":["CutThroughFate","Go for the Eyes"],"picked":"Singing Bowl","floor":11.0},{"not_picked":["Iron Wave","Redo"],"picked":"Singing Bowl","floor":12.0},{"not_picked":["Venomology","Tools of the Trade"],"picked":"Singing Bowl","floor":16.0},{"not_picked":["Crescendo","ReachHeaven+1"],"picked":"Singing Bowl","floor":18.0},{"not_picked":["Havoc","PiercingWail+1"],"picked":"Singing Bowl","floor":19.0},{"not_picked":["Streamline","Study"],"picked":"Singing Bowl","floor":20.0},{"not_picked":["Bane","PiercingWail"],"picked":"Singing Bowl","floor":21.0},{"not_picked":["Hologram","FlyingSleeves+1"],"picked":"Singing Bowl","floor":23.0},{"not_picked":["Headbutt","Finisher"],"picked":"Singing Bowl","floor":25.0},{"not_picked":["Leap","EmptyBody"],"picked":"Singing Bowl","floor":29.0},{"not_picked":["Brutality","Flex"],"picked":"Singing Bowl","floor":30.0},{"not_picked":["Cloak And Dagger+1","Cold Snap"],"picked":"Singing Bowl","floor":31.0},{"not_picked":["Venomology"],"picked":"Seek","floor":33}],"player_experience":1041059,"relics_obtained":[{"floor":6.0,"key":"Bottled Tornado"},{"floor":8.0,"key":"Bag of Preparation"},{"floor":9.0,"key":"Singing Bowl"},{"floor":12.0,"key":"CeramicFish"},{"floor":23.0,"key":"Orichalcum"},{"floor":26.0,"key":"Bird Faced Urn"},{"floor":30.0,"key":"Mummified Hand"},{"floor":41,"key":"Girya"},{"floor":43,"key":"Ancient Tea Set"},{"floor":45,"key":"Eternal Feather"}],"event_choices":[{"damage_healed":0.0,"max_hp_gain":0.0,"max_hp_loss":0.0,"gold_gain":75.0,"event_name":"World of Goop","player_choice":"Gather Gold","floor":2.0,"gold_loss":0.0,"damage_taken":11.0},{"damage_healed":0.0,"max_hp_gain":5.0,"max_hp_loss":0.0,"gold_gain":0.0,"event_name":"Big Fish","player_choice":"Donut","floor":4.0,"gold_loss":0.0,"damage_taken":0.0},{"damage_healed":0.0,"max_hp_gain":0.0,"max_hp_loss":0.0,"gold_gain":0.0,"event_name":"Scrap Ooze","player_choice":"Fled","floor":5.0,"gold_loss":0.0,"damage_taken":0.0},{"cards_removed":["Brilliance"],"damage_healed":52.0,"max_hp_gain":10.0,"max_hp_loss":0.0,"gold_gain":0.0,"event_name":"Bonfire Elementals","player_choice":"Offered Rare","floor":14.0,"gold_loss":0.0,"damage_taken":0.0},{"damage_healed":0.0,"max_hp_gain":0.0,"max_hp_loss":0.0,"gold_gain":0.0,"event_name":"The Mausoleum","player_choice":"Opened","floor":22.0,"gold_loss":0.0,"damage_taken":0.0,"relics_obtained":["Pen Nib"]},{"damage_healed":0.0,"max_hp_gain":0.0,"max_hp_loss":0.0,"gold_gain":0.0,"cards_transformed":["Blasphemy","Alpha"],"event_name":"Drug Dealer","player_choice":"Became Test Subject","floor":24.0,"gold_loss":0.0,"damage_taken":0.0,"cards_obtained":["Dodge and Roll","Chill"]},{"damage_healed":0,"gold_gain":0,"player_choice":"Got Potions","damage_taken":0,"max_hp_gain":0,"max_hp_loss":0,"event_name":"Lab","floor":44,"gold_loss":0}],"is_beta":false,"boss_relics":[{"not_picked":["Velvet Choker","SacredBark"],"picked":"Philosopher\u0027s Stone"},{"not_picked":["Sozu","Nuclear Battery"],"picked":"Busted Crown"}],"items_purged_floors":[28],"is_endless":false,"potions_floor_spawned":[10,11,12,18,21,23,29,33,37,41,45,48],"ascension_level":0}}