{"host":"d8cz15m779bv9isj","time":1613991824,"event":{"mods":["Aspiration","Bard","BaseMod","Beaked The Cultist","Colored Map","Colored Powertips","Dark Map","DeckTracker","Hermit","Highlight Path","Infinite Spire","Minty Spire (QoL Compilation)","Quick Restart","Random Character Button","Relic Sorter","Reliquary","Replay The Spire","StSLib","SuperFastMode","Synergy Search","The Blue Laboratory","The Cursed","The Jungle","TheBandit","TheSurvivalist"],"gold_per_floor":[115,115,115,65,79,79,110,110,110,128,162,162,162],"floor_reached":11,"language":"ENG","playtime":306,"items_purged":[],"score":106,"play_id":"0a304b00-1715-4ccd-bb8c-e93b7b600c27","local_time":"20210222120344","is_ascension_mode":false,"campfire_choices":[{"data":"wariomod:HappyHop","floor":6,"key":"SMITH"},{"data":"wariomod:Leap","floor":8,"key":"SMITH"}],"circlet_count":0,"master_deck":["wariomod:Strike+1","wariomod:Strike","wariomod:Defend","wariomod:Defend","wariomod:Defend+1","wariomod:Defend","wariomod:Step","wariomod:Leap+1","wariomod:HappyHop+1","wariomod:Leapslam","wariomod:DisarmingMoves","wariomod:SimpleShield"],"relics":["wariomod:TheHat","NeowsBlessing","reliquary:Spinner","aspiration:EmptySkull","infinitespire:Satchel"],"acts_visited":["Exordium"],"potions_floor_usage":[],"damage_taken":[{"damage":0,"enemies":"Small Slimes","floor":1,"turns":1},{"damage":0,"enemies":"Jaw Worm","floor":5,"turns":1},{"damage":0,"enemies":"Replay:BlueRogue","floor":7,"turns":1},{"damage":0,"enemies":"2 Louse","floor":10,"turns":2},{"damage":11,"enemies":"Lagavulin","floor":11,"turns":7}],"seed_played":"-532337182484545383","potions_obtained":[{"floor":5,"key":"blueLaboratory:HummingbirdPotion"},{"floor":7,"key":"BlessingOfTheForge"},{"floor":10,"key":"DistilledChaos"}],"is_trial":false,"path_per_floor":["M","?","?","?","M","R","E","R","T","M","E"],"character_chosen":"THE_BANDIT","items_purchased":[],"campfire_rested":0,"item_purchase_floors":[],"current_hp_per_floor":[80,64,64,64,64,64,64,64,64,64,53,53,53],"gold":162,"neow_bonus":"THREE_ENEMY_KILL","is_daily":false,"chose_seed":false,"campfire_upgraded":2,"win_rate":0.0,"timestamp":1613991824,"path_taken":["M","?","?","?","M","R","E","R","T","M","E"],"items_purchased_type":[],"build_version":"2020-12-22","purchased_purges":0,"victory":false,"max_hp_per_floor":[80,80,80,80,80,80,80,80,80,80,80,80,80],"card_choices":[{"not_picked":["wariomod:Leapslam","wariomod:SmallSprint"],"picked":"wariomod:HappyHop","floor":1},{"not_picked":["wariomod:Goblast","wariomod:BodyBlock"],"picked":"wariomod:Leapslam","floor":5},{"not_picked":["wariomod:Bomblaster","wariomod:Leapslam"],"picked":"wariomod:DisarmingMoves","floor":7},{"not_picked":["wariomod:AwfulLook","wariomod:Boomsmack"],"picked":"wariomod:SimpleShield","floor":10}],"player_experience":253485,"relics_obtained":[{"floor":7,"key":"reliquary:Spinner"},{"floor":9,"key":"aspiration:EmptySkull"},{"floor":11,"key":"infinitespire:Satchel"}],"event_choices":[{"damage_healed":0,"gold_gain":0,"player_choice":"Entered Light","damage_taken":16,"max_hp_gain":0,"max_hp_loss":0,"event_name":"Shining Light","floor":2,"gold_loss":0,"cards_upgraded":["wariomod:Defend","wariomod:Strike"]},{"cards_removed":["wariomod:Strike"],"damage_healed":0,"gold_gain":0,"player_choice":"Forget","damage_taken":0,"max_hp_gain":0,"max_hp_loss":0,"event_name":"Living Wall","floor":3,"gold_loss":0},{"cards_removed":["wariomod:Strike"],"damage_healed":0,"gold_gain":0,"player_choice":"Card Removal","damage_taken":0,"max_hp_gain":0,"max_hp_loss":0,"event_name":"The Cleric","floor":4,"gold_loss":50}],"is_beta":false,"boss_relics":[],"items_purged_floors":[],"is_endless":false,"potions_floor_spawned":[5,7,10],"killed_by":"Lagavulin","ascension_level":0}}