{"host":"d52brwsy6af8zvaq","time":1613959385,"event":{"mods":["AchievementEnabler","BaseMod","Bestiary","Highlight Path","Minty Spire (QoL Compilation)","Quick Restart","Relic Stats","ojb\u0027s Better Paths Mod"],"gold_per_floor":[114,127,127,143,154,154,181,192,216,216,243,259,259,284,284,284,284],"floor_reached":16,"language":"ENG","playtime":665,"items_purged":[],"score":244,"play_id":"d4e3608c-4261-432d-8d4e-6368740e36d3","local_time":"20210221190305","is_ascension_mode":true,"campfire_choices":[{"data":"Zap","floor":6.0,"key":"SMITH"},{"floor":10,"key":"REST"},{"floor":13,"key":"REST"},{"data":"Fusion","floor":15,"key":"SMITH"}],"circlet_count":0,"master_deck":["AscendersBane","Strike_B","Strike_B","Strike_B","Defend_B","Defend_B","Defend_B","Defend_B","Zap+1","Dualcast","Fusion+1","Reinforced Body","Cold Snap","Doom and Gloom","Static Discharge","Auto Shields","Skim","Glacier","Ball Lightning","Conserve Battery"],"relics":["Cracked Core","Peace Pipe","Lantern","Nunchaku","MealTicket"],"acts_visited":["Exordium"],"potions_floor_usage":[11,16],"damage_taken":[{"damage":2.0,"enemies":"Jaw Worm","floor":1.0,"turns":4.0},{"damage":0.0,"enemies":"Cultist","floor":2.0,"turns":4.0},{"damage":5.0,"enemies":"Small Slimes","floor":4.0,"turns":3.0},{"damage":8.0,"enemies":"Looter","floor":5.0,"turns":5.0},{"damage":23.0,"enemies":"Lagavulin","floor":7.0,"turns":6.0},{"damage":10,"enemies":"2 Fungi Beasts","floor":8,"turns":4},{"damage":14,"enemies":"3 Sentries","floor":11,"turns":7},{"damage":8,"enemies":"Red Slaver","floor":12,"turns":5},{"damage":3,"enemies":"Lagavulin","floor":14,"turns":7},{"damage":40,"enemies":"Hexaghost","floor":16,"turns":14}],"seed_played":"7447337338886693663","potions_obtained":[{"floor":2.0,"key":"PotionOfCapacity"},{"floor":4.0,"key":"EssenceOfSteel"},{"floor":8,"key":"Energy Potion"},{"floor":12,"key":"SkillPotion"}],"is_trial":false,"path_per_floor":["M","M","?","M","M","R","E","M","T","R","E","M","R","E","R","B"],"character_chosen":"DEFECT","items_purchased":[],"campfire_rested":2,"item_purchase_floors":[],"current_hp_per_floor":[62,62,62,57,49,49,26,16,16,37,23,15,36,33,33,0,0],"gold":284,"neow_bonus":"TRANSFORM_CARD","is_daily":false,"chose_seed":false,"campfire_upgraded":2,"win_rate":0.0,"timestamp":1613959385,"path_taken":["M","M","?","?","M","R","E","M","T","R","E","M","R","E","R","BOSS"],"items_purchased_type":[],"build_version":"2020-12-22","purchased_purges":0,"victory":false,"max_hp_per_floor":[71,71,71,71,71,71,71,71,71,71,71,71,71,71,71,71,71],"relic_stats":{"Peace Pipe":0,"Nunchaku":[2],"counters":[10,59],"MealTicket":0,"obtain_stats":[{"Peace Pipe":7,"Lantern":9,"Nunchaku":11,"MealTicket":14,"Cracked Core":0},{"Peace Pipe":5,"Lantern":6,"Nunchaku":7,"MealTicket":9,"Cracked Core":0},{"Peace Pipe":22,"Lantern":26,"Nunchaku":33,"MealTicket":45,"Cracked Core":0}]},"card_choices":[{"not_picked":["Sweeping Beam","Turbo"],"picked":"Reinforced Body","floor":1.0},{"not_picked":["Barrage","Leap"],"picked":"Cold Snap","floor":2.0},{"not_picked":["Conserve Battery","Skim"],"picked":"Doom and Gloom","floor":4.0},{"not_picked":["Compile Driver","Meteor Strike"],"picked":"Static Discharge","floor":5.0},{"not_picked":["Melter","Reprogram"],"picked":"Auto Shields","floor":7.0},{"not_picked":["Chill","Cold Snap"],"picked":"Skim","floor":8},{"not_picked":["Blizzard","Gash"],"picked":"Glacier","floor":11},{"not_picked":["Blizzard","Conserve Battery"],"picked":"Ball Lightning","floor":12},{"not_picked":["Recycle","Leap"],"picked":"Conserve Battery","floor":14}],"player_experience":2333849,"relics_obtained":[{"floor":7.0,"key":"Peace Pipe"},{"floor":9,"key":"Lantern"},{"floor":11,"key":"Nunchaku"},{"floor":14,"key":"MealTicket"}],"event_choices":[{"damage_healed":0.0,"max_hp_gain":0.0,"max_hp_loss":0.0,"gold_gain":0.0,"event_name":"FaceTrader","player_choice":"Leave","floor":3.0,"gold_loss":0.0,"damage_taken":0.0}],"is_beta":false,"boss_relics":[],"items_purged_floors":[],"is_endless":false,"potions_floor_spawned":[2,4,8,12],"killed_by":"Hexaghost","ascension_level":20}}