{"host":"t0bo9kmlst92gdfh","time":1613953643,"event":{"mods":["BaseMod","Block Reminder","Colored Powertips","DeckTracker","Jorbs\u0027s Wanderer Trilogy","Minty Spire (QoL Compilation)","Relic Stats","StSLib"],"gold_per_floor":[119,133,156,167,179,206,206,206,206,206,235,247,281,34,34,135,135,149,149,169,183,31,58,88,117,197,97,116,145,165,165,165,268,268,284,334,349,360,89,89,123,123,203,203,220,220,442,468,468,468],"floor_reached":51,"language":"ENG","playtime":3167,"items_purged":["Strike_G","Defend_G","Defend_G"],"score":908,"play_id":"0d85158d-7f4a-4616-bb83-e005a3c0eb40","local_time":"20210221162723","is_ascension_mode":false,"campfire_choices":[{"data":"A Thousand Cuts","floor":7,"key":"SMITH"},{"data":"Envenom","floor":15,"key":"SMITH"},{"data":"Infinite Blades","floor":32,"key":"SMITH"},{"data":"Finisher","floor":40,"key":"SMITH"},{"data":"Blade Dance","floor":44,"key":"SMITH"},{"data":"Backstab","floor":46,"key":"SMITH"},{"data":"Prepared","floor":49,"key":"SMITH"}],"circlet_count":0,"master_deck":["Strike_G","Strike_G","Strike_G+1","Strike_G","Defend_G","Defend_G+1","Defend_G+1","Survivor+1","Neutralize","A Thousand Cuts+1","Prepared+1","Dagger Spray","Finisher+1","Deflect","Sucker Punch","Flying Knee","Quick Slash","Envenom+1","Blade Dance","Backstab+1","Dark Shackles","Night Terror","Blade Dance+1","Blade Dance+1","Slice","Blade Dance","Blade Dance","Infinite Blades+1","Adrenaline"],"relics":["Ring of the Snake","Omamori","Ninja Scroll","Shuriken","Ice Cream","InkBottle","Runic Pyramid","Centennial Puzzle","Gremlin Horn","Red Mask","Letter Opener","Pantograph","HornCleat","Busted Crown","StoneCalendar","Orichalcum","Tingsha","Mercury Hourglass","War Paint"],"acts_visited":["Exordium","TheCity","TheBeyond"],"potions_floor_usage":[6,33,50,50],"damage_taken":[{"damage":4,"enemies":"Cultist","floor":1,"turns":5},{"damage":0,"enemies":"Small Slimes","floor":2,"turns":4},{"damage":0,"enemies":"2 Louse","floor":4,"turns":3},{"damage":13,"enemies":"Large Slime","floor":5,"turns":4},{"damage":16,"enemies":"3 Sentries","floor":6,"turns":8},{"damage":7,"enemies":"Gremlin Nob","floor":11,"turns":3},{"damage":9,"enemies":"Red Slaver","floor":12,"turns":2},{"damage":3,"enemies":"Lagavulin","floor":13,"turns":4},{"damage":0,"enemies":"Slime Boss","floor":16,"turns":5},{"damage":0,"enemies":"Shell Parasite","floor":18,"turns":1},{"damage":0,"enemies":"3 Byrds","floor":20,"turns":2},{"damage":0,"enemies":"Snecko","floor":21,"turns":2},{"damage":20,"enemies":"Slavers","floor":23,"turns":3},{"damage":1,"enemies":"Masked Bandits","floor":24,"turns":3},{"damage":19,"enemies":"Book of Stabbing","floor":25,"turns":4},{"damage":0,"enemies":"Chosen and Byrds","floor":28,"turns":2},{"damage":0,"enemies":"Gremlin Leader","floor":29,"turns":3},{"damage":0,"enemies":"Shelled Parasite and Fungi","floor":30,"turns":2},{"damage":49,"enemies":"Collector","floor":33,"turns":6},{"damage":0,"enemies":"3 Darklings","floor":35,"turns":2},{"damage":0,"enemies":"Mind Bloom Boss Battle","floor":36,"turns":2},{"damage":12,"enemies":"3 Shapes","floor":37,"turns":3},{"damage":17,"enemies":"Sphere and 2 Shapes","floor":38,"turns":3},{"damage":0,"enemies":"Reptomancer","floor":41,"turns":2},{"damage":0,"enemies":"Maw","floor":45,"turns":4},{"damage":7,"enemies":"Nemesis","floor":48,"turns":3},{"damage":45,"enemies":"Awakened One","floor":50,"turns":5}],"seed_played":"9167378264836570105","potions_obtained":[{"floor":2,"key":"SkillPotion"},{"floor":11,"key":"SmokeBomb"},{"floor":12,"key":"Dexterity Potion"},{"floor":18,"key":"Swift Potion"},{"floor":24,"key":"LiquidBronze"},{"floor":33,"key":"Strength Potion"},{"floor":36,"key":"DistilledChaos"},{"floor":38,"key":"GhostInAJar"}],"is_trial":false,"path_per_floor":["M","M","T","M","M","E","R","?","T","?","E","M","E","$","R","B",null,"M","?","M","M","$","E","?","E","T","$","M","E","M","?","R","B",null,"M","?","M","M","$","R","E","?","T","R","M","R","?","E","R","B",null],"character_chosen":"THE_SILENT","items_purchased":["Blade Dance","Backstab","Dark Shackles","Centennial Puzzle","Orichalcum"],"campfire_rested":0,"item_purchase_floors":[14,14,14,22,39],"current_hp_per_floor":[66,66,66,66,53,37,37,23,23,40,33,24,21,21,21,21,70,70,70,70,70,70,50,49,30,30,30,30,30,30,30,30,6,70,70,70,58,41,41,41,41,59,59,59,59,59,59,52,52,25],"gold":468,"neow_bonus":"ONE_RANDOM_RARE_CARD","is_daily":false,"chose_seed":false,"campfire_upgraded":7,"win_rate":0.0,"timestamp":1613953643,"path_taken":["M","M","?","M","M","E","R","?","T","?","E","M","E","$","R","BOSS","M","?","M","?","?","E","?","E","T","$","M","E","M","?","R","BOSS","M","?","M","M","$","R","E","?","T","R","M","R","?","E","R","BOSS"],"items_purchased_type":["Card","Card","Card","Relic","Relic"],"build_version":"2020-12-22","purchased_purges":3,"victory":true,"max_hp_per_floor":[70,70,70,70,70,70,70,70,70,70,70,70,70,70,70,70,70,70,70,70,70,70,70,70,70,70,70,70,70,70,70,70,70,70,70,70,70,70,70,70,70,70,70,70,70,70,70,70,70,70],"relic_stats":{"Gremlin Horn":[19,20],"counters":[27,90],"StoneCalendar":[0],"Tingsha":[15],"Letter Opener":[99],"Orichalcum":[36],"War Paint":["Defend_G","Defend_G"],"Mercury Hourglass":[54],"Centennial Puzzle":[23],"Busted Crown":14,"Shuriken":[98],"Pantograph":43,"obtain_stats":[{"Ice Cream":11,"Gremlin Horn":23,"StoneCalendar":36,"Tingsha":41,"Omamori":3,"Letter Opener":25,"Orichalcum":39,"War Paint":48,"Mercury Hourglass":43,"Centennial Puzzle":22,"HornCleat":29,"Busted Crown":34,"Ninja Scroll":6,"Shuriken":9,"Pantograph":26,"Red Mask":24,"InkBottle":13,"Ring of the Snake":0,"Runic Pyramid":17},{"Ice Cream":6,"Gremlin Horn":13,"StoneCalendar":21,"Tingsha":24,"Omamori":2,"Letter Opener":15,"Orichalcum":23,"War Paint":26,"Mercury Hourglass":24,"Centennial Puzzle":12,"HornCleat":17,"Busted Crown":19,"Ninja Scroll":5,"Shuriken":5,"Pantograph":15,"Red Mask":14,"InkBottle":8,"Ring of the Snake":0,"Runic Pyramid":9},{"Ice Cream":27,"Gremlin Horn":46,"StoneCalendar":70,"Tingsha":78,"Omamori":9,"Letter Opener":53,"Orichalcum":76,"War Paint":85,"Mercury Hourglass":78,"Centennial Puzzle":43,"HornCleat":58,"Busted Crown":66,"Ninja Scroll":24,"Shuriken":24,"Pantograph":53,"Red Mask":49,"InkBottle":33,"Ring of the Snake":0,"Runic Pyramid":38}],"InkBottle":[45],"Ring of the Snake":[54]},"card_choices":[{"not_picked":["Catalyst","Calculated Gamble"],"picked":"Prepared","floor":1},{"not_picked":["Acrobatics","Crippling Poison"],"picked":"Dagger Spray","floor":2},{"not_picked":["Dagger Throw","Deadly Poison"],"picked":"Finisher","floor":4},{"not_picked":["Crippling Poison","Bouncing Flask"],"picked":"Deflect","floor":5},{"not_picked":["Poisoned Stab","Outmaneuver"],"picked":"Sucker Punch","floor":6},{"not_picked":["Poisoned Stab","Sucker Punch"],"picked":"Flying Knee","floor":11},{"not_picked":["Backflip","Eviscerate"],"picked":"Quick Slash","floor":12},{"not_picked":["Quick Slash","Backflip"],"picked":"Envenom","floor":13},{"not_picked":["Glass Knife","A Thousand Cuts"],"picked":"Night Terror","floor":16},{"not_picked":["Leg Sweep+1","Escape Plan","Dodge and Roll"],"picked":"SKIP","floor":18},{"not_picked":["Dash+1","Deflect"],"picked":"Blade Dance+1","floor":20},{"not_picked":["Deadly Poison","Dagger Spray"],"picked":"Blade Dance","floor":21},{"not_picked":["Sucker Punch","Reflex","PiercingWail"],"picked":"SKIP","floor":23},{"not_picked":["Predator","Backflip"],"picked":"Slice","floor":25},{"not_picked":["Acrobatics","Bouncing Flask","Underhanded Strike"],"picked":"SKIP","floor":28},{"not_picked":["Bane","Reflex"],"picked":"Blade Dance","floor":29},{"not_picked":["Flying Knee+1","Eviscerate"],"picked":"Blade Dance","floor":30},{"not_picked":["Corpse Explosion","A Thousand Cuts"],"picked":"Adrenaline","floor":33},{"not_picked":["Heel Hook"],"picked":"SKIP","floor":35},{"not_picked":["Heel Hook"],"picked":"SKIP","floor":37},{"not_picked":["Caltrops"],"picked":"SKIP","floor":38},{"not_picked":["A Thousand Cuts"],"picked":"SKIP","floor":41},{"not_picked":["Riddle With Holes"],"picked":"SKIP","floor":45},{"not_picked":["Blur+1"],"picked":"SKIP","floor":48}],"player_experience":67005,"relics_obtained":[{"floor":3,"key":"Omamori"},{"floor":6,"key":"Ninja Scroll"},{"floor":9,"key":"Shuriken"},{"floor":11,"key":"Ice Cream"},{"floor":13,"key":"InkBottle"},{"floor":23,"key":"Gremlin Horn"},{"floor":24,"key":"Red Mask"},{"floor":25,"key":"Letter Opener"},{"floor":26,"key":"Pantograph"},{"floor":29,"key":"HornCleat"},{"floor":36,"key":"StoneCalendar"},{"floor":41,"key":"Tingsha"},{"floor":43,"key":"Mercury Hourglass"},{"floor":48,"key":"War Paint"}],"event_choices":[{"damage_healed":0,"gold_gain":0,"player_choice":"Entered Light","damage_taken":14,"max_hp_gain":0,"max_hp_loss":0,"event_name":"Shining Light","floor":8,"gold_loss":0,"cards_upgraded":["Strike_G","Survivor"]},{"damage_healed":17,"gold_gain":0,"player_choice":"Healed and dodged fight","damage_taken":0,"max_hp_gain":0,"max_hp_loss":0,"event_name":"Mushrooms","floor":10,"gold_loss":0,"cards_obtained":["Parasite"]},{"damage_healed":0,"gold_gain":0,"player_choice":"Ignored","damage_taken":0,"max_hp_gain":0,"max_hp_loss":0,"event_name":"NoteForYourself","floor":19,"gold_loss":0},{"damage_healed":0,"gold_gain":0,"player_choice":"Fought Bandits","damage_taken":0,"max_hp_gain":0,"max_hp_loss":0,"event_name":"Masked Bandits","floor":24,"gold_loss":0},{"damage_healed":0,"gold_gain":0,"player_choice":"Read","damage_taken":0,"max_hp_gain":0,"max_hp_loss":0,"event_name":"The Library","floor":31,"gold_loss":0,"cards_obtained":["Infinite Blades"]},{"damage_healed":0,"gold_gain":0,"player_choice":"Fight","damage_taken":0,"max_hp_gain":0,"max_hp_loss":0,"event_name":"MindBloom","floor":36,"gold_loss":0},{"damage_healed":18,"gold_gain":0,"player_choice":"Writhe","damage_taken":0,"max_hp_gain":0,"max_hp_loss":0,"event_name":"Winding Halls","floor":42,"gold_loss":0,"cards_obtained":["Writhe"]},{"damage_healed":0,"gold_gain":222,"player_choice":"Wore Mask","damage_taken":0,"max_hp_gain":0,"max_hp_loss":0,"event_name":"Tomb of Lord Red Mask","floor":47,"gold_loss":0}],"is_beta":false,"boss_relics":[{"not_picked":["Sozu","Velvet Choker"],"picked":"Runic Pyramid"},{"not_picked":["Cursed Key","SlaversCollar"],"picked":"Busted Crown"}],"items_purged_floors":[14,27,39],"is_endless":false,"potions_floor_spawned":[2,11,12,18,24,28,29,33,36,38,45,48],"ascension_level":0}}