{"host":"n3r7007bx0xr1slw","time":1613970524,"event":{"mods":["BaseMod","DeckTracker","Googly Eyes","Minty Spire (QoL Compilation)","StSLib"],"gold_per_floor":[118,418,442,459,11,36,50,50,104,115,145,145,45,79,79,177,177,192,192,192,211,227,227,237,306,329,342,342,342,360,375,375,475,475,494,507,519,90,103,103,115,165,165,0,0,18,41,89,89,89],"floor_reached":51,"language":"ENG","playtime":3020,"items_purged":["Regret","Strike_P","Meditate"],"score":826,"play_id":"dd129bbd-377b-4ed9-a8e7-dfc80136e654","local_time":"20210222000844","is_ascension_mode":true,"campfire_choices":[{"data":"Ragnarok","floor":12,"key":"SMITH"},{"data":"Eruption","floor":15,"key":"SMITH"},{"floor":23,"key":"REST"},{"floor":28,"key":"REST"},{"floor":32,"key":"REST"},{"data":"Establishment","floor":40,"key":"SMITH"},{"floor":45,"key":"REST"},{"floor":49,"key":"REST"}],"circlet_count":0,"master_deck":["Eruption+1","Vigilance","Ragnarok+1","WindmillStrike","Weave","ConjureBlade","Establishment+1","CurseOfTheBell","Crescendo","Protect","Vengeance","CutThroughFate","Devotion","Prostrate","SignatureMove","Wish","InnerPeace","Nirvana","Conclude","Parasite"],"relics":["PureWater","NeowsBlessing","Old Coin","Centennial Puzzle","Bronze Scales","Mercury Hourglass","Eternal Feather","Regal Pillow","Anchor","Blood Vial","Calling Bell","Tiny Chest","InkBottle","Ice Cream","White Beast Statue","Happy Flower","Pandora\u0027s Box","Juzu Bracelet","ClockworkSouvenir","Calipers","Kunai","Red Mask","Boot","Lizard Tail"],"acts_visited":["Exordium","TheCity","TheBeyond"],"potions_floor_usage":[11,11,27,33,35,39,42,42,48,48,50,50,50,50,50,50,50,50],"damage_taken":[{"damage":0,"enemies":"Jaw Worm","floor":1,"turns":1},{"damage":0,"enemies":"Small Slimes","floor":4,"turns":1},{"damage":0,"enemies":"Gremlin Nob","floor":6,"turns":1},{"damage":0,"enemies":"Cultist","floor":7,"turns":2},{"damage":0,"enemies":"2 Fungi Beasts","floor":10,"turns":2},{"damage":18,"enemies":"3 Sentries","floor":11,"turns":2},{"damage":12,"enemies":"Gremlin Nob","floor":14,"turns":3},{"damage":49,"enemies":"Hexaghost","floor":16,"turns":6},{"damage":16,"enemies":"Spheric Guardian","floor":18,"turns":4},{"damage":5,"enemies":"3 Byrds","floor":21,"turns":3},{"damage":26,"enemies":"Cultist and Chosen","floor":22,"turns":4},{"damage":54,"enemies":"Shelled Parasite and Fungi","floor":24,"turns":2},{"damage":12,"enemies":"Sentry and Sphere","floor":27,"turns":3},{"damage":21,"enemies":"Centurion and Healer","floor":30,"turns":4},{"damage":6,"enemies":"Snake Plant","floor":31,"turns":2},{"damage":64,"enemies":"Automaton","floor":33,"turns":7},{"damage":12,"enemies":"3 Shapes","floor":35,"turns":4},{"damage":0,"enemies":"Orb Walker","floor":36,"turns":2},{"damage":25,"enemies":"Maw","floor":37,"turns":5},{"damage":18,"enemies":"3 Darklings","floor":39,"turns":2},{"damage":15,"enemies":"4 Shapes","floor":41,"turns":2},{"damage":9,"enemies":"Mind Bloom Boss Battle","floor":42,"turns":4},{"damage":7,"enemies":"Writhing Mass","floor":46,"turns":4},{"damage":54,"enemies":"2 Orb Walkers","floor":48,"turns":2},{"damage":26,"enemies":"Time Eater","floor":50,"turns":6}],"seed_played":"8496503625024756401","potions_obtained":[{"floor":4,"key":"Energy Potion"},{"floor":6,"key":"Swift Potion"},{"floor":10,"key":"Strength Potion"},{"floor":22,"key":"ColorlessPotion"},{"floor":24,"key":"PowerPotion"},{"floor":27,"key":"FearPotion"},{"floor":30,"key":"Block Potion"},{"floor":33,"key":"SteroidPotion"},{"floor":35,"key":"StancePotion"},{"floor":37,"key":"Strength Potion"},{"floor":39,"key":"CultistPotion"},{"floor":42,"key":"AttackPotion"},{"floor":46,"key":"Explosive Potion"},{"floor":48,"key":"EntropicBrew"}],"is_trial":false,"path_per_floor":["M","?","T","M","$","E","M","?","T","M","E","R","$","E","R","B",null,"M","?","?","M","M","R","M","T","T","M","R","?","M","M","R","B",null,"M","M","M","$","M","R","M","?","T","?","R","M","T","?","R","B",null],"character_chosen":"WATCHER","items_purchased":["Bronze Scales","Ragnarok","WindmillStrike","Juzu Bracelet","ClockworkSouvenir"],"campfire_rested":5,"item_purchase_floors":[5,5,5,38,38],"current_hp_per_floor":[72,72,72,72,72,72,72,69,69,69,51,57,57,45,51,4,72,56,43,43,40,16,63,11,11,11,1,48,48,29,25,72,10,77,65,67,44,44,28,37,24,17,17,17,64,59,59,7,57,33],"gold":89,"neow_bonus":"THREE_ENEMY_KILL","is_daily":false,"chose_seed":false,"campfire_upgraded":3,"win_rate":0.0,"timestamp":1613970524,"path_taken":["M","?","?","M","$","E","M","?","T","?","E","R","$","E","R","BOSS","M","?","?","M","M","R","?","?","T","M","R","?","M","M","R","BOSS","M","M","M","$","M","R","M","?","T","?","R","M","?","?","R","BOSS"],"items_purchased_type":["Relic","Card","Card","Relic","Relic"],"build_version":"2020-12-22","purchased_purges":3,"victory":true,"max_hp_per_floor":[72,72,72,72,72,72,72,72,72,72,72,72,72,72,72,72,72,72,77,77,77,77,77,77,77,77,77,77,77,77,77,77,77,77,77,77,77,77,77,77,77,77,77,77,77,77,77,77,77,77],"card_choices":[{"not_picked":["FollowUp","Protect"],"picked":"PathToVictory","floor":1},{"not_picked":["Sanctity","BowlingBash","Fasting2"],"picked":"SKIP","floor":4},{"not_picked":["Blasphemy","SashWhip","Collect"],"picked":"SKIP","floor":6},{"not_picked":["FlyingSleeves","BowlingBash","Pray"],"picked":"SKIP","floor":7},{"not_picked":["Halt","WaveOfTheHand","FearNoEvil"],"picked":"SKIP","floor":10},{"not_picked":["Adaptation","WreathOfFlame"],"picked":"Weave","floor":11},{"not_picked":["InnerPeace","BattleHymn"],"picked":"ConjureBlade","floor":14},{"not_picked":["DevaForm","Judgement"],"picked":"Establishment","floor":16},{"not_picked":["Nirvana","Consecrate+1","CrushJoints"],"picked":"SKIP","floor":18},{"not_picked":["SashWhip","EmptyMind"],"picked":"Crescendo","floor":21},{"not_picked":["FlyingSleeves","Crescendo","Establishment"],"picked":"SKIP","floor":22},{"not_picked":["Crescendo","SignatureMove","CrushJoints"],"picked":"SKIP","floor":24},{"not_picked":["FlurryOfBlows+1","FollowUp"],"picked":"Protect","floor":27},{"not_picked":["Prostrate","FearNoEvil"],"picked":"Vengeance","floor":30},{"not_picked":["Prostrate+1","Crescendo"],"picked":"CutThroughFate","floor":31},{"not_picked":["Ragnarok","Judgement"],"picked":"Devotion","floor":33},{"not_picked":["BowlingBash+1","Indignation+1","EmptyFist"],"picked":"SKIP","floor":35},{"not_picked":["InnerPeace","FlyingSleeves+1","Crescendo+1"],"picked":"SKIP","floor":36},{"not_picked":["BowlingBash","WaveOfTheHand","Crescendo+1"],"picked":"SKIP","floor":37},{"not_picked":["FlurryOfBlows+1","CrushJoints","CutThroughFate+1"],"picked":"SKIP","floor":39},{"not_picked":["InnerPeace+1","Vengeance","ThirdEye"],"picked":"SKIP","floor":41},{"not_picked":["EmptyMind","Protect","ForeignInfluence"],"picked":"SKIP","floor":46}],"player_experience":142293,"relics_obtained":[{"floor":3,"key":"Centennial Puzzle"},{"floor":6,"key":"Mercury Hourglass"},{"floor":9,"key":"Regal Pillow"},{"floor":11,"key":"Anchor"},{"floor":14,"key":"Blood Vial"},{"floor":17,"key":"Tiny Chest"},{"floor":17,"key":"InkBottle"},{"floor":17,"key":"Ice Cream"},{"floor":25,"key":"White Beast Statue"},{"floor":26,"key":"Happy Flower"},{"floor":42,"key":"Calipers"},{"floor":43,"key":"Kunai"},{"floor":47,"key":"Boot"},{"floor":48,"key":"Lizard Tail"}],"event_choices":[{"damage_healed":0,"gold_gain":0,"player_choice":"Box","damage_taken":0,"relics_obtained":["Old Coin"],"max_hp_gain":0,"max_hp_loss":0,"event_name":"Big Fish","floor":2,"gold_loss":0,"cards_obtained":["Regret"]},{"damage_healed":0,"gold_gain":0,"player_choice":"Success","damage_taken":3,"relics_obtained":["Eternal Feather"],"max_hp_gain":0,"max_hp_loss":0,"event_name":"Scrap Ooze","floor":8,"gold_loss":0},{"damage_healed":0,"gold_gain":0,"player_choice":"Shed Blood","damage_taken":18,"max_hp_gain":5,"max_hp_loss":0,"event_name":"Forgotten Altar","floor":19,"gold_loss":0},{"damage_healed":0,"gold_gain":0,"player_choice":"Ignored","damage_taken":0,"max_hp_gain":0,"max_hp_loss":0,"event_name":"Ghosts","floor":20,"gold_loss":0},{"cards_removed":["PathToVictory"],"damage_healed":0,"gold_gain":0,"player_choice":"Elegance","damage_taken":0,"max_hp_gain":0,"max_hp_loss":0,"event_name":"Back to Basics","floor":29,"gold_loss":0},{"damage_healed":0,"gold_gain":0,"player_choice":"Fight","damage_taken":0,"max_hp_gain":0,"max_hp_loss":0,"event_name":"MindBloom","floor":42,"gold_loss":0},{"damage_healed":0,"gold_gain":0,"player_choice":"Paid","damage_taken":0,"relics_obtained":["Red Mask"],"max_hp_gain":0,"max_hp_loss":0,"event_name":"Tomb of Lord Red Mask","floor":44,"gold_loss":165},{"damage_healed":0,"gold_gain":0,"player_choice":"Fight","damage_taken":0,"max_hp_gain":0,"max_hp_loss":0,"event_name":"Mysterious Sphere","floor":48,"gold_loss":0}],"is_beta":false,"boss_relics":[{"not_picked":["Snecko Eye","Coffee Dripper"],"picked":"Calling Bell"},{"not_picked":["VioletLotus","Astrolabe"],"picked":"Pandora\u0027s Box"}],"items_purged_floors":[5,13,38],"is_endless":false,"potions_floor_spawned":[4,6,10,22,24,27,30,31,33,35,36,37,39,41,42,46,48],"ascension_level":1}}