{"host":"6706kntd0vtj8hnw","time":1613953309,"event":{"mods":["BaseMod","Colored Powertips","Downfall","Hermit","HololiveMod","Hubris","Infinite Spire","KinomotoSakuraMod(????)","Mad Scientist","Marisa????????","Minty Spire (QoL Compilation)","Quick Restart","StSLib","The Blackbeard","The Forsaken","The Hierophant","The Senshi","The Wild Card"],"gold_per_floor":[99,99,117,129,149,164,164,10,10,10,26,11,11,37,48,48,48],"floor_reached":16,"language":"ENG","playtime":1294,"items_purged":[],"score":102,"play_id":"0b7f9bc0-76cf-4f0d-a46e-7b23bf8583c8","local_time":"20210221162149","is_ascension_mode":false,"campfire_choices":[{"data":"hermit:Snapshot","floor":1,"key":"SMITH"},{"data":"hermit:FullyLoaded","floor":9,"key":"SMITH"},{"floor":13,"key":"REST"}],"circlet_count":0,"master_deck":["hermit:Strike_Hermit","hermit:Strike_Hermit","hermit:Strike_Hermit","hermit:Strike_Hermit","hermit:Defend_Hermit","hermit:Defend_Hermit","hermit:Defend_Hermit","hermit:Defend_Hermit","hermit:Snapshot+1","hermit:Covet+1","Pain","hermit:FullyLoaded+1","hermit:CalledShot","hermit:Coalescence","hermit:Shortfuse","hermit:Brawl","hermit:TakeAim","hermit:GhostlyPresence","hermit:Quickdraw","hermit:HighCaliber","hermit:Spite","hermit:WideOpen"],"relics":["hermit:Momento","WarpedTongs","hubris:OldNail","Happy Flower"],"acts_visited":["Exordium"],"potions_floor_usage":[11,12,15],"damage_taken":[{"damage":3,"enemies":"2 Louse","floor":3,"turns":2},{"damage":8,"enemies":"infinitespire:Voidling","floor":4,"turns":4},{"damage":1,"enemies":"Cultist","floor":5,"turns":4},{"damage":12,"enemies":"Exordium Thugs","floor":6,"turns":6},{"damage":0,"enemies":"downfall:FleeingMerchant","floor":8,"turns":4},{"damage":2,"enemies":"Exordium Wildlife","floor":11,"turns":4},{"damage":0,"enemies":"downfall:FleeingMerchant","floor":12,"turns":4},{"damage":18,"enemies":"Gremlin Nob","floor":14,"turns":5},{"damage":0,"enemies":"downfall:LooterAlt","floor":15,"turns":1},{"damage":57,"enemies":"WA_ARCHETYPE_RETAIN","floor":16,"turns":7}],"seed_played":"6083800088167749283","potions_obtained":[{"floor":6,"key":"Energy Potion"},{"floor":11,"key":"SpeedPotion"},{"floor":14,"key":"Fire Potion"}],"is_trial":false,"path_per_floor":["R","?","M","M","M","M","T","$","R","T","M","$","R","E","M","B"],"character_chosen":"HERMIT","items_purchased":["hermit:TakeAim","hermit:GhostlyPresence"],"campfire_rested":1,"item_purchase_floors":[8,8],"current_hp_per_floor":[75,75,72,64,63,51,51,51,51,51,49,49,71,53,53,0,0],"gold":48,"neow_bonus":"UPGRADE_CARD","is_daily":false,"chose_seed":false,"campfire_upgraded":2,"win_rate":0.0,"timestamp":1613953309,"path_taken":["R","?","?","M","M","M","T","$","R","?","M","$","R","E","M","BOSS"],"items_purchased_type":["Card","Card"],"build_version":"2020-12-22","purchased_purges":0,"victory":false,"max_hp_per_floor":[75,75,75,75,75,75,75,75,75,75,75,75,75,75,75,75,75],"card_choices":[{"not_picked":["hermit:Maintenance","hermit:LowProfile"],"picked":"hermit:FullyLoaded","floor":3},{"not_picked":["hermit:Headshot","hermit:Coalescence"],"picked":"hermit:CalledShot","floor":4},{"not_picked":["hermit:RoundhouseKick","hermit:SprayPray"],"picked":"hermit:Coalescence","floor":5},{"not_picked":["hermit:Brawl","hermit:BodyArmor"],"picked":"hermit:Shortfuse","floor":6},{"not_picked":["hermit:Misfire","hermit:Vantage"],"picked":"hermit:Brawl","floor":8},{"not_picked":["hermit:HighCaliber","hermit:HoleUp"],"picked":"hermit:Quickdraw","floor":11},{"not_picked":["hermit:Quickdraw","hermit:GoldenBullet"],"picked":"hermit:HighCaliber","floor":12},{"not_picked":["hermit:HoleUp","hermit:RoundhouseKick"],"picked":"hermit:Spite","floor":14},{"not_picked":["hermit:Ricochet","hermit:HighCaliber"],"picked":"hermit:WideOpen","floor":15}],"player_experience":279157,"relics_obtained":[{"floor":7,"key":"hubris:OldNail"},{"floor":14,"key":"Happy Flower"}],"event_choices":[{"damage_healed":0,"gold_gain":0,"player_choice":"Rummage","damage_taken":0,"relics_obtained":["WarpedTongs"],"max_hp_gain":0,"max_hp_loss":0,"event_name":"Accursed Blacksmith","floor":2,"gold_loss":0,"cards_obtained":["Pain"]}],"is_beta":false,"boss_relics":[],"items_purged_floors":[],"is_endless":false,"potions_floor_spawned":[6,11,14],"killed_by":"WA_ARCHETYPE_RETAIN","ascension_level":0}}