{"host":"oi6p1guiqfwwvxym","time":1613955693,"event":{"mods":["BaseMod","Bestiary","Colored Map","Minty Spire (QoL Compilation)","Relic Stats"],"gold_per_floor":[117,135,154,154,171,171,185,210,210,49,49,81,91,103,103,180,180,191,191,203,50,62,97,12,41,114,114,60,89,101,117,117,189,189,205,254,279,18,18,44,60,60,60,88,102,112,138,8,8,8,8,8],"floor_reached":51,"language":"ENG","playtime":4309,"items_purged":["Strike_R"],"score":1589,"play_id":"5f866907-ff5a-4933-a07b-04ea2195ef1c","local_time":"20210221170133","is_ascension_mode":true,"campfire_choices":[{"data":"Twin Strike","floor":6.0,"key":"SMITH"},{"floor":15.0,"key":"REST"},{"data":"Rupture","floor":27.0,"key":"SMITH"},{"data":"Heavy Blade","floor":32.0,"key":"SMITH"},{"floor":42.0,"key":"RECALL"},{"floor":49.0,"key":"REST"}],"circlet_count":0,"master_deck":["AscendersBane","Strike_R","Strike_R","Defend_R","Defend_R","Defend_R","Defend_R","Bash","Metallicize","Twin Strike+1","Pommel Strike","Shockwave","Armaments","Dropkick","Burning Pact","Brutality","Combust","Shrug It Off","Rupture+1","Disarm","Reaper","Headbutt","Flame Barrier","Reaper","Disarm","Blood for Blood","Barricade","Heavy Blade+1","Feed","Body Slam+1","Rupture","Whirlwind+1","Battle Trance","Shrug It Off+1","Carnage+1"],"relics":["Burning Blood","MealTicket","Orrery","Shuriken","Snecko Eye","Mummified Hand","Pantograph","Mercury Hourglass","Bottled Lightning","Mango","Fusion Hammer","Bird Faced Urn","Pocketwatch","Lantern","Anchor","The Courier","Centennial Puzzle","PreservedInsect","Vajra"],"acts_visited":["Exordium","TheCity","TheBeyond"],"potions_floor_usage":[51],"damage_taken":[{"damage":9.0,"enemies":"Jaw Worm","floor":1.0,"turns":5.0},{"damage":4.0,"enemies":"Small Slimes","floor":2.0,"turns":4.0},{"damage":1.0,"enemies":"Cultist","floor":3.0,"turns":3.0},{"damage":9.0,"enemies":"3 Louse","floor":5.0,"turns":4.0},{"damage":12.0,"enemies":"Gremlin Gang","floor":7.0,"turns":5.0},{"damage":26.0,"enemies":"Gremlin Nob","floor":8.0,"turns":4.0},{"damage":24.0,"enemies":"Lagavulin","floor":12.0,"turns":6.0},{"damage":5.0,"enemies":"Exordium Wildlife","floor":13.0,"turns":3.0},{"damage":14.0,"enemies":"Exordium Thugs","floor":14.0,"turns":5.0},{"damage":26.0,"enemies":"The Guardian","floor":16.0,"turns":12.0},{"damage":14.0,"enemies":"Chosen","floor":18.0,"turns":5.0},{"damage":24.0,"enemies":"2 Thieves","floor":20.0,"turns":4.0},{"damage":15.0,"enemies":"Chosen and Byrds","floor":22.0,"turns":5.0},{"damage":30.0,"enemies":"Book of Stabbing","floor":23.0,"turns":6.0},{"damage":68.0,"enemies":"Slavers","floor":25.0,"turns":9.0},{"damage":33.0,"enemies":"Gremlin Leader","floor":29.0,"turns":6.0},{"damage":32.0,"enemies":"Cultist and Chosen","floor":30.0,"turns":5.0},{"damage":9.0,"enemies":"Shelled Parasite and Fungi","floor":31.0,"turns":3.0},{"damage":92.0,"enemies":"Collector","floor":33.0,"turns":10.0},{"damage":30.0,"enemies":"3 Darklings","floor":35.0,"turns":6.0},{"damage":37.0,"enemies":"2 Orb Walkers","floor":36.0,"turns":5.0},{"damage":10.0,"enemies":"Mind Bloom Boss Battle","floor":37.0,"turns":7.0},{"damage":41.0,"enemies":"Giant Head","floor":40.0,"turns":6.0},{"damage":1.0,"enemies":"3 Shapes","floor":41.0,"turns":4.0},{"damage":32.0,"enemies":"Reptomancer","floor":44.0,"turns":5.0},{"damage":4.0,"enemies":"Transient","floor":45.0,"turns":6.0},{"damage":7.0,"enemies":"4 Shapes","floor":46.0,"turns":5.0},{"damage":37.0,"enemies":"Giant Head","floor":47.0,"turns":7.0},{"damage":105.0,"enemies":"Time Eater","floor":50.0,"turns":12.0},{"damage":111,"enemies":"Awakened One","floor":51,"turns":8}],"seed_played":"3688851202015452128","potions_obtained":[{"floor":1.0,"key":"Swift Potion"},{"floor":5.0,"key":"DuplicationPotion"},{"floor":12.0,"key":"CultistPotion"},{"floor":13.0,"key":"FearPotion"},{"floor":16.0,"key":"DistilledChaos"},{"floor":22.0,"key":"Explosive Potion"},{"floor":23.0,"key":"Ancient Potion"},{"floor":31.0,"key":"Block Potion"},{"floor":33.0,"key":"ColorlessPotion"},{"floor":36.0,"key":"BloodPotion"},{"floor":44.0,"key":"Fire Potion"}],"is_trial":false,"path_per_floor":["M","M","M","?","M","R","M","E","T","$","?","E","M","M","R","B",null,"M","?","M","$","M","E","?","E","T","R","$","E","M","M","R","B",null,"M","?","?","$","?","E","M","R","T","E","M","M","E","$","R","B","B"],"character_chosen":"IRONCLAD","items_purchased":["Orrery","Reaper","BloodPotion","Battle Trance","Lantern","Swift Potion","Vajra"],"campfire_rested":2,"item_purchase_floors":[10,21,28,38,38,38,48],"current_hp_per_floor":[61,63,68,73,70,70,64,44,44,59,59,41,42,34,62,42,81,82,82,71,86,94,77,77,31,31,31,46,108,102,106,106,83,102,101,80,111,111,111,96,114,114,114,120,120,120,120,120,120,52,0,0],"gold":8,"neow_bonus":"TWENTY_PERCENT_HP_BONUS","is_daily":false,"chose_seed":false,"campfire_upgraded":3,"win_rate":0.0,"timestamp":1613955693,"path_taken":["M","M","M","?","M","R","M","E","T","$","?","E","?","M","R","BOSS","M","?","?","$","?","E","?","E","T","R","$","E","M","M","R","BOSS","M","?","?","$","?","E","M","R","T","E","M","?","E","?","R","BOSS","BOSS"],"items_purchased_type":["Relic","Card","Potion","Card","Relic","Potion","Relic"],"build_version":"2020-12-22","purchased_purges":1,"victory":false,"max_hp_per_floor":[89,89,89,94,94,94,94,94,94,94,94,94,94,94,94,94,94,94,94,94,94,94,94,94,94,94,94,94,108,108,108,108,108,108,108,108,111,111,111,114,117,117,117,120,120,120,120,120,120,123,123,123],"relic_stats":{"counters":[30,175],"PreservedInsect":0,"Burning Blood":152,"Mercury Hourglass":[414],"Centennial Puzzle":[13],"Shuriken":[39],"Mummified Hand":[144],"Pantograph":52,"Bird Faced Urn":[58],"Snecko Eye":[241,249,246,255],"MealTicket":45,"obtain_stats":[{"Lantern":38,"Vajra":48,"Mango":29,"The Courier":43,"PreservedInsect":47,"Burning Blood":0,"Mercury Hourglass":25,"Anchor":40,"Centennial Puzzle":44,"Shuriken":12,"Mummified Hand":23,"Pantograph":24,"Bird Faced Urn":36,"Orrery":10,"Snecko Eye":17,"MealTicket":8,"Fusion Hammer":34,"Bottled Lightning":26,"Pocketwatch":37},{"Lantern":22,"Vajra":28,"Mango":16,"The Courier":24,"PreservedInsect":28,"Burning Blood":0,"Mercury Hourglass":15,"Anchor":23,"Centennial Puzzle":25,"Shuriken":7,"Mummified Hand":14,"Pantograph":14,"Bird Faced Urn":21,"Orrery":6,"Snecko Eye":10,"MealTicket":6,"Fusion Hammer":19,"Bottled Lightning":15,"Pocketwatch":22},{"Lantern":122,"Vajra":155,"Mango":86,"The Courier":132,"PreservedInsect":155,"Burning Blood":0,"Mercury Hourglass":80,"Anchor":128,"Centennial Puzzle":137,"Shuriken":31,"Mummified Hand":71,"Pantograph":71,"Bird Faced Urn":115,"Orrery":25,"Snecko Eye":51,"MealTicket":25,"Fusion Hammer":104,"Bottled Lightning":80,"Pocketwatch":122}],"Pocketwatch":[25]},"card_choices":[{"not_picked":["Evolve","Wild Strike"],"picked":"Metallicize","floor":1.0},{"not_picked":["Cleave","Rage"],"picked":"Twin Strike","floor":2.0},{"not_picked":["Body Slam","Anger"],"picked":"Pommel Strike","floor":3.0},{"not_picked":["Battle Trance","Sword Boomerang"],"picked":"Shockwave","floor":5.0},{"not_picked":["Twin Strike","Pommel Strike","Havoc"],"picked":"SKIP","floor":7.0},{"not_picked":["Sever Soul","Burning Pact"],"picked":"Armaments","floor":8.0},{"not_picked":["Clash","Iron Wave"],"picked":"Dropkick","floor":10.0},{"not_picked":["Reckless Charge","Dual Wield"],"picked":"Burning Pact","floor":10.0},{"not_picked":["Heavy Blade","Thunderclap"],"picked":"Brutality","floor":10.0},{"not_picked":["Clash","Metallicize"],"picked":"Combust","floor":10.0},{"not_picked":["Body Slam","True Grit"],"picked":"Shrug It Off","floor":12.0},{"not_picked":["Shockwave","Immolate"],"picked":"Rupture","floor":13.0},{"not_picked":["Power Through","Pommel Strike"],"picked":"Disarm","floor":14.0},{"not_picked":["Limit Break","Double Tap"],"picked":"Reaper","floor":16.0},{"not_picked":["Clash","Twin Strike"],"picked":"Headbutt","floor":18.0},{"not_picked":["Second Wind","Burning Pact"],"picked":"Flame Barrier","floor":20.0},{"not_picked":["Clothesline","Reckless Charge"],"picked":"Disarm","floor":22.0},{"not_picked":["Infernal Blade","Cleave","Wild Strike"],"picked":"SKIP","floor":23.0},{"not_picked":["Cleave+1","Seeing Red"],"picked":"Blood for Blood","floor":25.0},{"not_picked":["Havoc","Rupture"],"picked":"Barricade","floor":29.0},{"not_picked":["Cleave","Pommel Strike"],"picked":"Heavy Blade","floor":30.0},{"not_picked":["Headbutt","Bloodletting","Iron Wave"],"picked":"SKIP","floor":31.0},{"not_picked":["Bludgeon","Double Tap"],"picked":"Feed","floor":33.0},{"not_picked":["Twin Strike+1","Heavy Blade"],"picked":"Body Slam+1","floor":35.0},{"not_picked":["Headbutt","Pommel Strike"],"picked":"Rupture","floor":36.0},{"not_picked":["Headbutt","Thunderclap+1"],"picked":"Whirlwind+1","floor":37.0},{"not_picked":["Immolate","Carnage","Thunderclap+1"],"picked":"SKIP","floor":40.0},{"not_picked":["Clothesline","Headbutt"],"picked":"Shrug It Off+1","floor":41.0},{"not_picked":["Intimidate+1","Demon Form"],"picked":"Carnage+1","floor":44.0},{"not_picked":["Burning Pact","Spot Weakness+1","Power Through"],"picked":"SKIP","floor":45.0},{"not_picked":["Thunderclap+1","True Grit","Wild Strike+1"],"picked":"SKIP","floor":46.0},{"not_picked":["Pommel Strike","Sentinel","Ghostly Armor"],"picked":"SKIP","floor":47.0}],"player_experience":453737,"relics_obtained":[{"floor":8.0,"key":"MealTicket"},{"floor":12.0,"key":"Shuriken"},{"floor":23.0,"key":"Mummified Hand"},{"floor":25.0,"key":"Mercury Hourglass"},{"floor":26.0,"key":"Bottled Lightning"},{"floor":29.0,"key":"Mango"},{"floor":36.0,"key":"Bird Faced Urn"},{"floor":37.0,"key":"Pocketwatch"},{"floor":40.0,"key":"Anchor"},{"floor":43.0,"key":"The Courier"},{"floor":44.0,"key":"Centennial Puzzle"},{"floor":47.0,"key":"PreservedInsect"}],"event_choices":[{"damage_healed":0.0,"max_hp_gain":5.0,"max_hp_loss":0.0,"gold_gain":0.0,"event_name":"Big Fish","player_choice":"Donut","floor":4.0,"gold_loss":0.0,"damage_taken":0.0},{"cards_removed":["Strike_R"],"damage_healed":0.0,"max_hp_gain":0.0,"max_hp_loss":0.0,"gold_gain":0.0,"event_name":"Bonfire Elementals","player_choice":"Offered Basic","floor":11.0,"gold_loss":0.0,"damage_taken":0.0},{"cards_removed":["Strike_R"],"damage_healed":0.0,"max_hp_gain":0.0,"max_hp_loss":0.0,"gold_gain":0.0,"event_name":"Purifier","player_choice":"Purged","floor":19.0,"gold_loss":0.0,"damage_taken":0.0},{"damage_healed":0.0,"max_hp_gain":0.0,"max_hp_loss":0.0,"gold_gain":0.0,"event_name":"Addict","player_choice":"Obtained Relic","floor":24.0,"gold_loss":85.0,"damage_taken":0.0,"relics_obtained":["Pantograph"]},{"damage_healed":0.0,"max_hp_gain":0.0,"max_hp_loss":0.0,"gold_gain":0.0,"event_name":"Mysterious Sphere","player_choice":"Fight","floor":36.0,"gold_loss":0.0,"damage_taken":0.0},{"damage_healed":0.0,"max_hp_gain":0.0,"max_hp_loss":0.0,"gold_gain":0.0,"event_name":"MindBloom","player_choice":"Fight","floor":37.0,"gold_loss":0.0,"damage_taken":0.0},{"damage_healed":0.0,"max_hp_gain":0.0,"max_hp_loss":0.0,"gold_gain":0.0,"event_name":"Wheel of Change","player_choice":"Full Heal","floor":39.0,"gold_loss":0.0,"damage_taken":0.0}],"is_beta":false,"boss_relics":[{"not_picked":["Black Star","Ectoplasm"],"picked":"Snecko Eye"},{"not_picked":["Tiny House","Mark of Pain"],"picked":"Fusion Hammer"}],"items_purged_floors":[21],"is_endless":false,"potions_floor_spawned":[1,5,12,13,16,18,22,23,31,33,36,37,44,45],"killed_by":"Awakened One","ascension_level":20}}