{"host":"63beink0jfv5ch5g","time":1613964469,"event":{"mods":["ATMod(°¢èªMod)","AchievementEnabler","Act Like it!","Aspiration","BaseMod","CapriCore","Conspire","Gensokyo","GungeonMod","Hallownest","Marisa£¨ìFÓê¡¡Ä§ÀíÉ³£©","Minty Spire (QoL Compilation)","MostiFishMod","Pale of the Ancients","Quick Restart","Reimu£¨²©ÀöÁéÃÎ£©","Replay The Spire","SOS£¨Ë¹°Í´ïÖ®×Ó£©","Shop Mod","StSLib","The Bug Knight","Waifu the Spire","óô»ðÖ¸ÄÏ"],"gold_per_floor":[110,124,124,140,152,167,186,38,64,79,79,79,0,27,27,131,131,145,145,181,195,102,129,9,9,88,123,123,152,172,186,186,288,288,301,211,211,60,75,105,121,221,221,428,448,471,490,525,525,525,525,525,53,85,85],"floor_reached":56,"language":"ZHS","playtime":4118,"items_purged":[],"score":1532,"play_id":"21f02d68-7128-4d2a-9ec3-d42984fe1edf","local_time":"20210222112749","daily_mods":["Shiny","Hoarder","Terminal"],"is_ascension_mode":false,"campfire_choices":[{"data":"SubcavityFantasy:ReiMu","floor":15.0,"key":"SMITH"},{"data":"HakureiPhantom:ReiMu","floor":28.0,"key":"SMITH"},{"data":"CleanRite:ReiMu","floor":32.0,"key":"SMITH"},{"floor":49.0,"key":"RECALL"},{"data":"KyokaiOfKami:ReiMu","floor":52.0,"key":"SMITH"}],"circlet_count":0,"master_deck":["Free:ReiMu","Determination:ReiMu","RunawayExorcism:ReiMu","CeremonyResonance:ReiMu","HakureiPhantom:ReiMu+1","DependentForm:ReiMu","CleanRite:ReiMu+1","KyokaiOfKami:ReiMu+1","YinYang:ReiMu","Shading:ReiMu","OctopathSalyBorderN:ReiMu","Dreaming:ReiMu","PrayRite:ReiMu","SubcavityFantasy:ReiMu+1","KamiRite:ReiMu","Authority:ReiMu","BlastKick2:ReiMu","CardOfSanctity:ReiMu+1","AT_FamilyPortrait","AT_FamilyPortrait","AT_FamilyPortrait","SpringWay:ReiMu","SpringWay:ReiMu","SpringWay:ReiMu","Amulet:ReiMu","Amulet:ReiMu+1","Amulet:ReiMu","RainPray2:ReiMu","RainPray2:ReiMu","RainPray2:ReiMu","MostiFishMod:ButterFly","MostiFishMod:ButterFly","MostiFishMod:ButterFly","RainPray2:ReiMu","RainPray2:ReiMu","RainPray2:ReiMu","PrayRite:ReiMu","PrayRite:ReiMu","PrayRite:ReiMu","Meditation:ReiMu+1","Meditation:ReiMu+1","Meditation:ReiMu+1","Flash of Steel","Flash of Steel","Flash of Steel","Parasite","Parasite","Parasite","RainPray2:ReiMu","RainPray2:ReiMu","RainPray2:ReiMu","Crow Ritual+1","Crow Ritual+1","Crow Ritual+1"],"relics":["FlyPower:ReiMu","DaveBox","AT_ATBox","SynthV:C4","SynthV:TestCard","Hallownest:DreamNailRelic","Juzu Bracelet","AT_BladeRuinedKing","ReplayTheSpireMod:Lightbulb","War Paint","conspire:RunicOctahedron","DemoMod:ClearGuonStone","Girya","Gensokyo:FoxMask","Meat on the Bone","conspire:Flyswatter","Thread and Needle","AT_ArcaneBoots","conspire:BottledYoYo","Happy Flower","Molten Egg 2","Boot","BrkXgEgg","Mercury Hourglass"],"acts_visited":["Exordium","Hallownest:Greenpath","TheBeyond","TheEnding"],"potions_floor_usage":[55,55,55],"damage_taken":[{"damage":1.0,"enemies":"Hallownest:2_Baldur","floor":1.0,"turns":2.0},{"damage":0.0,"enemies":"Hallownest:2_Tiktiks_and_1_Crawlid","floor":2.0,"turns":2.0},{"damage":4.0,"enemies":"Hallownest:2_MossCreeps","floor":4.0,"turns":4.0},{"damage":2.0,"enemies":"Hallownest:Guard_and_Warrior","floor":5.0,"turns":3.0},{"damage":3.0,"enemies":"Hallownest:2_Tiktiks_1_Baldur_1_Crawlid","floor":6.0,"turns":1.0},{"damage":0.0,"enemies":"Hallownest:monsterAspidMother","floor":7.0,"turns":5.0},{"damage":0.0,"enemies":"Hallownest:Guard_and_Warrior","floor":10.0,"turns":2.0},{"damage":12.0,"enemies":"Hallownest:BossHornet","floor":16.0,"turns":7.0},{"damage":0.0,"enemies":"Gensokyo:2_Gloops","floor":18.0,"turns":5.0},{"damage":2.0,"enemies":"conspire:MimicChest","floor":20.0,"turns":5.0},{"damage":0.0,"enemies":"Gensokyo:CosmicMonolith","floor":21.0,"turns":4.0},{"damage":1.0,"enemies":"Gensokyo:Koishi","floor":23.0,"turns":3.0},{"damage":0.0,"enemies":"Gensokyo:Reisen","floor":27.0,"turns":5.0},{"damage":1.0,"enemies":"Gensokyo:Koishi","floor":29.0,"turns":5.0},{"damage":0.0,"enemies":"Gensokyo:Swordslinger","floor":30.0,"turns":1.0},{"damage":0.0,"enemies":"Gensokyo:Slime_Group","floor":31.0,"turns":3.0},{"damage":0.0,"enemies":"Gensokyo:Eternal_Rivals","floor":33.0,"turns":3.0},{"damage":0.0,"enemies":"3 Darklings","floor":35.0,"turns":1.0},{"damage":0.0,"enemies":"Orb Walker","floor":39.0,"turns":3.0},{"damage":6.0,"enemies":"Nemesis","floor":40.0,"turns":5.0},{"damage":0.0,"enemies":"Writhing Mass","floor":41.0,"turns":3.0},{"damage":0.0,"enemies":"Spire Growth","floor":45.0,"turns":4.0},{"damage":0.0,"enemies":"3 Darklings","floor":47.0,"turns":1.0},{"damage":0.0,"enemies":"Reptomancer","floor":48.0,"turns":5.0},{"damage":0.0,"enemies":"Time Eater","floor":50.0,"turns":8.0},{"damage":7.0,"enemies":"Shield and Spear","floor":54.0,"turns":2.0},{"damage":23,"enemies":"The Heart","floor":55,"turns":5}],"seed_played":"-5279568963687377232","potions_obtained":[{"floor":1.0,"key":"Reflective Coating"},{"floor":4.0,"key":"AttackPotion"},{"floor":16.0,"key":"DistilledChaos"},{"floor":23.0,"key":"Reflective Coating"},{"floor":35.0,"key":"PinkPotion:ReiMu"},{"floor":40.0,"key":"Elixir"}],"is_trial":true,"path_per_floor":["M","M","?","M","M","M","M","$","T","M","?","?","?","T","R","B",null,"M","?","?","M","$","E","?","?","T","E","R","E","M","M","R","B",null,"M","$","?","$","M","E","M","?","T","?","M","T","M","E","R","B",null,"R","$","E","B",null],"character_chosen":"REIMU","items_purchased":["Juzu Bracelet","MostiFishMod:ButterFly","Flash of Steel","AT_SpeedBoots","Boot","BrkXgEgg","Crow Ritual+1"],"campfire_rested":0,"item_purchase_floors":[8,22,36,38,53,53,53],"current_hp_per_floor":[63,62,61,57,55,52,52,52,52,52,53,58,57,56,55,43,53,53,52,50,50,49,48,47,46,45,44,43,42,41,40,39,38,37,36,35,34,33,32,26,30,29,28,21,26,25,24,23,22,21,20,19,18,17,15],"gold":85,"neow_bonus":"","is_daily":false,"chose_seed":false,"campfire_upgraded":4,"win_rate":0.0,"timestamp":1613964469,"path_taken":["M","M","?","M","M","?","M","$","T","M","?","?","?","?","R","BOSS","M","?","?","M","$","E","?","?","T","E","R","E","M","M","R","BOSS","M","?","?","$","M","E","M","?","T","?","M","?","M","E","R","BOSS","R","$","E","BOSS"],"items_purchased_type":["Relic","Card","Card","Relic","Relic","Relic","Card"],"build_version":"2020-12-22","purchased_purges":0,"victory":true,"max_hp_per_floor":[63,62,61,60,59,58,57,56,55,54,53,58,57,56,55,54,53,53,52,51,50,49,48,47,46,45,44,43,42,41,40,39,38,37,36,35,34,33,32,31,30,29,28,27,26,25,24,23,22,21,20,19,18,17,15],"card_choices":[{"not_picked":["SealNeedle:ReiMu","DoubleButterfly:ReiMu","SubcavityInstant:ReiMu"],"picked":"SKIP","floor":1.0},{"not_picked":["Crusade:ReiMu","TightArray:ReiMu","PassingAway:ReiMu","Intuition:ReiMu"],"picked":"SpringWay:ReiMu","floor":2.0},{"not_picked":["TightArray:ReiMu","SpringWay:ReiMu","SubcavityInstant:ReiMu","EmergencyTakeOff:ReiMu","AlertArray:ReiMu"],"picked":"SKIP","floor":4.0},{"not_picked":["WonderfulDomain:ReiMu","CleanRite:ReiMu","ForcedLanding:ReiMu","FantasyMoon:ReiMu","FantasyBorder:ReiMu"],"picked":"SKIP","floor":5.0},{"not_picked":["NineCharacters:ReiMu","Intuition:ReiMu","SubcavityInstant:ReiMu","MikOfLucky:ReiMu"],"picked":"Amulet:ReiMu","floor":6.0},{"not_picked":["TightArray:ReiMu","CareerPray:ReiMu","SafetyPray:ReiMu","SpreadBorder2:ReiMu","Enchanting:ReiMu"],"picked":"SKIP","floor":7.0},{"not_picked":["OctopathBindingBorder2:ReiMu","AirStrike:ReiMu","YinYang:ReiMu","EmergencyTakeOff:ReiMu","NineCharacters:ReiMu"],"picked":"SKIP","floor":10.0},{"not_picked":["Meditation:ReiMu","LearningPray:ReiMu","SafetyPray:ReiMu","Conquer:ReiMu"],"picked":"RainPray2:ReiMu","floor":18.0},{"not_picked":["CareerPray:ReiMu","WonderfulDomain:ReiMu","Mountainwind:ReiMu","Conquer:ReiMu","Shading:ReiMu"],"picked":"SKIP","floor":21.0},{"not_picked":["Free:ReiMu","SpreadBorder2:ReiMu","AlertArray:ReiMu","TightArray:ReiMu"],"picked":"RainPray2:ReiMu","floor":23.0},{"not_picked":["AirManeuver:ReiMu","AlertArray:ReiMu","SubAcupoint:ReiMu","AirStrike:ReiMu+1","OrbThrow:ReiMu"],"picked":"SKIP","floor":27.0},{"not_picked":["PrayRite:ReiMu","OrbThrow:ReiMu","EmergencyTakeOff:ReiMu","CareerPray:ReiMu","CleanRite:ReiMu"],"picked":"SKIP","floor":29.0},{"not_picked":["OrbThrow:ReiMu","EmergencyTakeOff:ReiMu","CareerPray:ReiMu","CleanRite:ReiMu"],"picked":"PrayRite:ReiMu","floor":29.0},{"not_picked":["Gathering:ReiMu","SpringWay:ReiMu+1","PrepareRite:ReiMu","AirStrike:ReiMu","Conquer:ReiMu"],"picked":"SKIP","floor":30.0},{"not_picked":["WonderfulDomain:ReiMu","LovePray:ReiMu","SpringWay:ReiMu","UpKicking:ReiMu+1"],"picked":"Meditation:ReiMu+1","floor":31.0},{"not_picked":["Mountainwind:ReiMu+1","SpringWay:ReiMu+1","Gathering:ReiMu+1","SubcavityInstant:ReiMu","Enchanting:ReiMu+1"],"picked":"SKIP","floor":35.0},{"not_picked":["FantasyMoon:ReiMu+1","AirStrike:ReiMu","SafetyPray:ReiMu","TightArray:ReiMu+1","Enchanting:ReiMu"],"picked":"SKIP","floor":39.0},{"not_picked":["LearningPray:ReiMu","Intuition:ReiMu+1","SubcavityInstant:ReiMu","InherentArray:ReiMu","Enchanting:ReiMu+1"],"picked":"SKIP","floor":40.0},{"not_picked":["CardOfSanctity:ReiMu","CareerPray:ReiMu","Enchanting:ReiMu","Conquer:ReiMu+1","TightArray:ReiMu+1"],"picked":"SKIP","floor":41.0},{"not_picked":["OrbThrow:ReiMu","Enchanting:ReiMu+1","SealNeedle:ReiMu+1","FineLineFantasy:ReiMu","FoulBorder2:ReiMu+1"],"picked":"SKIP","floor":45.0},{"not_picked":["Dreaming:ReiMu","UpKicking:ReiMu+1","Meditation:ReiMu","SubcavityInstant:ReiMu"],"picked":"RainPray2:ReiMu","floor":47.0},{"not_picked":["Enchanting:ReiMu+1","AirManeuver:ReiMu+1","FantasyMoon:ReiMu+1","MikOfLucky:ReiMu+1","Dreaming2:ReiMu+1"],"picked":"SKIP","floor":48.0},{"not_picked":["Conquer:ReiMu+1","FantasyMoon:ReiMu+1","OrbThrow:ReiMu+1","Crusade:ReiMu+1","Enchanting:ReiMu+1"],"picked":"SKIP","floor":54.0}],"player_experience":181051,"relics_obtained":[{"floor":1.0,"key":"SynthV:TestCard"},{"floor":9.0,"key":"AT_BladeRuinedKing"},{"floor":14.0,"key":"War Paint"},{"floor":20.0,"key":"DemoMod:ClearGuonStone"},{"floor":23.0,"key":"Girya"},{"floor":26.0,"key":"Meat on the Bone"},{"floor":27.0,"key":"conspire:Flyswatter"},{"floor":29.0,"key":"Thread and Needle"},{"floor":40.0,"key":"conspire:BottledYoYo"},{"floor":46.0,"key":"Happy Flower"},{"floor":48.0,"key":"Molten Egg 2"},{"floor":54.0,"key":"Mercury Hourglass"}],"event_choices":[{"damage_healed":0.0,"max_hp_gain":0.0,"max_hp_loss":0.0,"gold_gain":0.0,"event_name":"conspire:Investor","player_choice":"Leave","floor":37.0,"gold_loss":0.0,"damage_taken":0.0},{"damage_healed":0.0,"max_hp_gain":0.0,"max_hp_loss":0.0,"gold_gain":100.0,"event_name":"Golden Shrine","player_choice":"Pray","floor":42.0,"gold_loss":0.0,"damage_taken":0.0}],"is_beta":false,"boss_relics":[{"not_picked":["PatriotShield","MoonlightInvasionPlan"],"picked":"conspire:RunicOctahedron"},{"not_picked":["Snecko Eye","Empty Cage","aspiration:SecretTechniqueScroll"]}],"items_purged_floors":[],"is_endless":false,"potions_floor_spawned":[1,4,16,23,29,30,31,35,40,41,47],"ascension_level":0}}