{"host":"xauhhfeuacw2ajt1","time":1613978030,"event":{"mods":["BaseMod","GifTheSpireLib","KinomotoSakuraMod(????)","Minty Spire (QoL Compilation)","StSLib","The Senshi"],"gold_per_floor":[111,111,127,143,3,32,51,81,107,107,117,117,117,136,136,239,239,255,101,114,74,89,89,106,106,129,140,159,193,193,208,208,304,304,315,331,297,297,312,312,322,322,322,322,342,57,57,68,68,68,68,68,17,17,17],"floor_reached":54,"language":"ENG","playtime":4101,"items_purged":[],"score":713,"play_id":"1ff7141b-ddd7-4be0-9d71-de64b3da4f27","local_time":"20210222091350","is_ascension_mode":false,"campfire_choices":[{"floor":10.0,"key":"RECALL"},{"data":"theSenshi:MoonHealingEscalation","floor":12.0,"key":"SMITH"},{"data":"theSenshi:SaturnsMystery","floor":15.0,"key":"SMITH"},{"data":"theSenshi:MoonPrincessHalation","floor":23.0,"key":"SMITH"},{"data":"theSenshi:MercurysCunning","floor":25.0,"key":"SMITH"},{"data":"theSenshi:CrisisMakeUp","floor":32.0,"key":"SMITH"},{"data":"Ghostly","floor":40.0,"key":"SMITH"},{"data":"theSenshi:SailorSaturnAssists","floor":47,"key":"SMITH"},{"data":"theSenshi:SailorPlanetPower","floor":49,"key":"SMITH"},{"data":"Ghostly","floor":52,"key":"SMITH"}],"circlet_count":0,"master_deck":["theSenshi:SailorKick","theSenshi:SailorKick","theSenshi:SailorKick","theSenshi:SailorKick","theSenshi:SailorBlock","theSenshi:SailorBlock","theSenshi:SailorBlock","theSenshi:SailorBlock+1","theSenshi:RoseThrow","theSenshi:MoonPrismPowerMakeUp+1","theSenshi:SailorVenusAssists+1","theSenshi:TallSilhouette","theSenshi:SailorPlanetPower+1","theSenshi:MoonTiaraMagic","theSenshi:MoonTiaraMagic","theSenshi:MoonPunch","theSenshi:MoonHealingEscalation+1","theSenshi:SaturnsMystery+1","theSenshi:MercurysCunning+1","theSenshi:MoonPrincessHalation+1","theSenshi:MoonTiaraMagic","theSenshi:StudyParty","theSenshi:MoonKick","theSenshi:MoonCosmicPowerMakeUp","theSenshi:SailorMarsAssists","theSenshi:TuxedoSmokingBomber","theSenshi:UranusStrength","theSenshi:SailorJupiterAssists","theSenshi:RainbowMoonHeartAche","theSenshi:MoonPrincessHalation+1","theSenshi:CrisisMakeUp+1","theSenshi:SaturnsMystery+1","Ghostly","Ghostly","Ghostly+1","Ghostly","theSenshi:Sidestep","theSenshi:MoonGorgeousMeditation+1","theSenshi:MoonTiaraMagic","theSenshi:MoonTwilightFlash+1","theSenshi:SailorNeptuneAssists","theSenshi:SchoolBag+1","theSenshi:MoonPunch","theSenshi:MoonTiaraMagic","theSenshi:SailorSaturnAssists+1","theSenshi:VenusGlamour+1"],"relics":["theSenshi:TransformationBroochRelic","PreservedInsect","theSenshi:CrystalStarRelic","theSenshi:TiaraRelic","Coffee Dripper","Strawberry","theSenshi:MoonKaleidoScopeRelic","Pen Nib","theSenshi:CosmicHeartCompactRelic"],"acts_visited":["Exordium","TheCity","TheBeyond","TheEnding"],"potions_floor_usage":[50,50],"damage_taken":[{"damage":1.0,"enemies":"Small Slimes","floor":1.0,"turns":3.0},{"damage":0.0,"enemies":"Cultist","floor":3.0,"turns":3.0},{"damage":6.0,"enemies":"2 Louse","floor":4.0,"turns":3.0},{"damage":36.0,"enemies":"3 Sentries","floor":6.0,"turns":10.0},{"damage":22.0,"enemies":"Red Slaver","floor":7.0,"turns":4.0},{"damage":13.0,"enemies":"Large Slime","floor":11.0,"turns":5.0},{"damage":0.0,"enemies":"2 Fungi Beasts","floor":14.0,"turns":3.0},{"damage":48.0,"enemies":"Hexaghost","floor":16.0,"turns":15.0},{"damage":24.0,"enemies":"Spheric Guardian","floor":18.0,"turns":5.0},{"damage":14.0,"enemies":"2 Thieves","floor":20.0,"turns":3.0},{"damage":4.0,"enemies":"Chosen and Byrds","floor":22.0,"turns":3.0},{"damage":44.0,"enemies":"Snake Plant","floor":24.0,"turns":6.0},{"damage":8.0,"enemies":"Centurion and Healer","floor":27.0,"turns":6.0},{"damage":10.0,"enemies":"Cultist and Chosen","floor":28.0,"turns":5.0},{"damage":22.0,"enemies":"Book of Stabbing","floor":29.0,"turns":5.0},{"damage":12.0,"enemies":"3 Cultists","floor":31.0,"turns":7.0},{"damage":55.0,"enemies":"Collector","floor":33.0,"turns":10.0},{"damage":18.0,"enemies":"3 Darklings","floor":35.0,"turns":7.0},{"damage":1.0,"enemies":"Orb Walker","floor":36.0,"turns":3.0},{"damage":0.0,"enemies":"Jaw Worm Horde","floor":39.0,"turns":5.0},{"damage":4.0,"enemies":"Spire Growth","floor":41.0,"turns":6.0},{"damage":22,"enemies":"3 Darklings","floor":45,"turns":5},{"damage":0,"enemies":"Maw","floor":48,"turns":7},{"damage":38,"enemies":"Awakened One","floor":50,"turns":12},{"damage":45,"enemies":"Shield and Spear","floor":54,"turns":3}],"seed_played":"6982888355212591186","potions_obtained":[{"floor":1.0,"key":"Explosive Potion"},{"floor":6.0,"key":"Dexterity Potion"},{"floor":11.0,"key":"ColorlessPotion"},{"floor":14.0,"key":"Fruit Juice"},{"floor":18.0,"key":"DistilledChaos"},{"floor":22.0,"key":"Explosive Potion"},{"floor":24.0,"key":"SteroidPotion"},{"floor":31.0,"key":"PowerPotion"},{"floor":35.0,"key":"AttackPotion"},{"floor":41.0,"key":"Fire Potion"}],"is_trial":false,"path_per_floor":["M","?","M","M","$","E","M","?","T","R","M","R","?","M","R","B",null,"M","$","M","?","M","R","M","R","T","M","M","E","?","M","R","B",null,"M","M","$","?","M","R","M","?","T","?","M","$","R","M","R","B",null,"R","$","E"],"character_chosen":"THE_SENSHI","items_purchased":["theSenshi:MoonTiaraMagic","theSenshi:MoonPunch","theSenshi:MoonHealingEscalation","theSenshi:MoonCosmicPowerMakeUp","theSenshi:SailorMarsAssists","theSenshi:TuxedoSmokingBomber","theSenshi:SailorNeptuneAssists","theSenshi:CosmicHeartCompactRelic","theSenshi:SailorSaturnAssists","SpeedPotion"],"campfire_rested":0,"item_purchase_floors":[5,5,5,19,19,19,37,46,46,53],"current_hp_per_floor":[74,74,74,68,68,42,35,35,35,35,39,39,39,54,54,43,80,56,56,44,44,57,57,40,40,40,61,68,69,43,38,38,29,43,41,42,42,42,43,43,43,43,43,41,21,21,21,41,41,41,41,41,41,0,0],"gold":17,"neow_bonus":"THREE_CARDS","is_daily":false,"chose_seed":false,"campfire_upgraded":9,"win_rate":0.0,"timestamp":1613978030,"path_taken":["M","?","M","M","$","E","M","?","T","R","M","R","?","?","R","BOSS","M","$","?","?","M","R","?","R","T","M","M","E","?","M","R","BOSS","M","M","$","?","?","R","M","?","T","?","M","?","R","M","R","BOSS","R","$","E"],"items_purchased_type":["Card","Card","Card","Card","Card","Card","Card","Relic","Card","Potion"],"build_version":"2020-12-22","purchased_purges":0,"victory":false,"max_hp_per_floor":[75,75,75,75,75,75,75,75,75,75,75,75,75,80,80,80,80,80,80,80,80,80,80,80,80,80,80,80,87,43,43,43,43,43,43,43,43,43,43,43,43,43,43,41,41,41,41,41,41,41,41,41,41,41,41],"card_choices":[{"not_picked":["theSenshi:LateForSchool","theSenshi:SailorV"],"picked":"theSenshi:SailorVenusAssists","floor":0.0},{"not_picked":["theSenshi:MoonTwilightFlash","theSenshi:OdangoHead"],"picked":"theSenshi:TallSilhouette","floor":1.0},{"not_picked":["theSenshi:SupersonicWaves","theSenshi:LunasBite"],"picked":"theSenshi:SailorPlanetPower","floor":3.0},{"not_picked":["theSenshi:MoonCosmicPowerMakeUp","theSenshi:MercurysCunning"],"picked":"theSenshi:MoonTiaraMagic","floor":4.0},{"not_picked":["theSenshi:MoonHealingEscalation","theSenshi:MoonPunch"],"picked":"theSenshi:SaturnsMystery","floor":6.0},{"not_picked":["theSenshi:YouCanTalk","theSenshi:EncouragingSpeech"],"picked":"theSenshi:MercurysCunning","floor":7.0},{"not_picked":["theSenshi:MoonTiaraMagic","theSenshi:SailorUranusAssists"],"picked":"theSenshi:MoonPrincessHalation","floor":11.0},{"not_picked":["theSenshi:MoonSpiralHeartAttack","theSenshi:SchoolBag"],"picked":"theSenshi:MoonTiaraMagic","floor":14.0},{"not_picked":["theSenshi:WarriorOfTheMoon","theSenshi:SilverCrystal"],"picked":"theSenshi:StudyParty","floor":16.0},{"not_picked":["theSenshi:LunasBite","theSenshi:SupersonicWaves"],"picked":"theSenshi:MoonKick","floor":18.0},{"not_picked":["theSenshi:SailorMarsAssists+1","theSenshi:HesSoDreamy"],"picked":"theSenshi:UranusStrength","floor":20.0},{"not_picked":["theSenshi:SailorMercuryAssists","theSenshi:MoonPrincessHalation+1"],"picked":"theSenshi:SailorJupiterAssists","floor":22.0},{"not_picked":["theSenshi:DramaticEntrance","theSenshi:MoonsReflection+1"],"picked":"theSenshi:RainbowMoonHeartAche","floor":24.0},{"not_picked":["theSenshi:HesSoDreamy","theSenshi:SailorChibiMoonAssists"],"picked":"theSenshi:MoonPrincessHalation+1","floor":27.0},{"not_picked":["theSenshi:SailorMarsAssists+1","theSenshi:MoonGorgeousMeditation"],"picked":"theSenshi:CrisisMakeUp","floor":28.0},{"not_picked":["theSenshi:MercurysCunning+1","theSenshi:TuxedoMaskAssists"],"picked":"theSenshi:SaturnsMystery+1","floor":29.0},{"not_picked":["theSenshi:SailorJupiterAssists","theSenshi:SteeledNerves"],"picked":"theSenshi:Sidestep","floor":31.0},{"not_picked":["theSenshi:StarlightHoneymoonTherapyKiss","theSenshi:SilverMoonCrystalPowerKiss"],"picked":"theSenshi:MoonGorgeousMeditation","floor":33.0},{"not_picked":["theSenshi:KlutzyLuck","theSenshi:InTheNickOfTime"],"picked":"theSenshi:MoonTiaraMagic","floor":35.0},{"not_picked":["theSenshi:MoonKick","theSenshi:SailorPlanetPower"],"picked":"theSenshi:MoonTwilightFlash+1","floor":36.0},{"not_picked":["theSenshi:MercurysCunning+1","theSenshi:TallSilhouette"],"picked":"theSenshi:SchoolBag+1","floor":39.0},{"not_picked":["theSenshi:LateForSchool","theSenshi:UranusStrength+1"],"picked":"theSenshi:MoonPunch","floor":41.0},{"not_picked":["theSenshi:MoonPunch","theSenshi:SteeledNerves"],"picked":"theSenshi:MoonTiaraMagic","floor":45},{"not_picked":["theSenshi:MarsPride+1","theSenshi:SailorStarFighterAssists+1"],"picked":"theSenshi:VenusGlamour+1","floor":48}],"player_experience":206796,"relics_obtained":[{"floor":6.0,"key":"PreservedInsect"},{"floor":9.0,"key":"theSenshi:TiaraRelic"},{"floor":29.0,"key":"Strawberry"},{"floor":43,"key":"Pen Nib"}],"event_choices":[{"damage_healed":0.0,"max_hp_gain":0.0,"max_hp_loss":0.0,"gold_gain":0.0,"event_name":"Living Wall","player_choice":"Grow","floor":2.0,"gold_loss":0.0,"damage_taken":0.0,"cards_upgraded":["theSenshi:MoonPrismPowerMakeUp"]},{"damage_healed":0.0,"max_hp_gain":0.0,"max_hp_loss":0.0,"gold_gain":30.0,"event_name":"Dead Adventurer","player_choice":"Searched \u00272\u0027 times","floor":8.0,"gold_loss":0.0,"damage_taken":0.0,"relics_obtained":["theSenshi:CrystalStarRelic"]},{"damage_healed":0.0,"max_hp_gain":0.0,"max_hp_loss":0.0,"gold_gain":0.0,"event_name":"NoteForYourself","player_choice":"Ignored","floor":13.0,"gold_loss":0.0,"damage_taken":0.0},{"damage_healed":0.0,"max_hp_gain":0.0,"max_hp_loss":0.0,"gold_gain":0.0,"event_name":"Designer","player_choice":"Upgraded Two","floor":21.0,"gold_loss":40.0,"damage_taken":0.0,"cards_upgraded":["theSenshi:SailorVenusAssists","theSenshi:SailorBlock"]},{"damage_healed":0.0,"max_hp_gain":0.0,"max_hp_loss":44.0,"gold_gain":0.0,"event_name":"Ghosts","player_choice":"Became a Ghost","floor":30.0,"gold_loss":0.0,"damage_taken":0.0,"cards_obtained":["Ghostly","Ghostly","Ghostly","Ghostly","Ghostly"]},{"damage_healed":0.0,"max_hp_gain":0.0,"max_hp_loss":0.0,"gold_gain":0.0,"event_name":"Upgrade Shrine","player_choice":"Upgraded","floor":38.0,"gold_loss":0.0,"damage_taken":0.0,"cards_upgraded":["theSenshi:MoonGorgeousMeditation"]},{"cards_removed":["Ghostly"],"damage_healed":0.0,"max_hp_gain":0.0,"max_hp_loss":0.0,"gold_gain":0.0,"event_name":"Falling","player_choice":"Removed Skill","floor":42.0,"gold_loss":0.0,"damage_taken":0.0},{"damage_healed":0,"gold_gain":0,"player_choice":"Max HP","damage_taken":0,"max_hp_gain":0,"max_hp_loss":2,"event_name":"Winding Halls","floor":44,"gold_loss":0}],"is_beta":false,"boss_relics":[{"not_picked":["SacredBark","Empty Cage"],"picked":"Coffee Dripper"},{"not_picked":["Black Star","Velvet Choker"],"picked":"theSenshi:MoonKaleidoScopeRelic"}],"items_purged_floors":[],"is_endless":false,"potions_floor_spawned":[1,6,11,14,18,22,24,31,35,36,41],"killed_by":"Shield and Spear","ascension_level":0}}