{"host":"nsiiwrl41ak9l0n5","time":1613976381,"event":{"mods":["100% Spire Juice","Act Like it!","BaseMod","Better Altar","Better Match","Better Note","Better Sensory Stone","Better Skull","BetterRewards","Colored Map","Colored Powertips","Downfall","Emptier Cage","GifTheSpireLib","HexUI Lib","Highlight Path","MarisaÅiñ∂âJÅ@ñÇóùçπÅj","Minty Spire (QoL Compilation)","Permanent Neow","Quick Restart","Rare Cards Sparkle","Relic Sorter","SacredBarkPlus","StSLib","The Cursed","The Servant 0.9.4"],"gold_per_floor":[110,122,122,134,154,154,183,183,207,241,241,416,433,214,214,214,214],"floor_reached":16,"language":"ENG","playtime":1546,"items_purged":["Doubt"],"score":110,"play_id":"5dec6dd8-cae0-4cd8-8a3b-a5a91f8a3693","local_time":"20210222164621","is_ascension_mode":false,"campfire_choices":[{"floor":6,"key":"REST"},{"data":"Ricochet","floor":8,"key":"SMITH"},{"floor":11,"key":"REST"},{"floor":15,"key":"REST"}],"circlet_count":0,"master_deck":["Strike_S","Strike_S","Strike_S","Strike_S","Defend_S+1","Defend_S","Defend_S","KidneyShot","Exchange+1","SurpressingFire","FastForward","Ricochet+1","Starlight","Rearm"],"relics":["Uniform","War Paint","Anchor","Oddly Smooth Stone","Nunchaku","Chemical X"],"acts_visited":["Exordium"],"potions_floor_usage":[7,10],"damage_taken":[{"damage":6,"enemies":"2 Louse","floor":1,"turns":3},{"damage":0,"enemies":"Cultist","floor":2,"turns":5},{"damage":0,"enemies":"Small Slimes","floor":4,"turns":5},{"damage":13,"enemies":"2 Fungi Beasts","floor":5,"turns":4},{"damage":4,"enemies":"3 Sentries","floor":7,"turns":5},{"damage":32,"enemies":"Gremlin Nob","floor":10,"turns":6},{"damage":0,"enemies":"Red Slaver","floor":13,"turns":6},{"damage":65,"enemies":"Slime Boss","floor":16,"turns":11}],"seed_played":"8411234271220748357","potions_obtained":[{"floor":1,"key":"BlessingOfTheForge"},{"floor":4,"key":"Fire Potion"}],"is_trial":false,"path_per_floor":["M","M","?","M","M","R","E","R","T","E","R","?","M","$","R","B"],"character_chosen":"THE_SERVANT","items_purchased":["Chemical X"],"campfire_rested":3,"item_purchase_floors":[14],"current_hp_per_floor":[59,59,59,59,46,65,61,61,61,29,48,48,48,48,65,0,0],"gold":214,"neow_bonus":"RANDOM_COMMON_RELIC","is_daily":false,"chose_seed":false,"campfire_upgraded":1,"win_rate":0.0,"timestamp":1613976381,"path_taken":["M","M","?","?","M","R","E","R","T","E","R","?","M","$","R","BOSS"],"items_purchased_type":["Relic"],"build_version":"2020-12-22","purchased_purges":1,"victory":false,"max_hp_per_floor":[65,65,65,65,65,65,65,65,65,65,65,65,65,65,65,65,65],"card_choices":[{"not_picked":["Gouge","Rearm"],"picked":"SurpressingFire","floor":1},{"not_picked":["Reset","Defy"],"picked":"FastForward","floor":2},{"not_picked":["TimeWarp","Shuttle","Read"],"picked":"SKIP","floor":4},{"not_picked":["Read","Unruled"],"picked":"Ricochet","floor":5},{"not_picked":["ShatteredReality","TimeWarp"],"picked":"Starlight","floor":7},{"not_picked":["FastForward","Unruled"],"picked":"Rearm","floor":10},{"not_picked":["StarChef","Read","SurpressingFire"],"picked":"SKIP","floor":13}],"player_experience":200030,"relics_obtained":[{"floor":7,"key":"Anchor"},{"floor":9,"key":"Oddly Smooth Stone"},{"floor":10,"key":"Nunchaku"}],"event_choices":[{"cards_removed":["Defend_S"],"damage_healed":0,"gold_gain":0,"player_choice":"Offered Basic","damage_taken":0,"max_hp_gain":0,"max_hp_loss":0,"event_name":"Bonfire Elementals","floor":3,"gold_loss":0},{"damage_healed":0,"gold_gain":175,"player_choice":"AGREE","damage_taken":0,"max_hp_gain":0,"max_hp_loss":0,"event_name":"Liars Game","floor":12,"gold_loss":0,"cards_obtained":["Doubt"]}],"is_beta":false,"boss_relics":[],"items_purged_floors":[14],"is_endless":false,"potions_floor_spawned":[1,4],"killed_by":"Slime Boss","ascension_level":0}}