{"host":"nptej036rrbiurf5","time":1613957394,"event":{"mods":["BaseMod","Colored Map","Colored Powertips","DeckTracker","Minty Spire (QoL Compilation)","StSLib","SuperFastMode"],"gold_per_floor":[113,125,125,125,135,135,146,146,196,36,36,54,88,104,104,178,178,190,204,204,223,67,67,67,67],"floor_reached":24,"language":"KOR","playtime":448,"items_purged":["Strike_P","Strike_P"],"score":416,"play_id":"752c82a5-6f36-47db-9594-4ae81e95125b","local_time":"20210222102954","is_ascension_mode":true,"campfire_choices":[{"data":"ForeignInfluence","floor":8.0,"key":"SMITH"},{"data":"Adaptation","floor":11.0,"key":"SMITH"},{"data":"Brilliance","floor":15.0,"key":"SMITH"},{"floor":23.0,"key":"REST"}],"circlet_count":0,"master_deck":["AscendersBane","Strike_P","Strike_P","Defend_P","Defend_P","Defend_P","Defend_P","Eruption+1","Vigilance","Adaptation+1","Protect","ForeignInfluence+1","FearNoEvil","Brilliance+1","SandsOfTime","Devotion","Tantrum","InnerPeace","CrushJoints"],"relics":["HolyWater","NeowsBlessing","Pear","Bronze Scales","Darkstone Periapt"],"acts_visited":["Exordium","TheCity"],"potions_floor_usage":[24],"damage_taken":[{"damage":0.0,"enemies":"Jaw Worm","floor":1.0,"turns":1.0},{"damage":1.0,"enemies":"2 Louse","floor":2.0,"turns":2.0},{"damage":0.0,"enemies":"Small Slimes","floor":5.0,"turns":2.0},{"damage":0.0,"enemies":"Lagavulin","floor":6.0,"turns":4.0},{"damage":4.0,"enemies":"Looter","floor":7.0,"turns":4.0},{"damage":5.0,"enemies":"Exordium Wildlife","floor":12.0,"turns":2.0},{"damage":3.0,"enemies":"Gremlin Nob","floor":13.0,"turns":3.0},{"damage":0.0,"enemies":"Blue Slaver","floor":14.0,"turns":3.0},{"damage":16.0,"enemies":"Slime Boss","floor":16.0,"turns":5.0},{"damage":0.0,"enemies":"Spheric Guardian","floor":18.0,"turns":2.0},{"damage":12.0,"enemies":"Shell Parasite","floor":19.0,"turns":3.0},{"damage":26.0,"enemies":"Snake Plant","floor":21.0,"turns":4.0},{"damage":55,"enemies":"Gremlin Leader","floor":24,"turns":3}],"seed_played":"6030373440287356765","potions_obtained":[{"floor":2.0,"key":"SmokeBomb"},{"floor":7.0,"key":"SpeedPotion"},{"floor":16.0,"key":"GamblersBrew"}],"is_trial":false,"path_per_floor":["M","M","?","?","M","E","M","R","T","$","R","M","E","M","R","B",null,"M","M","?","M","$","R","E"],"character_chosen":"WATCHER","items_purchased":["FearNoEvil","CrushJoints"],"campfire_rested":1,"item_purchase_floors":[10,22],"current_hp_per_floor":[61,60,44,44,44,44,40,40,40,40,40,35,32,32,32,16,63,63,51,51,25,25,48,0,0],"gold":67,"neow_bonus":"THREE_ENEMY_KILL","is_daily":false,"chose_seed":false,"campfire_upgraded":3,"win_rate":0.0,"timestamp":1613957394,"path_taken":["M","M","?","?","M","E","?","R","T","$","R","M","E","M","R","BOSS","M","M","?","M","$","R","E"],"items_purchased_type":["Card","Card"],"build_version":"2020-12-22","purchased_purges":2,"victory":false,"max_hp_per_floor":[68,68,78,78,78,78,78,78,78,78,78,78,78,78,78,78,78,78,78,78,78,78,78,78,78],"card_choices":[{"not_picked":["Prostrate","FollowUp","Halt"],"picked":"SKIP","floor":1.0},{"not_picked":["DeceiveReality","Meditate"],"picked":"Adaptation","floor":2.0},{"not_picked":["Crescendo","ThirdEye"],"picked":"Protect","floor":5.0},{"not_picked":["FollowUp","JustLucky"],"picked":"ForeignInfluence","floor":7.0},{"not_picked":["Evaluate","Nirvana"],"picked":"Brilliance","floor":12.0},{"not_picked":["Evaluate","BowlingBash","TalkToTheHand"],"picked":"SKIP","floor":13.0},{"not_picked":["Evaluate","BowlingBash","TalkToTheHand"],"picked":"SKIP","floor":13.0},{"not_picked":["FlyingSleeves","ThirdEye"],"picked":"SandsOfTime","floor":14.0},{"not_picked":["SpiritShield","ConjureBlade"],"picked":"Devotion","floor":16.0},{"not_picked":["CutThroughFate","Consecrate","Evaluate"],"picked":"SKIP","floor":18.0},{"not_picked":["ThirdEye","WheelKick"],"picked":"Tantrum","floor":19.0},{"not_picked":["SashWhip","DeusExMachina"],"picked":"InnerPeace","floor":21.0}],"player_experience":999237,"relics_obtained":[{"floor":9.0,"key":"Bronze Scales"},{"floor":13.0,"key":"Darkstone Periapt"}],"event_choices":[{"damage_healed":0.0,"max_hp_gain":0.0,"max_hp_loss":0.0,"gold_gain":0.0,"event_name":"Scrap Ooze","player_choice":"Success","floor":3.0,"gold_loss":0.0,"damage_taken":26.0,"relics_obtained":["Pear"]},{"damage_healed":0.0,"max_hp_gain":0.0,"max_hp_loss":0.0,"gold_gain":0.0,"event_name":"Living Wall","player_choice":"Grow","floor":4.0,"gold_loss":0.0,"damage_taken":0.0,"cards_upgraded":["Eruption"]},{"damage_healed":0.0,"max_hp_gain":0.0,"max_hp_loss":0.0,"gold_gain":0.0,"event_name":"Ghosts","player_choice":"Ignored","floor":20.0,"gold_loss":0.0,"damage_taken":0.0}],"is_beta":false,"boss_relics":[{"not_picked":["Runic Dome","Velvet Choker"],"picked":"HolyWater"}],"items_purged_floors":[10,22],"is_endless":false,"potions_floor_spawned":[2,6,7,16],"killed_by":"Gremlin Leader","ascension_level":20}}