{"host":"b7j598ve05halrwk","time":1613978119,"event":{"mods":["2.2 Compatiblity","BaseMod","Block Reminder","DeckTracker","Minty Spire (QoL Compilation)","Relic Stats","Slay the Relics Exporter","StSLib","ojb\u0027s Better Paths Mod","ojb\u0027s Info Mod"],"gold_per_floor":[110,110,35,35,59,103,103,137,137,161,174,249,292,84,84,175,175,200,200,218,27,48,48,48],"floor_reached":23,"language":"ENG","playtime":1183,"items_purged":["Doubt","Defend_B"],"score":418,"play_id":"d8f976be-5693-44d3-9eef-f90c59b9873f","local_time":"20210222021519","is_ascension_mode":true,"campfire_choices":[{"data":"Sunder","floor":7.0,"key":"SMITH"},{"floor":15.0,"key":"REST"}],"circlet_count":0,"master_deck":["AscendersBane","Strike_B","Strike_B","Defend_B","Defend_B","Defend_B","Zap","Dualcast","Go for the Eyes","Hello World","Ball Lightning","Sunder+1","Cold Snap","Leap","Genetic Algorithm","Fission","Coolheaded","Ball Lightning","Seek","Defragment","FTL","Apotheosis","Sweeping Beam+1"],"relics":["Cracked Core","Golden Idol","Calipers","Ice Cream","Bottled Lightning","Philosopher\u0027s Stone","Nloth\u0027s Gift"],"acts_visited":["Exordium","TheCity"],"potions_floor_usage":[18,18],"damage_taken":[{"damage":7.0,"enemies":"Small Slimes","floor":1.0,"turns":3.0},{"damage":0.0,"enemies":"2 Louse","floor":5.0,"turns":2.0},{"damage":15.0,"enemies":"Lagavulin","floor":6.0,"turns":6.0},{"damage":19.0,"enemies":"Gremlin Nob","floor":8.0,"turns":4.0},{"damage":0.0,"enemies":"Cultist","floor":10.0,"turns":2.0},{"damage":0.0,"enemies":"Blue Slaver","floor":11.0,"turns":1.0},{"damage":2.0,"enemies":"3 Sentries","floor":13.0,"turns":5.0},{"damage":13.0,"enemies":"The Guardian","floor":16.0,"turns":12.0},{"damage":15,"enemies":"3 Byrds","floor":18,"turns":5},{"damage":0,"enemies":"Chosen","floor":20,"turns":3},{"damage":17,"enemies":"Snake Plant","floor":22,"turns":5},{"damage":25,"enemies":"Slavers","floor":23,"turns":2}],"seed_played":"-4209149749649100088","potions_obtained":[{"floor":8.0,"key":"Fire Potion"},{"floor":10.0,"key":"DuplicationPotion"},{"floor":11.0,"key":"FocusPotion"},{"floor":16.0,"key":"Swift Potion"}],"is_trial":false,"path_per_floor":["M","?","$","?","M","E","R","E","T","M","M","?","E","$","R","B",null,"M","?","M","$","M","E"],"character_chosen":"DEFECT","items_purchased":["Coolheaded","Ball Lightning","Apotheosis"],"campfire_rested":1,"item_purchase_floors":[14,14,21],"current_hp_per_floor":[57,57,57,57,57,42,42,23,23,23,23,12,10,10,29,16,52,37,37,37,37,20,0,0],"gold":48,"neow_bonus":"TRANSFORM_TWO_CARDS","is_daily":false,"chose_seed":false,"campfire_upgraded":1,"win_rate":0.0,"timestamp":1613978119,"path_taken":["M","?","$","?","M","E","R","E","T","M","M","?","E","$","R","BOSS","M","?","M","?","M","E"],"items_purchased_type":["Card","Card","Card"],"build_version":"2020-12-22","purchased_purges":2,"victory":false,"max_hp_per_floor":[71,64,64,64,64,64,64,64,64,64,64,64,64,64,64,64,64,64,64,64,64,64,64,64],"relic_stats":{"counters":[12,50],"Golden Idol":69,"Nloth\u0027s Gift":0,"obtain_stats":[{"Ice Cream":8,"Calipers":6,"Golden Idol":2,"Philosopher\u0027s Stone":17,"Nloth\u0027s Gift":19,"Bottled Lightning":13,"Cracked Core":0,"StrikeDummy":9},{"Ice Cream":4,"Calipers":3,"Golden Idol":1,"Philosopher\u0027s Stone":8,"Nloth\u0027s Gift":9,"Bottled Lightning":7,"Cracked Core":0,"StrikeDummy":4},{"Ice Cream":15,"Calipers":11,"Golden Idol":3,"Philosopher\u0027s Stone":35,"Nloth\u0027s Gift":40,"Bottled Lightning":23,"Cracked Core":0,"StrikeDummy":15}]},"card_choices":[{"not_picked":["Streamline","Hologram"],"picked":"Ball Lightning","floor":1.0},{"not_picked":["Force Field","Compile Driver"],"picked":"Sunder","floor":5.0},{"not_picked":["Loop","Gash"],"picked":"Cold Snap","floor":6.0},{"not_picked":["Streamline","Stack"],"picked":"Leap","floor":8.0},{"not_picked":["Hologram","Conserve Battery"],"picked":"Genetic Algorithm","floor":10.0},{"not_picked":["Rebound","Streamline"],"picked":"Fission","floor":11.0},{"not_picked":["Melter","Rebound","Hello World"],"picked":"SKIP","floor":13.0},{"not_picked":["Rainbow","All For One"],"picked":"Seek","floor":16.0},{"not_picked":["Blizzard","Redo"],"picked":"Defragment","floor":18},{"not_picked":["Cold Snap","Beam Cell"],"picked":"FTL","floor":20},{"not_picked":["Coolheaded+1","Gash"],"picked":"Sweeping Beam+1","floor":22}],"player_experience":1168311,"relics_obtained":[{"floor":6.0,"key":"Calipers"},{"floor":8.0,"key":"Ice Cream"},{"floor":9.0,"key":"StrikeDummy"},{"floor":13.0,"key":"Bottled Lightning"}],"event_choices":[{"damage_healed":0.0,"max_hp_gain":0.0,"max_hp_loss":7.0,"gold_gain":0.0,"event_name":"Golden Idol","player_choice":"Lose Max HP","floor":2.0,"gold_loss":0.0,"damage_taken":0.0,"relics_obtained":["Golden Idol"]},{"damage_healed":0.0,"max_hp_gain":0.0,"max_hp_loss":0.0,"gold_gain":0.0,"event_name":"Liars Game","player_choice":"Ignored","floor":4.0,"gold_loss":0.0,"damage_taken":0.0},{"damage_healed":0.0,"max_hp_gain":0.0,"max_hp_loss":0.0,"gold_gain":75.0,"event_name":"World of Goop","player_choice":"Gather Gold","floor":12.0,"gold_loss":0.0,"damage_taken":11.0},{"damage_healed":0,"gold_gain":0,"player_choice":"Traded Relic","damage_taken":0,"relics_obtained":["Nloth\u0027s Gift"],"max_hp_gain":0,"max_hp_loss":0,"event_name":"N\u0027loth","floor":19,"relics_lost":["StrikeDummy"],"gold_loss":0}],"is_beta":false,"boss_relics":[{"not_picked":["SlaversCollar","Inserter"],"picked":"Philosopher\u0027s Stone"}],"items_purged_floors":[3,14],"is_endless":false,"potions_floor_spawned":[8,10,11,16],"killed_by":"Slavers","ascension_level":20}}