{"host":"pu1pmxeu7vyxsds8","time":1613959811,"event":{"mods":["Act Like it!","BaseMod","Block Reminder","Minty Spire (QoL Compilation)","Permanent Neow","Quick Restart","Relic Stats"],"gold_per_floor":[109,119,84,8,8,8,38,38,65,76,87,87,98,111,111,216,216,216,216,216,216,216,216,216,216,216,216,216,216,216,216,216,216,216,216,216,216,216,216,216,216,0,0,0,0,0,0,0,0,0],"floor_reached":51,"language":"SPA","playtime":5122,"items_purged":[],"score":1026,"play_id":"02da73b1-2ab7-4d22-8efd-7b7116847780","local_time":"20210221231011","is_ascension_mode":false,"campfire_choices":[{"data":"Zap","floor":6.0,"key":"SMITH"},{"data":"Biased Cognition","floor":8.0,"key":"SMITH"},{"data":"Lockon","floor":12.0,"key":"SMITH"},{"data":"Redo","floor":15.0,"key":"SMITH"},{"data":"Seek","floor":29.0,"key":"SMITH"},{"data":"Double Energy","floor":32.0,"key":"SMITH"},{"floor":49,"key":"REST"}],"circlet_count":0,"master_deck":["Defend_B","Defend_B","Defend_B","Defend_B","Zap+1","Dualcast","Lockon+1","Coolheaded","Cold Snap","Coolheaded","Multi-Cast","Biased Cognition+1","Redo","Cold Snap","Ball Lightning","Redo+1","Seek+1","Beam Cell","Double Energy+1","Beam Cell+1","Loop","Biased Cognition","Barrage","Consume+1","Aggregate+1","Chaos+1","Go for the Eyes","Fission+1","Go for the Eyes","Scrape+1","Steam+1","Redo+1","Beam Cell","Biased Cognition","Beam Cell"],"relics":["Cracked Core","Unceasing Top","Mercury Hourglass","Bronze Scales","Ectoplasm","HornCleat","Toxic Egg 2","Regal Pillow","Fusion Hammer","Pantograph","Thread and Needle","Red Mask","PreservedInsect","Sundial","Mummified Hand"],"acts_visited":["Exordium","TheCity","TheBeyond"],"potions_floor_usage":[],"damage_taken":[{"damage":0.0,"enemies":"Small Slimes","floor":1.0,"turns":4.0},{"damage":7.0,"enemies":"2 Louse","floor":2.0,"turns":2.0},{"damage":12.0,"enemies":"Gremlin Nob","floor":7.0,"turns":3.0},{"damage":0.0,"enemies":"Cultist","floor":10.0,"turns":2.0},{"damage":1.0,"enemies":"2 Fungi Beasts","floor":11.0,"turns":2.0},{"damage":6.0,"enemies":"Gremlin Gang","floor":13.0,"turns":2.0},{"damage":4.0,"enemies":"3 Louse","floor":14.0,"turns":2.0},{"damage":0.0,"enemies":"Hexaghost","floor":16.0,"turns":7.0},{"damage":0.0,"enemies":"Spheric Guardian","floor":18.0,"turns":3.0},{"damage":0.0,"enemies":"3 Byrds","floor":20.0,"turns":2.0},{"damage":4.0,"enemies":"Snake Plant","floor":21.0,"turns":2.0},{"damage":9.0,"enemies":"Book of Stabbing","floor":23.0,"turns":4.0},{"damage":0.0,"enemies":"Snecko","floor":24.0,"turns":2.0},{"damage":0.0,"enemies":"Centurion and Healer","floor":27.0,"turns":7.0},{"damage":0.0,"enemies":"3 Cultists","floor":28.0,"turns":4.0},{"damage":0.0,"enemies":"Gremlin Leader","floor":30.0,"turns":4.0},{"damage":21.0,"enemies":"Snake Plant","floor":31.0,"turns":2.0},{"damage":0.0,"enemies":"Champ","floor":33.0,"turns":5.0},{"damage":4.0,"enemies":"3 Darklings","floor":35.0,"turns":2.0},{"damage":0.0,"enemies":"Orb Walker","floor":37.0,"turns":1.0},{"damage":6.0,"enemies":"Reptomancer","floor":40.0,"turns":4.0},{"damage":3.0,"enemies":"2 Orb Walkers","floor":41.0,"turns":7.0},{"damage":0.0,"enemies":"4 Shapes","floor":45.0,"turns":1.0},{"damage":0.0,"enemies":"Sphere and 2 Shapes","floor":46.0,"turns":1.0},{"damage":0.0,"enemies":"Giant Head","floor":47.0,"turns":3.0},{"damage":3,"enemies":"Writhing Mass","floor":48,"turns":2},{"damage":0,"enemies":"Time Eater","floor":50,"turns":3}],"seed_played":"-4356531003357122409","potions_obtained":[{"floor":1.0,"key":"SneckoOil"},{"floor":2.0,"key":"Ancient Potion"},{"floor":13.0,"key":"FocusPotion"},{"floor":14.0,"key":"EssenceOfSteel"},{"floor":16.0,"key":"LiquidBronze"},{"floor":37.0,"key":"LiquidMemories"}],"is_trial":false,"path_per_floor":["M","M","?","$","?","R","E","R","T","M","M","R","M","M","R","B",null,"M","?","M","M","?","E","M","?","T","M","M","R","E","M","R","B",null,"M","?","M","?","?","E","?","?","T","T","M","M","E","M","R","B",null],"character_chosen":"DEFECT","items_purchased":["Cold Snap","Coolheaded"],"campfire_rested":1,"item_purchase_floors":[4,4],"current_hp_per_floor":[68,61,61,61,61,61,49,49,49,49,48,48,42,38,38,38,68,68,68,68,64,64,55,55,55,55,55,55,55,55,34,34,34,68,64,64,64,64,64,58,55,55,55,55,55,55,55,52,65,65],"gold":0,"neow_bonus":"ONE_RARE_RELIC","is_daily":false,"chose_seed":false,"campfire_upgraded":6,"win_rate":0.0,"timestamp":1613959811,"path_taken":["M","M","?","$","?","R","E","R","T","M","?","R","M","M","R","BOSS","M","?","?","M","?","E","M","?","T","M","M","R","E","M","R","BOSS","M","?","?","?","?","E","?","?","T","?","M","M","E","M","R","BOSS"],"items_purchased_type":["Card","Card"],"build_version":"2020-12-22","purchased_purges":0,"victory":true,"max_hp_per_floor":[68,68,68,68,68,68,68,68,68,68,68,68,68,68,68,68,68,68,68,68,68,68,68,68,68,68,68,68,68,68,68,68,68,68,68,68,68,65,65,65,65,65,65,65,65,65,65,65,65,65],"relic_stats":{"Regal Pillow":0,"counters":[27,81],"Sundial":[2],"Mummified Hand":[2],"Bronze Scales":[200],"Pantograph":0,"Ectoplasm":505,"PreservedInsect":125,"obtain_stats":[{"Regal Pillow":30,"Thread and Needle":41,"PreservedInsect":43,"Mercury Hourglass":7,"HornCleat":23,"Sundial":44,"Mummified Hand":47,"Bronze Scales":9,"Pantograph":40,"Ectoplasm":17,"Fusion Hammer":34,"Red Mask":42,"Toxic Egg 2":26,"Cracked Core":0,"Unceasing Top":0},{"Regal Pillow":16,"Thread and Needle":22,"PreservedInsect":22,"Mercury Hourglass":3,"HornCleat":12,"Sundial":22,"Mummified Hand":25,"Bronze Scales":3,"Pantograph":21,"Ectoplasm":8,"Fusion Hammer":18,"Red Mask":22,"Toxic Egg 2":13,"Cracked Core":0,"Unceasing Top":0},{"Regal Pillow":50,"Thread and Needle":71,"PreservedInsect":71,"Mercury Hourglass":9,"HornCleat":34,"Sundial":71,"Mummified Hand":76,"Bronze Scales":9,"Pantograph":64,"Ectoplasm":24,"Fusion Hammer":57,"Red Mask":71,"Toxic Egg 2":36,"Cracked Core":0,"Unceasing Top":0}],"Unceasing Top":[138],"Mercury Hourglass":[312]},"card_choices":[{"not_picked":["Storm","Conserve Battery"],"picked":"Lockon","floor":1.0},{"not_picked":["Doom and Gloom","Consume"],"picked":"Coolheaded","floor":2.0},{"not_picked":["Fusion","Reinforced Body"],"picked":"Biased Cognition","floor":7.0},{"not_picked":["Sweeping Beam","Stack"],"picked":"Redo","floor":10.0},{"not_picked":["Gash","Hologram"],"picked":"Cold Snap","floor":11.0},{"not_picked":["Steam","Compile Driver"],"picked":"Ball Lightning","floor":13.0},{"not_picked":["Ball Lightning","Stack"],"picked":"Redo","floor":14.0},{"not_picked":["Amplify","Reboot"],"picked":"Seek","floor":16.0},{"not_picked":["Gash+1","Conserve Battery"],"picked":"Beam Cell","floor":18.0},{"not_picked":["Leap","Streamline"],"picked":"Double Energy","floor":20.0},{"not_picked":["Blizzard","Sweeping Beam"],"picked":"Beam Cell+1","floor":21.0},{"not_picked":["Conserve Battery","Barrage+1"],"picked":"Biased Cognition","floor":23.0},{"not_picked":["Leap","Coolheaded"],"picked":"Barrage","floor":24.0},{"not_picked":["Gash+1","Conserve Battery+1"],"picked":"Consume+1","floor":27.0},{"not_picked":["Lockon","All For One"],"picked":"Aggregate+1","floor":28.0},{"not_picked":["Storm","Chill+1"],"picked":"Chaos+1","floor":30.0},{"not_picked":["Storm+1","Hello World"],"picked":"Go for the Eyes","floor":31.0},{"not_picked":["Buffer","Reboot+1"],"picked":"Fission+1","floor":33.0},{"not_picked":["Coolheaded+1","Ball Lightning"],"picked":"Go for the Eyes","floor":35.0},{"not_picked":["Chill+1","Conserve Battery+1","Sweeping Beam+1"],"picked":"SKIP","floor":37.0},{"not_picked":["Static Discharge","Compile Driver"],"picked":"Scrape+1","floor":40.0},{"not_picked":["Machine Learning","Beam Cell"],"picked":"Steam+1","floor":41.0},{"not_picked":["Barrage+1","Leap+1"],"picked":"Redo+1","floor":45.0},{"not_picked":["Lockon+1","Capacitor"],"picked":"Beam Cell","floor":46.0},{"not_picked":["Barrage+1","Melter"],"picked":"Biased Cognition","floor":47.0},{"not_picked":["Capacitor","Barrage+1"],"picked":"Beam Cell","floor":48}],"player_experience":35040,"relics_obtained":[{"floor":7.0,"key":"Mercury Hourglass"},{"floor":9.0,"key":"Bronze Scales"},{"floor":23.0,"key":"HornCleat"},{"floor":26.0,"key":"Toxic Egg 2"},{"floor":30.0,"key":"Regal Pillow"},{"floor":40.0,"key":"Pantograph"},{"floor":41.0,"key":"Thread and Needle"},{"floor":43.0,"key":"PreservedInsect"},{"floor":44.0,"key":"Sundial"},{"floor":47.0,"key":"Mummified Hand"}],"event_choices":[{"damage_healed":0.0,"max_hp_gain":0.0,"max_hp_loss":0.0,"gold_gain":0.0,"event_name":"World of Goop","player_choice":"Left Gold","floor":3.0,"gold_loss":35.0,"damage_taken":0.0},{"damage_healed":0.0,"max_hp_gain":0.0,"max_hp_loss":0.0,"gold_gain":0.0,"cards_transformed":["Strike_B"],"event_name":"Transmorgrifier","player_choice":"Transformed","floor":5.0,"gold_loss":0.0,"damage_taken":0.0,"cards_obtained":["Multi-Cast"]},{"damage_healed":0.0,"max_hp_gain":0.0,"max_hp_loss":0.0,"gold_gain":0.0,"event_name":"FaceTrader","player_choice":"Leave","floor":19.0,"gold_loss":0.0,"damage_taken":0.0},{"damage_healed":0.0,"max_hp_gain":0.0,"max_hp_loss":0.0,"gold_gain":0.0,"event_name":"The Library","player_choice":"Read","floor":22.0,"gold_loss":0.0,"damage_taken":0.0,"cards_obtained":["Loop"]},{"cards_removed":["Strike_B"],"damage_healed":0.0,"max_hp_gain":0.0,"max_hp_loss":0.0,"gold_gain":0.0,"event_name":"Back to Basics","player_choice":"Elegance","floor":25.0,"gold_loss":0.0,"damage_taken":0.0},{"cards_removed":["Strike_B"],"damage_healed":0.0,"max_hp_gain":0.0,"max_hp_loss":0.0,"gold_gain":0.0,"event_name":"Purifier","player_choice":"Purged","floor":36.0,"gold_loss":0.0,"damage_taken":0.0},{"damage_healed":0.0,"max_hp_gain":0.0,"max_hp_loss":3.0,"gold_gain":0.0,"event_name":"Winding Halls","player_choice":"Max HP","floor":38.0,"gold_loss":0.0,"damage_taken":0.0},{"cards_removed":["Strike_B"],"damage_healed":0.0,"max_hp_gain":0.0,"max_hp_loss":0.0,"gold_gain":0.0,"event_name":"Falling","player_choice":"Removed Attack","floor":39.0,"gold_loss":0.0,"damage_taken":0.0},{"damage_healed":0.0,"max_hp_gain":0.0,"max_hp_loss":0.0,"gold_gain":0.0,"event_name":"Mysterious Sphere","player_choice":"Fight","floor":41.0,"gold_loss":0.0,"damage_taken":0.0},{"damage_healed":0.0,"max_hp_gain":0.0,"max_hp_loss":0.0,"gold_gain":0.0,"event_name":"Tomb of Lord Red Mask","player_choice":"Paid","floor":42.0,"gold_loss":216.0,"damage_taken":0.0,"relics_obtained":["Red Mask"]}],"is_beta":false,"boss_relics":[{"not_picked":["Tiny House","Runic Dome"],"picked":"Ectoplasm"},{"not_picked":["SacredBark","Cursed Key"],"picked":"Fusion Hammer"}],"items_purged_floors":[],"is_endless":false,"potions_floor_spawned":[1,2,13,14,16,23,30,31,33,37,41,47],"ascension_level":0}}