{"host":"gg","time":1613970382,"event":{"mods":["AchievementEnabler","BaseMod","Colored Map","Googly Eyes","Minty Spire (QoL Compilation)","Permanent Neow","Relic Stats","The IronCluck"],"gold_per_floor":[117,131,206,206,206,266,283,316,343,360,360,360,405,418,418,493,493,489,489,489,534,216,216,247,247,271,271,330,342,381,416,416,416,416],"floor_reached":33,"language":"ENG","playtime":1843,"items_purged":[],"score":780,"play_id":"2fa76698-0d03-4ecd-80fa-5d0d984533de","local_time":"20210221210622","is_ascension_mode":true,"campfire_choices":[{"floor":11,"key":"REST"},{"floor":15,"key":"REST"},{"data":"1","floor":25,"key":"LIFT"},{"floor":27,"key":"REST"},{"floor":32,"key":"REST"}],"circlet_count":0,"master_deck":["AscendersBane","Strike_P+1","Strike_P+1","Strike_P+1","Strike_P+1","Defend_P+1","Defend_P+1","Defend_P+1","Defend_P+1","Eruption","Vigilance","CarveReality","CarveReality","Wish","TalkToTheHand","BowlingBash+1","EmptyBody","ClearTheMind","CutThroughFate","WheelKick","Judgement","CutThroughFate","RitualDagger","Crescendo","FearNoEvil","Fasting2","SashWhip","Wireheading","CrushJoints","Indignation"],"relics":["Fusion Hammer","Lantern","Juzu Bracelet","Whetstone","Runic Pyramid","Pen Nib","Nilry\u0027s Codex","Girya","Omamori","Damaru","Nunchaku"],"acts_visited":["Exordium","TheCity"],"potions_floor_usage":[6,13,16,28,29,33],"damage_taken":[{"damage":0,"enemies":"Small Slimes","floor":1,"turns":4},{"damage":2,"enemies":"Jaw Worm","floor":2,"turns":3},{"damage":25,"enemies":"Lagavulin","floor":6,"turns":5},{"damage":0,"enemies":"Cultist","floor":7,"turns":2},{"damage":10,"enemies":"3 Sentries","floor":8,"turns":4},{"damage":2,"enemies":"3 Louse","floor":10,"turns":2},{"damage":0,"enemies":"Looter","floor":13,"turns":3},{"damage":0,"enemies":"Large Slime","floor":14,"turns":3},{"damage":34,"enemies":"The Guardian","floor":16,"turns":8},{"damage":10,"enemies":"2 Thieves","floor":18,"turns":4},{"damage":4,"enemies":"3 Byrds","floor":21,"turns":4},{"damage":0,"enemies":"Gremlin Leader","floor":24,"turns":3},{"damage":26,"enemies":"Slavers","floor":28,"turns":5},{"damage":0,"enemies":"Snake Plant","floor":29,"turns":2},{"damage":0,"enemies":"Centurion and Healer","floor":30,"turns":3},{"damage":0,"enemies":"Gremlin Leader","floor":31,"turns":7},{"damage":142,"enemies":"Automaton","floor":33,"turns":6}],"seed_played":"8063164971382353403","potions_obtained":[{"floor":1,"key":"Weak Potion"},{"floor":7,"key":"SkillPotion"},{"floor":8,"key":"PowerPotion"},{"floor":24,"key":"DistilledChaos"},{"floor":31,"key":"ColorlessPotion"}],"is_trial":false,"path_per_floor":["M","M","?","?","?","E","M","E","T","M","R","?","M","M","R","B",null,"M","?","?","M","$","?","E","R","T","R","E","M","M","E","R","B"],"character_chosen":"WATCHER","items_purchased":["Pen Nib","FearNoEvil","AttackPotion"],"campfire_rested":4,"item_purchase_floors":[22,22,22],"current_hp_per_floor":[61,59,48,53,53,28,28,18,18,16,37,15,15,15,36,2,55,45,45,39,35,35,14,14,14,14,35,9,9,9,9,30,0,0],"gold":416,"neow_bonus":"BOSS_RELIC","is_daily":false,"chose_seed":false,"campfire_upgraded":0,"win_rate":0.0,"timestamp":1613970382,"path_taken":["M","M","?","?","?","E","?","E","T","M","R","?","M","M","R","BOSS","M","?","?","M","$","?","E","R","T","R","E","M","M","E","R","BOSS"],"items_purchased_type":["Relic","Card","Potion"],"build_version":"2020-12-18","purchased_purges":0,"victory":false,"max_hp_per_floor":[68,68,68,73,73,73,73,73,73,73,73,73,73,73,73,73,73,73,73,73,73,73,73,73,73,73,73,73,73,73,73,73,73,73],"relic_stats":{"Nunchaku":[0],"counters":[17,68],"Pen Nib":[5],"Juzu Bracelet":0,"Whetstone":["Strike_P","BowlingBash"],"obtain_stats":[{"Girya":24,"Lantern":6,"Nunchaku":31,"Nilry\u0027s Codex":23,"Damaru":28,"Fusion Hammer":0,"Pen Nib":22,"Juzu Bracelet":8,"Omamori":26,"Whetstone":9,"PureWater":0,"Runic Pyramid":17},{"Girya":12,"Lantern":3,"Nunchaku":16,"Nilry\u0027s Codex":11,"Damaru":13,"Fusion Hammer":0,"Pen Nib":11,"Juzu Bracelet":5,"Omamori":12,"Whetstone":5,"PureWater":0,"Runic Pyramid":9},{"Girya":45,"Lantern":12,"Nunchaku":62,"Nilry\u0027s Codex":42,"Damaru":50,"Fusion Hammer":0,"Pen Nib":42,"Juzu Bracelet":18,"Omamori":45,"Whetstone":18,"PureWater":0,"Runic Pyramid":34}]},"card_choices":[{"not_picked":["MentalFortress","Crescendo"],"picked":"CarveReality","floor":1},{"not_picked":["Study","PathToVictory"],"picked":"CarveReality","floor":2},{"not_picked":["SignatureMove","Consecrate"],"picked":"TalkToTheHand","floor":6},{"not_picked":["Consecrate","EmptyBody"],"picked":"BowlingBash","floor":7},{"not_picked":["JustLucky","ReachHeaven"],"picked":"EmptyBody","floor":8},{"not_picked":["Wireheading","BattleHymn"],"picked":"ClearTheMind","floor":10},{"not_picked":["Halt","PathToVictory"],"picked":"CutThroughFate","floor":13},{"not_picked":["Crescendo","CarveReality"],"picked":"WheelKick","floor":14},{"not_picked":["Devotion","Wish"],"picked":"Judgement","floor":16},{"not_picked":["BowlingBash","Consecrate"],"picked":"CutThroughFate","floor":18},{"not_picked":["Nirvana","Evaluate+1"],"picked":"Crescendo","floor":21},{"not_picked":["Crescendo","MasterReality"],"picked":"Fasting2","floor":24},{"not_picked":["BowlingBash","CutThroughFate"],"picked":"SashWhip","floor":28},{"not_picked":["Protect","JustLucky"],"picked":"Wireheading","floor":29},{"not_picked":["EmptyFist","CutThroughFate"],"picked":"CrushJoints","floor":30},{"not_picked":["CrushJoints","InnerPeace"],"picked":"Indignation","floor":31}],"player_experience":1360666,"relics_obtained":[{"floor":6,"key":"Lantern"},{"floor":8,"key":"Juzu Bracelet"},{"floor":9,"key":"Whetstone"},{"floor":23,"key":"Nilry\u0027s Codex"},{"floor":24,"key":"Girya"},{"floor":26,"key":"Omamori"},{"floor":28,"key":"Damaru"},{"floor":31,"key":"Nunchaku"}],"event_choices":[{"damage_healed":0,"gold_gain":75,"player_choice":"Gather Gold","damage_taken":11,"max_hp_gain":0,"max_hp_loss":0,"event_name":"World of Goop","floor":3,"gold_loss":0},{"damage_healed":0,"gold_gain":0,"player_choice":"Donut","damage_taken":0,"max_hp_gain":5,"max_hp_loss":0,"event_name":"Big Fish","floor":4,"gold_loss":0},{"damage_healed":0,"gold_gain":0,"player_choice":"1 cards matched","damage_taken":0,"max_hp_gain":0,"max_hp_loss":0,"event_name":"Match and Keep!","floor":5,"gold_loss":0,"cards_obtained":["Wish"]},{"damage_healed":0,"gold_gain":0,"player_choice":"Entered Light","damage_taken":22,"max_hp_gain":0,"max_hp_loss":0,"event_name":"Shining Light","floor":12,"gold_loss":0,"cards_upgraded":["Defend_P","Strike_P"]},{"damage_healed":0,"gold_gain":0,"player_choice":"Simplicity","damage_taken":0,"max_hp_gain":0,"max_hp_loss":0,"event_name":"Back to Basics","floor":19,"gold_loss":0,"cards_upgraded":["Strike_P","Strike_P","Defend_P","Defend_P","Defend_P"]},{"damage_healed":0,"gold_gain":0,"player_choice":"Joined the Cult","damage_taken":6,"max_hp_gain":0,"max_hp_loss":0,"event_name":"Nest","floor":20,"gold_loss":0,"cards_obtained":["RitualDagger"]},{"damage_healed":0,"gold_gain":0,"player_choice":"Obtained Book","damage_taken":21,"max_hp_gain":0,"max_hp_loss":0,"event_name":"Cursed Tome","floor":23,"gold_loss":0}],"is_beta":true,"boss_relics":[{"not_picked":["Runic Dome","Sozu"],"picked":"Runic Pyramid"}],"items_purged_floors":[],"is_endless":false,"potions_floor_spawned":[1,7,8,10,24,31],"killed_by":"Automaton","ascension_level":20}}