{"host":"we8ay8el3o9pwc2d","time":1613966075,"event":{"mods":["Act Like it!","Aspiration","BaseMod","BetterRewards","Colored Map","Conspire","Downfall","Elementarium","GungeonMod","Minty Spire (QoL Compilation)","Reliquary","Robot Space Explorer","Ruina","Spire Arcade","StSLib","The Marked","Waifu the Spire"],"gold_per_floor":[99,119,131,195,295,314,314,337,355,365,394,413,413,440,457,559,559,459,470,470,470,483,502,502,292,292,124,134,134,154,167,177,272,272,272,287,300,317,317,333,333,244,244,92,92,110,122,134,152,152],"floor_reached":51,"language":"ENG","playtime":5843,"items_purged":[],"score":771,"play_id":"4bde2e35-9af5-49f6-a6c0-560a1bd42e90","local_time":"20210221205435","is_ascension_mode":false,"campfire_choices":[{"data":"hexamod:Sear","floor":1,"key":"SMITH"},{"floor":13,"key":"REST"},{"data":"hexamod:WildfireWeapon","floor":18,"key":"SMITH"},{"floor":26,"key":"REST"},{"floor":29,"key":"REST"},{"data":"hexamod:ApocalypticArmor","floor":35,"key":"SMITH"},{"data":"hexamod:TimeOfNeed","floor":45,"key":"SMITH"}],"circlet_count":0,"master_deck":["hexamod:Strike","hexamod:Strike","hexamod:Defend","hexamod:Defend","hexamod:Defend","hexamod:Sear+1","hexamod:Float","hexamod:GhostShield","hexamod:NightmareStrike","hexamod:GhostLash+1","hexamod:FirstSeal","hexamod:PhantomCloak","hexamod:ThirdSeal","hexamod:StepThrough","hexamod:BacktrackSmack","hexamod:GhostOfSpireFuture","hexamod:ParanormalForm","hexamod:RadiantFlame","hexamod:EmpoweredFlame","hexamod:WildfireWeapon+1","hexamod:RecurringNightmare","hexamod:RecurringNightmare","hexamod:FastForward","hexamod:HeatMetal","hexamod:FastForward+1","hexamod:AdvancingGuard","hexamod:TimeOfNeed+1","hexamod:ApocalypticArmor+1","hexamod:FourthSeal","expansioncontent:DashGenerateEvil+1"],"relics":["hexamod:SpiritBrand","reliquary:QuartzCube","Pantograph","Strawberry","reliquary:IridiumChain","Centennial Puzzle","DemoMod:RiddleOfLead","downfall:HeartBlessingGreen","FossilizedHelix","hexamod:RecyclingMachine","Oddly Smooth Stone","sneckomod:SneckoTalon","Incense Burner","hexamod:InflammatoryLetter","aspiration:Lifesprig","DemoMod:GlassGuonStoneRelic"],"acts_visited":["Exordium","ruina:Briah","TheBeyond"],"potions_floor_usage":[22,22,23,23,31,33,33,48,48,48,49],"damage_taken":[{"damage":0,"enemies":"2 Louse","floor":2,"turns":3},{"damage":2,"enemies":"conspire:RoseBush","floor":3,"turns":3},{"damage":6,"enemies":"3 Sentries","floor":4,"turns":7},{"damage":23,"enemies":"downfall:Heads","floor":5,"turns":8},{"damage":6,"enemies":"Jaw Worm","floor":6,"turns":4},{"damage":9,"enemies":"Large Slime","floor":9,"turns":5},{"damage":2,"enemies":"Gremlin Gang","floor":10,"turns":5},{"damage":23,"enemies":"3 Sentries","floor":11,"turns":8},{"damage":10,"enemies":"Exordium Thugs","floor":12,"turns":5},{"damage":48,"enemies":"Gremlin Nob","floor":14,"turns":5},{"damage":2,"enemies":"conspire:2 RoseBushes","floor":15,"turns":4},{"damage":21,"enemies":"IC_STATUS_ARCHETYPE","floor":16,"turns":8},{"damage":6,"enemies":"ruina:2_Scarecrows","floor":19,"turns":5},{"damage":28,"enemies":"ruina:BadWolf","floor":21,"turns":4},{"damage":65,"enemies":"ruina:KnightOfDespair","floor":22,"turns":8},{"damage":7,"enemies":"ruina:Nos_and_Bat","floor":23,"turns":6},{"damage":0,"enemies":"downfall:FleeingMerchant","floor":25,"turns":4},{"damage":0,"enemies":"downfall:FleeingMerchant","floor":27,"turns":4},{"damage":0,"enemies":"ruina:QueenOfHate","floor":28,"turns":5},{"damage":3,"enemies":"ruina:KingOfGreed","floor":30,"turns":4},{"damage":0,"enemies":"ruina:Woodsman","floor":31,"turns":4},{"damage":0,"enemies":"ruina:QueenOfHate","floor":32,"turns":5},{"damage":84,"enemies":"DF_ARCHETYPE_CLAW","floor":33,"turns":11},{"damage":12,"enemies":"Orb Walker","floor":36,"turns":4},{"damage":21,"enemies":"3 Shapes","floor":37,"turns":3},{"damage":6,"enemies":"Jaw Worm Horde","floor":38,"turns":7},{"damage":10,"enemies":"Spire Growth","floor":40,"turns":5},{"damage":0,"enemies":"downfall:FleeingMerchant","floor":42,"turns":2},{"damage":0,"enemies":"3 Darklings","floor":46,"turns":3},{"damage":0,"enemies":"4 Shapes","floor":47,"turns":3},{"damage":0,"enemies":"Transient","floor":48,"turns":6},{"damage":0,"enemies":"Jaw Worm Horde","floor":49,"turns":5},{"damage":69,"enemies":"SI_POISON_ARCHETYPE","floor":50,"turns":7}],"seed_played":"532148192146318054","potions_obtained":[{"floor":2,"key":"hexamod:InfernoChargePotion"},{"floor":5,"key":"FearPotion"},{"floor":6,"key":"Guardian:BlockOnCardUsePotion"},{"floor":16,"key":"SkillPotion"},{"floor":22,"key":"EssenceOfSteel"},{"floor":28,"key":"Swift Potion"},{"floor":30,"key":"PowerPotion"},{"floor":31,"key":"hexamod:SoulburnPotion"},{"floor":36,"key":"SteroidPotion"},{"floor":42,"key":"BlessingOfTheForge"},{"floor":47,"key":"BlessingOfTheForge"},{"floor":48,"key":"Swift Potion"},{"floor":48,"key":"Swift Potion"},{"floor":48,"key":"Fruit Juice"}],"is_trial":false,"path_per_floor":["R","M","M","?","?","M","T","T","M","M","E","M","R","E","M","B",null,"R","M","?","M","M","M","T","$","R","$","M","R","M","M","M","B",null,"R","M","M","M","?","M","T","$","?","$","R","M","M","M","M","B",null],"character_chosen":"THE_SPIRIT","items_purchased":["hexamod:RecyclingMachine","hexamod:AdvancingGuard","Oddly Smooth Stone","hexamod:InflammatoryLetter","expansioncontent:DashGenerateEvil","aspiration:Lifesprig"],"campfire_rested":3,"item_purchase_floors":[25,25,27,42,42,44],"current_hp_per_floor":[70,70,68,62,39,40,40,47,45,50,34,31,54,13,18,29,87,87,87,87,66,8,8,8,15,41,55,55,81,85,87,87,3,87,87,75,54,87,87,77,77,84,84,84,84,84,84,92,92,23],"gold":152,"neow_bonus":"TRANSFORM_CARD","is_daily":false,"chose_seed":false,"campfire_upgraded":4,"win_rate":0.0,"timestamp":1613966075,"path_taken":["R","M","M","?","?","M","T","?","M","M","E","?","R","E","M","BOSS","R","M","?","M","?","M","T","$","R","$","M","R","M","M","M","BOSS","R","M","M","M","?","M","T","$","?","$","R","M","?","M","M","BOSS"],"items_purchased_type":["Relic","Card","Relic","Relic","Card","Relic"],"build_version":"2020-12-22","purchased_purges":0,"victory":true,"max_hp_per_floor":[70,70,70,70,70,70,70,77,77,77,77,77,77,77,77,77,87,87,87,87,87,87,87,87,87,87,87,87,87,87,87,87,87,87,87,87,87,87,87,87,87,87,87,87,87,87,87,92,92,92],"card_choices":[{"not_picked":["hexamod:SpectralSpark","hexamod:PowerFromBeyond"],"picked":"hexamod:NightmareStrike","floor":2},{"not_picked":["hexamod:SpectralAdrenaline","hexamod:DynamicBlow"],"picked":"hexamod:GhostLash","floor":3},{"not_picked":["hexamod:Firestarter","hexamod:PhantomCloak"],"picked":"hexamod:FirstSeal","floor":4},{"not_picked":["hexamod:SwordOfDarkness","hexamod:Rewind"],"picked":"hexamod:ThirdSeal","floor":5},{"not_picked":["hexamod:DynamicBlow","hexamod:PhantomFireball"],"picked":"hexamod:StepThrough","floor":6},{"not_picked":["hexamod:GhostLash","hexamod:HeatCrush"],"picked":"hexamod:BacktrackSmack","floor":9},{"not_picked":["hexamod:SpectersWail","hexamod:InspiringFlames"],"picked":"hexamod:GhostOfSpireFuture","floor":10},{"not_picked":["hexamod:SpectersWail","hexamod:FlamesFromBeyond"],"picked":"hexamod:ParanormalForm","floor":11},{"not_picked":["hexamod:CatchUp","hexamod:BacktrackSmack","hexamod:DynamicBlow"],"picked":"SKIP","floor":12},{"not_picked":["hexamod:HauntingEcho","hexamod:TurnItUp"],"picked":"hexamod:RadiantFlame","floor":14},{"not_picked":["hexamod:SuperheatedStrike","hexamod:PhantomFireball"],"picked":"hexamod:EmpoweredFlame","floor":15},{"not_picked":["hexamod:TimeWarp","hexamod:GhostflameInferno"],"picked":"hexamod:WildfireWeapon","floor":16},{"not_picked":["hexamod:SpectersWail","hexamod:FastForward"],"picked":"hexamod:RecurringNightmare","floor":19},{"not_picked":["hexamod:RetreatToShadows","hexamod:GhostLash"],"picked":"hexamod:RecurringNightmare","floor":21},{"not_picked":["hexamod:HexaLevel","hexamod:SuperheatedStrike+1","hexamod:FourthSeal"],"picked":"SKIP","floor":21},{"not_picked":["hexamod:NightmareGuise+1","hexamod:DynamicBlow"],"picked":"hexamod:FastForward","floor":22},{"not_picked":["hexamod:PhantomCloak","hexamod:NightmareStrike+1"],"picked":"hexamod:HeatMetal","floor":23},{"not_picked":["hexamod:ExtraCrispy","hexamod:SwordOfDarkness"],"picked":"hexamod:FastForward+1","floor":25},{"not_picked":["hexamod:FlamesFromBeyond","hexamod:NightmareStrike","hexamod:CatchUp"],"picked":"SKIP","floor":27},{"not_picked":["hexamod:SpectersWail+1","hexamod:GhostOfSpirePast","hexamod:SwordOfDarkness"],"picked":"SKIP","floor":28},{"not_picked":["hexamod:ShieldOfDarkness","hexamod:FastForward"],"picked":"hexamod:TimeOfNeed","floor":30},{"not_picked":["hexamod:ThermalTransfer","hexamod:Hexaguard","hexamod:HeatMetal+1"],"picked":"SKIP","floor":30},{"not_picked":["hexamod:SpectralSpark","hexamod:FlamesFromBeyond","hexamod:ThermalTransfer"],"picked":"SKIP","floor":31},{"not_picked":["hexamod:NightmareGuise","hexamod:PhantomFireball+1","hexamod:HeatMetal"],"picked":"SKIP","floor":32},{"not_picked":["hexamod:NightmareStrike","hexamod:SpectersWail","hexamod:ParanormalForm"],"picked":"SKIP","floor":32},{"not_picked":["hexamod:UnleashSpirits","hexamod:TurnItUp"],"picked":"hexamod:ApocalypticArmor","floor":33},{"not_picked":["hexamod:HeatMetal+1","hexamod:RetreatToShadows+1","hexamod:ThermalTransfer"],"picked":"SKIP","floor":36},{"not_picked":["hexamod:HeatShield+1","hexamod:EtherealExpedition","hexamod:FastForward+1"],"picked":"SKIP","floor":36},{"not_picked":["hexamod:GhostOfSpirePast+1","hexamod:ThermalTransfer","hexamod:SuperheatedStrike+1"],"picked":"SKIP","floor":37},{"not_picked":["hexamod:ShieldOfDarkness+1","hexamod:BacktrackSmack+1","hexamod:PowerFromBeyond+1"],"picked":"SKIP","floor":38},{"not_picked":["hexamod:NecessarySacrifice","hexamod:HauntingEcho"],"picked":"hexamod:FourthSeal","floor":40},{"not_picked":["hexamod:GhostOfSpirePast+1","hexamod:ChargedBarrage","hexamod:ExtraCrispy"],"picked":"SKIP","floor":42},{"not_picked":["hexamod:NecessarySacrifice","hexamod:PhantomCloak","hexamod:HeatCrush+1"],"picked":"SKIP","floor":46},{"not_picked":["hexamod:GhostOfSpireFuture","hexamod:RainOfEmbers+1","hexamod:GhostOfSpirePast"],"picked":"SKIP","floor":46},{"not_picked":["hexamod:GhostLash+1","hexamod:RainOfEmbers+1","hexamod:SpectersWail"],"picked":"SKIP","floor":47},{"not_picked":["hexamod:FlamesFromBeyond+1","hexamod:GhostOfSpirePresent","hexamod:Firestarter+1"],"picked":"SKIP","floor":47},{"not_picked":["hexamod:RadiantFlame+1","hexamod:SpectralSpark+1","hexamod:FlamesFromBeyond"],"picked":"SKIP","floor":48},{"not_picked":["hexamod:InspiringFlames","hexamod:AdvancingGuard","hexamod:SkipABeat"],"picked":"SKIP","floor":48},{"not_picked":["hexamod:ChargedBarrage","hexamod:NecessarySacrifice+1","hexamod:RecurringNightmare"],"picked":"SKIP","floor":49}],"player_experience":2144737,"relics_obtained":[{"floor":4,"key":"reliquary:QuartzCube"},{"floor":7,"key":"Pantograph"},{"floor":8,"key":"Strawberry"},{"floor":11,"key":"reliquary:IridiumChain"},{"floor":14,"key":"Centennial Puzzle"},{"floor":24,"key":"FossilizedHelix"},{"floor":41,"key":"Incense Burner"}],"event_choices":[{"damage_healed":0,"gold_gain":0,"player_choice":"Leave","damage_taken":0,"max_hp_gain":0,"max_hp_loss":0,"event_name":"conspire:Investor","floor":39,"gold_loss":0}],"is_beta":false,"boss_relics":[{"not_picked":["conspire:SpecialSausage","hexamod:UnbrokenSoul"],"picked":"DemoMod:RiddleOfLead"},{"not_picked":["reliquary:WritOfMandamus","conspire:RoyalGoblet"],"picked":"sneckomod:SneckoTalon"}],"items_purged_floors":[],"is_endless":false,"potions_floor_spawned":[2,5,6,11,14,16,22,28,30,31,36,47,48],"ascension_level":0}}