{"host":"0fm1w3v00gid44jl","time":1613974882,"event":{"mods":["AchievementEnabler","BaseMod","Colored Map","Colored Powertips","Displayed Cursed Tome","Googly Eyes","Highlight Path","Minty Spire (QoL Compilation)","Permanent Neow","Relic Stats","StSLib","SuperFastMode","slay the spire mod where everything is the same but ironclad has a cowboy hat"],"gold_per_floor":[109,123,43,53,53,53,53],"floor_reached":6,"language":"ENG","playtime":133,"items_purged":[],"score":38,"play_id":"421b38e3-9121-41f2-b0bb-d3a0fdb0fc5a","local_time":"20210222002122","is_ascension_mode":true,"campfire_choices":[],"circlet_count":0,"master_deck":["Strike_G","Strike_G","Strike_G","Strike_G","Strike_G","Defend_G","Defend_G","Defend_G","Defend_G","Defend_G","Survivor","Neutralize","Dagger Spray","Dash","Blur","Caltrops","Dagger Spray"],"relics":["Ring of the Snake","Regal Pillow"],"acts_visited":["Exordium"],"potions_floor_usage":[],"damage_taken":[{"damage":0,"enemies":"Cultist","floor":1,"turns":4},{"damage":0,"enemies":"2 Louse","floor":2,"turns":3},{"damage":2,"enemies":"Jaw Worm","floor":4,"turns":4},{"damage":0,"enemies":"Lagavulin","floor":6,"turns":1}],"seed_played":"-8912054414780554491","potions_obtained":[{"floor":1,"key":"DistilledChaos"},{"floor":2,"key":"BlessingOfTheForge"}],"is_trial":false,"path_per_floor":["M","M","$","M","?","E"],"character_chosen":"THE_SILENT","items_purchased":["Caltrops"],"campfire_rested":0,"item_purchase_floors":[3],"current_hp_per_floor":[70,70,70,68,61,61,61],"gold":53,"neow_bonus":"THREE_CARDS","is_daily":false,"chose_seed":false,"campfire_upgraded":0,"win_rate":0.0,"timestamp":1613974882,"path_taken":["M","M","$","?","?","E"],"items_purchased_type":["Card"],"build_version":"2020-12-22","purchased_purges":0,"victory":false,"max_hp_per_floor":[70,70,70,70,70,70,70],"relic_stats":{"Regal Pillow":0,"counters":[4,12],"obtain_stats":[{"Regal Pillow":5,"Ring of the Snake":0},{"Regal Pillow":3,"Ring of the Snake":0},{"Regal Pillow":11,"Ring of the Snake":0}],"Ring of the Snake":[8]},"card_choices":[{"not_picked":["Slice","Prepared"],"picked":"Dagger Spray","floor":0},{"not_picked":["Flechettes","Prepared"],"picked":"Dash","floor":1},{"not_picked":["Prepared","Sucker Punch"],"picked":"Blur","floor":2},{"not_picked":["Deadly Poison","Underhanded Strike"],"picked":"Dagger Spray","floor":4}],"player_experience":1127505,"relics_obtained":[],"event_choices":[{"damage_healed":0,"gold_gain":0,"player_choice":"Success","damage_taken":7,"relics_obtained":["Regal Pillow"],"max_hp_gain":0,"max_hp_loss":0,"event_name":"Scrap Ooze","floor":5,"gold_loss":0}],"is_beta":false,"boss_relics":[],"items_purged_floors":[],"is_endless":false,"potions_floor_spawned":[1,2],"killed_by":"Lagavulin","ascension_level":1}}