{"host":"18wi9kpcl4eah7pe","time":1613964725,"event":{"mods":["BaseMod","Colored Powertips","Downfall","Minty Spire (QoL Compilation)","StSLib"],"gold_per_floor":[99,99,99,549,474,493,519,249,263,273,300,400,200,220,238,339,339,339,356,370,370,370,370,425,437,337,337,337,362,362,382,402,503,503,503,523,533,132,145,145,145,195,221,57,57,73,73,100,118,118,118,118,118,118],"floor_reached":52,"language":"ENG","playtime":2488,"items_purged":["downfall:Icky","downfall:Icky"],"score":993,"play_id":"18c68354-f377-47f5-abe2-a572ef935c64","local_time":"20210221213205","is_ascension_mode":true,"campfire_choices":[{"floor":1.0,"key":"RECALL"},{"floor":13.0,"key":"REST"},{"data":"bronze:Library","floor":18.0,"key":"SMITH"},{"floor":23.0,"key":"REST"},{"floor":26.0,"key":"REST"},{"data":"bronze:GetLatest","floor":28.0,"key":"SMITH"},{"data":"bronze:FineTuning","floor":30.0,"key":"SMITH"},{"data":"bronze:BuggyMess","floor":35.0,"key":"SMITH"},{"floor":40,"key":"REST"}],"circlet_count":0,"master_deck":["bronze:Strike","bronze:Strike","bronze:Strike","bronze:Defend","bronze:Defend","bronze:Defend","bronze:Replicate","bronze:Goto","bronze:Overheat","bronze:BuggyMess+1","bronze:ItsAFeature","bronze:GetLatest+1","bronze:Constructor","bronze:Separator","bronze:Terminator","bronze:NullPointer","bronze:Repair","bronze:OilSpill","bronze:FineTuning+1","bronze:Library+1","bronze:FollowUp","bronze:Flail","bronze:DelayedGuard+1","bronze:Iterate","bronze:ChosenStrike+1","bronze:Backtrace+1","bronze:Boost","bronze:Verify","bronze:NullPointer","bronze:OilSpill+1","bronze:NullPointer+1","bronze:Optimize+1","bronze:Overheat+1","bronze:Format+1","bronze:CutThrough","bronze:ForceShield+1","bronze:DelayedSlice+1","bronze:Turbo+1"],"relics":["bronze:BronzeCore","downfall:HeartsMalice","Regal Pillow","Omamori","Ancient Tea Set","Toy Ornithopter","downfall:HeartBlessingRed","downfall:HeartBlessingGreen","Calling Bell","Potion Belt","Meat on the Bone","Thread and Needle","sneckomod:BabySnecko","downfall:HeartBlessingBlue","Ice Cream","bronze:ElectromagneticCoil","Turnip","Toxic Egg 2","StoneCalendar","Blue Candle","hexamod:BolsterEngine","Lantern"],"acts_visited":["Exordium","TheCity","TheBeyond","TheEnding"],"potions_floor_usage":[48,48,49,50],"damage_taken":[{"damage":0.0,"enemies":"Jaw Worm","floor":2.0,"turns":1.0},{"damage":0.0,"enemies":"downfall:FleeingMerchant","floor":3.0,"turns":1.0},{"damage":0.0,"enemies":"downfall:FleeingMerchant","floor":5.0,"turns":1.0},{"damage":7.0,"enemies":"Small Slimes","floor":6.0,"turns":4.0},{"damage":0.0,"enemies":"downfall:FleeingMerchant","floor":8.0,"turns":4.0},{"damage":0.0,"enemies":"Cultist","floor":9.0,"turns":3.0},{"damage":8.0,"enemies":"3 Louse","floor":10.0,"turns":3.0},{"damage":37.0,"enemies":"3 Sentries","floor":11.0,"turns":13.0},{"damage":7.0,"enemies":"downfall:LadyInBlue","floor":12.0,"turns":11.0},{"damage":0.0,"enemies":"downfall:LooterAlt","floor":14.0,"turns":2.0},{"damage":6.0,"enemies":"Exordium Wildlife","floor":15.0,"turns":2.0},{"damage":4.0,"enemies":"SI_SHIV_ARCHETYPE","floor":16.0,"turns":4.0},{"damage":19.0,"enemies":"3 Byrds","floor":19.0,"turns":6.0},{"damage":6.0,"enemies":"Spheric Guardian","floor":20.0,"turns":4.0},{"damage":69.0,"enemies":"Centurion and Healer","floor":25.0,"turns":6.0},{"damage":15.0,"enemies":"Gremlin Leader","floor":29.0,"turns":6.0},{"damage":2.0,"enemies":"Chosen and Byrds","floor":31.0,"turns":4.0},{"damage":8.0,"enemies":"Sentry and Sphere","floor":32.0,"turns":5.0},{"damage":85.0,"enemies":"DF_ARCHETYPE_CLAW","floor":33.0,"turns":9.0},{"damage":8.0,"enemies":"3 Darklings","floor":36.0,"turns":5.0},{"damage":13.0,"enemies":"Orb Walker","floor":37.0,"turns":3.0},{"damage":0.0,"enemies":"downfall:FleeingMerchant","floor":38.0,"turns":4.0},{"damage":6,"enemies":"Transient","floor":39,"turns":5},{"damage":14,"enemies":"Transient","floor":42,"turns":5},{"damage":4,"enemies":"Nemesis","floor":43,"turns":5},{"damage":16,"enemies":"downfall:FleeingMerchant","floor":44,"turns":4},{"damage":17,"enemies":"4 Shapes","floor":46,"turns":5},{"damage":53,"enemies":"Reptomancer","floor":48,"turns":7},{"damage":20,"enemies":"Jaw Worm Horde","floor":49,"turns":4},{"damage":53,"enemies":"WA_ARCHETYPE_DIVINITY","floor":50,"turns":9},{"damage":106,"enemies":"downfall:CharBossMerchant","floor":52,"turns":6}],"seed_played":"-3378296754866014507","potions_obtained":[{"floor":6.0,"key":"Fire Potion"},{"floor":9.0,"key":"Fire Potion"},{"floor":11.0,"key":"SkillPotion"},{"floor":12.0,"key":"AttackPotion"},{"floor":12.0,"key":"bronze:BuildAFunctionPotion"},{"floor":12.0,"key":"SneckoOil"},{"floor":16.0,"key":"Block Potion"},{"floor":29.0,"key":"champ:CounterPotion"},{"floor":31.0,"key":"Swift Potion"},{"floor":32.0,"key":"LiquidBronze"},{"floor":33.0,"key":"ColorlessPotion"},{"floor":36.0,"key":"GamblersBrew"},{"floor":39,"key":"Fire Potion"},{"floor":46,"key":"SkillPotion"},{"floor":48,"key":"Swift Potion"},{"floor":49,"key":"Block Potion"}],"is_trial":false,"path_per_floor":["R","M","$","?","$","M","T","$","M","M","E","?","R","M","M","B",null,"R","M","M","?","?","R","T","M","R","?","R","E","R","M","M","B",null,"R","M","M","$","M","R","T","?","E","$","?","M","?","E","M","B",null,"E"],"character_chosen":"THE_AUTOMATON","items_purchased":["Omamori","Turnip","FairyPotion","hexamod:BolsterEngine"],"campfire_rested":4,"item_purchase_floors":[8,38,38,44],"current_hp_per_floor":[63,63,63,63,63,56,56,56,56,48,11,4,40,40,39,40,63,63,51,52,52,39,75,75,25,75,75,75,67,67,65,69,13,67,67,64,56,64,66,85,85,71,74,68,68,61,61,37,44,48,76,0,0,0],"gold":118,"neow_bonus":"THREE_ENEMY_KILL","is_daily":false,"chose_seed":false,"campfire_upgraded":4,"win_rate":0.0,"timestamp":1613964725,"path_taken":["R","M","$","?","$","M","T","$","M","M","E","?","R","?","M","BOSS","R","M","M","?","?","R","T","M","R","?","R","E","R","?","M","BOSS","R","M","M","$","?","R","T","?","E","$","?","?","?","E","M","BOSS","E"],"items_purchased_type":["Relic","Relic","Potion","Relic"],"build_version":"2020-12-22","purchased_purges":2,"victory":false,"max_hp_per_floor":[70,70,70,70,70,70,70,70,70,70,70,70,70,70,70,70,70,70,70,70,70,75,75,75,75,85,85,85,85,85,85,85,85,85,85,85,85,85,85,85,85,85,85,85,85,85,85,85,85,85,85,85,85,85],"card_choices":[{"not_picked":["bronze:Branch","bronze:Invalidate"],"picked":"bronze:Overheat","floor":2.0},{"not_picked":["bronze:BitShift","bronze:CloningBeam"],"picked":"bronze:BuggyMess","floor":3.0},{"not_picked":["bronze:NullPointer","bronze:CutThrough"],"picked":"bronze:ItsAFeature","floor":5.0},{"not_picked":["bronze:BitShift","bronze:Safeguard"],"picked":"bronze:GetLatest","floor":6.0},{"not_picked":["bronze:Overheat","bronze:DarkDash"],"picked":"bronze:Constructor","floor":8.0},{"not_picked":["bronze:Shield","bronze:DelayedSlice"],"picked":"bronze:Separator","floor":9.0},{"not_picked":["bronze:DelayedSlice","bronze:Overheat"],"picked":"bronze:Terminator","floor":10.0},{"not_picked":["bronze:Iterate","bronze:Turbo"],"picked":"bronze:NullPointer","floor":11.0},{"not_picked":["bronze:Break","bronze:Invalidate"],"picked":"bronze:Repair","floor":12.0},{"not_picked":["bronze:CutThrough","bronze:Frontload"],"picked":"bronze:OilSpill","floor":14.0},{"not_picked":["bronze:CutThrough","bronze:BronzeArmor"],"picked":"bronze:FineTuning","floor":15.0},{"not_picked":["bronze:Assembly","bronze:Virus"],"picked":"bronze:Library","floor":16.0},{"not_picked":["bronze:DarkDash","bronze:CutThrough"],"picked":"bronze:FollowUp","floor":19.0},{"not_picked":["bronze:Deprecate","bronze:Invalidate"],"picked":"bronze:Flail","floor":20.0},{"not_picked":["bronze:Separator+1","bronze:WildBeam"],"picked":"bronze:DelayedGuard+1","floor":25.0},{"not_picked":["bronze:WhirlingStrike","bronze:ForceShield"],"picked":"bronze:ChosenStrike+1","floor":29.0},{"not_picked":["bronze:Overheat+1","bronze:ForceShield"],"picked":"bronze:Backtrace+1","floor":31.0},{"not_picked":["bronze:WhirlingStrike","bronze:ChildClass+1"],"picked":"bronze:Boost","floor":32.0},{"not_picked":["bronze:TinkerersToolbox","bronze:Hardcode"],"picked":"bronze:Verify","floor":33.0},{"not_picked":["bronze:Iterate","bronze:ForLoop"],"picked":"bronze:NullPointer","floor":36.0},{"not_picked":["bronze:Invalidate","bronze:BuggyMess+1"],"picked":"bronze:OilSpill+1","floor":37.0},{"not_picked":["bronze:Iterate+1","bronze:WildBeam+1","bronze:BuggyMess+1"],"picked":"SKIP","floor":38.0},{"not_picked":["bronze:Separator","bronze:Return+1"],"picked":"bronze:NullPointer+1","floor":39},{"not_picked":["bronze:Branch","bronze:DelayedSlice"],"picked":"bronze:Optimize+1","floor":42},{"not_picked":["bronze:WhirlingStrike","bronze:BronzeArmor+1"],"picked":"bronze:Overheat+1","floor":43},{"not_picked":["bronze:WhirlingStrike","bronze:BitShift+1"],"picked":"bronze:Format+1","floor":44},{"not_picked":["bronze:Fortify","bronze:BuggyMess+1"],"picked":"bronze:ForceShield+1","floor":46},{"not_picked":["bronze:OilSpill","bronze:Iterate"],"picked":"bronze:DelayedSlice+1","floor":48},{"not_picked":["bronze:Deprecate+1","bronze:BitShift+1"],"picked":"bronze:Turbo+1","floor":49}],"player_experience":1042391,"relics_obtained":[{"floor":7.0,"key":"Regal Pillow"},{"floor":11.0,"key":"Ancient Tea Set"},{"floor":12.0,"key":"Toy Ornithopter"},{"floor":17.0,"key":"Potion Belt"},{"floor":17.0,"key":"Meat on the Bone"},{"floor":17.0,"key":"Thread and Needle"},{"floor":29.0,"key":"Ice Cream"},{"floor":41,"key":"Toxic Egg 2"},{"floor":42,"key":"StoneCalendar"},{"floor":43,"key":"Blue Candle"},{"floor":48,"key":"Lantern"}],"event_choices":[{"cards_removed":["bronze:Defend"],"damage_healed":0,"gold_gain":0,"player_choice":"Removed Skill","damage_taken":0,"max_hp_gain":0,"max_hp_loss":0,"event_name":"Falling","floor":47,"gold_loss":0}],"is_beta":false,"boss_relics":[{"not_picked":["Runic Dome","Fusion Hammer"],"picked":"Calling Bell"},{"not_picked":["Runic Pyramid","Sozu"],"picked":"bronze:ElectromagneticCoil"}],"items_purged_floors":[5,8],"is_endless":false,"potions_floor_spawned":[6,9,11,12,14,16,29,31,32,33,36,39,46,48,49],"killed_by":"downfall:CharBossMerchant","ascension_level":7}}