{"host":"zsnmfqgcm92hlreo","time":1613958481,"event":{"mods":["AchievementEnabler","BaseMod","Bestiary","Block Reminder","Colored Map","Colored Powertips","Filter the Spire","Minty Spire (QoL Compilation)","Permanent Neow","Quick Restart","Relic Stats","StSLib","Weighted Paths"],"gold_per_floor":[118,137,137,102,3,38,55,90,90,10,42,52,67,105,105,191,191,220,239,255,282,304,345,360,275,275,559,559,149,189,201,201,201,201],"floor_reached":33,"language":"ENG","playtime":1312,"items_purged":["Regret"],"score":834,"play_id":"62b6ff3b-1f19-4b40-8535-bffe87c4f183","local_time":"20210221194801","is_ascension_mode":true,"campfire_choices":[{"floor":15.0,"key":"REST"},{"floor":28,"key":"REST"},{"data":"Ragnarok","floor":32,"key":"SMITH"}],"circlet_count":0,"master_deck":["AscendersBane","Strike_P","Strike_P","Strike_P","Strike_P","Defend_P","Defend_P","Defend_P","Eruption","Vigilance","LikeWater","Conclude","EmptyMind","LikeWater","Crescendo","EmptyFist","DeusExMachina","Ragnarok+1","Vengeance","Worship","BowlingBash","Omniscience","Worship","LikeWater","Ghostly","Ghostly","Ghostly","FearNoEvil","ThirdEye","Ragnarok"],"relics":["Snecko Eye","Ornamental Fan","Bag of Preparation","Letter Opener","Matryoshka","CeramicFish","Philosopher\u0027s Stone","TungstenRod","Meat on the Bone","Bronze Scales","Question Card","Lee\u0027s Waffle","Ancient Tea Set","Akabeko"],"acts_visited":["Exordium","TheCity"],"potions_floor_usage":[30,33],"damage_taken":[{"damage":8.0,"enemies":"2 Louse","floor":1.0,"turns":2.0},{"damage":0.0,"enemies":"Small Slimes","floor":2.0,"turns":4.0},{"damage":7.0,"enemies":"Lagavulin","floor":6.0,"turns":7.0},{"damage":4.0,"enemies":"Jaw Worm","floor":7.0,"turns":3.0},{"damage":10.0,"enemies":"3 Sentries","floor":8.0,"turns":12.0},{"damage":0.0,"enemies":"Lagavulin","floor":11.0,"turns":2.0},{"damage":2.0,"enemies":"Exordium Thugs","floor":12.0,"turns":2.0},{"damage":10.0,"enemies":"Gremlin Gang","floor":13.0,"turns":2.0},{"damage":20.0,"enemies":"3 Sentries","floor":14.0,"turns":6.0},{"damage":0.0,"enemies":"Slime Boss","floor":16.0,"turns":4.0},{"damage":0.0,"enemies":"Shell Parasite","floor":18.0,"turns":1.0},{"damage":0.0,"enemies":"2 Thieves","floor":19.0,"turns":1.0},{"damage":16.0,"enemies":"Shelled Parasite and Fungi","floor":20.0,"turns":2.0},{"damage":0.0,"enemies":"Snecko","floor":22.0,"turns":1.0},{"damage":20.0,"enemies":"Book of Stabbing","floor":23.0,"turns":3.0},{"damage":0,"enemies":"Sentry and Sphere","floor":24,"turns":3},{"damage":0,"enemies":"Gremlin Leader","floor":30,"turns":3},{"damage":0,"enemies":"Snake Plant","floor":31,"turns":1},{"damage":69,"enemies":"Automaton","floor":33,"turns":6}],"seed_played":"-7943926107373954164","potions_obtained":[{"floor":1.0,"key":"BlessingOfTheForge"},{"floor":2.0,"key":"Strength Potion"},{"floor":7.0,"key":"Weak Potion"},{"floor":13.0,"key":"Swift Potion"},{"floor":18.0,"key":"BottledMiracle"},{"floor":20.0,"key":"AttackPotion"},{"floor":30,"key":"BottledMiracle"}],"is_trial":false,"path_per_floor":["M","M","?","?","$","E","M","E","T","$","E","M","M","E","R","B",null,"M","M","M","?","M","E","M","?","T","?","R","$","E","M","R","B"],"character_chosen":"WATCHER","items_purchased":["LikeWater","Crescendo","Ragnarok","Lee\u0027s Waffle","Ancient Tea Set"],"campfire_rested":2,"item_purchase_floors":[5,5,10,29,29],"current_hp_per_floor":[53,53,53,68,68,61,57,47,47,47,47,45,35,15,35,35,60,60,60,44,34,34,14,14,14,14,14,24,41,41,41,41,0,0],"gold":201,"neow_bonus":"BOSS_RELIC","is_daily":false,"chose_seed":false,"campfire_upgraded":1,"win_rate":0.0,"timestamp":1613958481,"path_taken":["M","M","?","?","?","E","?","E","T","$","E","M","M","E","R","BOSS","M","?","M","?","M","E","M","?","T","?","R","$","E","?","R","BOSS"],"items_purchased_type":["Card","Card","Card","Relic","Relic"],"build_version":"2020-12-22","purchased_purges":1,"victory":false,"max_hp_per_floor":[68,68,68,68,68,68,68,68,68,68,68,68,68,68,68,68,68,68,68,68,34,34,34,34,34,34,34,34,41,41,41,41,41,41],"relic_stats":{"Lee\u0027s Waffle":17,"counters":[19,65],"Ornamental Fan":[60],"CeramicFish":99,"Bronze Scales":[18],"Snecko Eye":[108,104,128,108],"Bag of Preparation":[28],"Letter Opener":[101],"Question Card":2,"obtain_stats":[{"Lee\u0027s Waffle":29,"CeramicFish":14,"Bag of Preparation":8,"Letter Opener":9,"Question Card":26,"Ancient Tea Set":29,"Akabeko":30,"Matryoshka":11,"Ornamental Fan":6,"Bronze Scales":26,"Snecko Eye":0,"Philosopher\u0027s Stone":17,"PureWater":0,"TungstenRod":23,"Meat on the Bone":25},{"Lee\u0027s Waffle":16,"CeramicFish":9,"Bag of Preparation":5,"Letter Opener":5,"Question Card":16,"Ancient Tea Set":16,"Akabeko":17,"Matryoshka":6,"Ornamental Fan":3,"Bronze Scales":16,"Snecko Eye":0,"Philosopher\u0027s Stone":10,"PureWater":0,"TungstenRod":15,"Meat on the Bone":16},{"Lee\u0027s Waffle":55,"CeramicFish":40,"Bag of Preparation":28,"Letter Opener":28,"Question Card":55,"Ancient Tea Set":55,"Akabeko":58,"Matryoshka":30,"Ornamental Fan":13,"Bronze Scales":55,"Snecko Eye":0,"Philosopher\u0027s Stone":44,"PureWater":0,"TungstenRod":52,"Meat on the Bone":55}],"TungstenRod":4,"Meat on the Bone":0},"card_choices":[{"not_picked":["Weave","FlurryOfBlows"],"picked":"LikeWater","floor":1.0},{"not_picked":["PathToVictory","Study"],"picked":"Conclude","floor":2.0},{"not_picked":["ClearTheMind","InnerPeace"],"picked":"EmptyFist","floor":6.0},{"not_picked":["Halt","FlurryOfBlows","CrushJoints"],"picked":"SKIP","floor":7.0},{"not_picked":["CrushJoints","EmptyFist"],"picked":"DeusExMachina","floor":8.0},{"not_picked":["PathToVictory","Evaluate"],"picked":"Vengeance","floor":11.0},{"not_picked":["EmptyBody","WaveOfTheHand"],"picked":"Worship","floor":12.0},{"not_picked":["Meditate","FlyingSleeves","CrushJoints"],"picked":"SKIP","floor":13.0},{"not_picked":["ThirdEye","JustLucky"],"picked":"BowlingBash","floor":14.0},{"not_picked":["Scrawl","Ragnarok"],"picked":"Omniscience","floor":16.0},{"not_picked":["ClearTheMind+1","Crescendo"],"picked":"Worship","floor":18.0},{"not_picked":["FlyingSleeves","Wireheading"],"picked":"LikeWater","floor":19.0},{"not_picked":["Pray","BattleHymn+1","Crescendo+1"],"picked":"SKIP","floor":20.0},{"not_picked":["Fasting2","EmptyFist"],"picked":"FearNoEvil","floor":22.0},{"not_picked":["Prostrate","FlyingSleeves"],"picked":"ThirdEye","floor":23.0},{"not_picked":["Devotion","SignatureMove","Indignation"],"picked":"SKIP","floor":24},{"not_picked":["Halt","ClearTheMind+1","SashWhip"],"picked":"Ragnarok","floor":30},{"not_picked":["Vengeance","CutThroughFate","Perseverance","Study+1"],"picked":"SKIP","floor":31}],"player_experience":1259495,"relics_obtained":[{"floor":6.0,"key":"Ornamental Fan"},{"floor":8.0,"key":"Bag of Preparation"},{"floor":9.0,"key":"Letter Opener"},{"floor":11.0,"key":"Matryoshka"},{"floor":14.0,"key":"CeramicFish"},{"floor":23.0,"key":"TungstenRod"},{"floor":26,"key":"Bronze Scales"},{"floor":26,"key":"Question Card"},{"floor":30,"key":"Akabeko"}],"event_choices":[{"damage_healed":0.0,"max_hp_gain":0.0,"max_hp_loss":0.0,"gold_gain":0.0,"cards_transformed":["Defend_P"],"event_name":"Living Wall","player_choice":"Change","floor":3.0,"gold_loss":0.0,"damage_taken":0.0,"cards_obtained":["EmptyMind"]},{"damage_healed":17.0,"max_hp_gain":0.0,"max_hp_loss":0.0,"gold_gain":0.0,"event_name":"The Cleric","player_choice":"Healed","floor":4.0,"gold_loss":35.0,"damage_taken":0.0},{"damage_healed":0.0,"max_hp_gain":0.0,"max_hp_loss":34.0,"gold_gain":0.0,"event_name":"Ghosts","player_choice":"Became a Ghost","floor":21.0,"gold_loss":0.0,"damage_taken":0.0,"cards_obtained":["Ghostly","Ghostly","Ghostly"]},{"damage_healed":0,"gold_gain":0,"player_choice":"Obtained Relic","damage_taken":0,"relics_obtained":["Meat on the Bone"],"max_hp_gain":0,"max_hp_loss":0,"event_name":"Addict","floor":25,"gold_loss":85},{"damage_healed":0,"gold_gain":275,"player_choice":"Desecrate","damage_taken":0,"max_hp_gain":0,"max_hp_loss":0,"event_name":"Golden Shrine","floor":27,"gold_loss":0,"cards_obtained":["Regret"]}],"is_beta":false,"boss_relics":[{"not_picked":["Velvet Choker","Cursed Key"],"picked":"Philosopher\u0027s Stone"}],"items_purged_floors":[29],"is_endless":false,"potions_floor_spawned":[1,2,7,13,18,20,30],"killed_by":"Automaton","ascension_level":20}}