{"host":"prxrhpgaxnj4om9r","time":1613999941,"event":{"mods":["AchievementEnabler","BaseMod","Colored Map","DeckTracker","Minty Spire (QoL Compilation)"],"gold_per_floor":[113,41,41,41,58,88,107,118,118,118,137,137,162,337,337,337,337],"floor_reached":16,"language":"KOR","playtime":536,"items_purged":[],"score":130,"play_id":"79568f43-e8c2-4a7b-ad45-31b49e7c80ff","local_time":"20210222221901","is_ascension_mode":true,"campfire_choices":[{"floor":12,"key":"REST"},{"data":"Backflip","floor":15,"key":"SMITH"}],"circlet_count":0,"master_deck":["Strike_G","Strike_G","Strike_G","Strike_G","Defend_G","Defend_G","Defend_G","Defend_G","Survivor+1","Neutralize","Poisoned Stab","Adrenaline","Dagger Spray","Flying Knee","All Out Attack","Die Die Die","Blade Dance","Leg Sweep","Backflip+1","Backstab","Doubt"],"relics":["Ring of the Snake","Dream Catcher","Lantern","Odd Mushroom"],"acts_visited":["Exordium"],"potions_floor_usage":[6,13,16],"damage_taken":[{"damage":9,"enemies":"Cultist","floor":1,"turns":5},{"damage":1,"enemies":"2 Louse","floor":5,"turns":2},{"damage":8,"enemies":"Gremlin Nob","floor":6,"turns":3},{"damage":4,"enemies":"Jaw Worm","floor":7,"turns":2},{"damage":18,"enemies":"Large Slime","floor":8,"turns":3},{"damage":0,"enemies":"Lots of Slimes","floor":11,"turns":1},{"damage":0,"enemies":"The Mushroom Lair","floor":13,"turns":1},{"damage":47,"enemies":"Hexaghost","floor":16,"turns":12}],"seed_played":"-8397694817785229354","potions_obtained":[{"floor":5,"key":"FearPotion"},{"floor":8,"key":"GamblersBrew"},{"floor":11,"key":"Strength Potion"}],"is_trial":false,"path_per_floor":["M","$","?","$","M","E","M","M","T","?","M","R","?","?","R","B"],"character_chosen":"THE_SILENT","items_purchased":["Adrenaline"],"campfire_rested":1,"item_purchase_floors":[2],"current_hp_per_floor":[54,54,54,54,53,45,41,23,23,23,23,44,44,44,44,0,0],"gold":337,"neow_bonus":"UPGRADE_CARD","is_daily":false,"chose_seed":false,"campfire_upgraded":1,"win_rate":0.0,"timestamp":1613999941,"path_taken":["M","?","?","?","M","E","M","M","T","?","?","R","?","?","R","BOSS"],"items_purchased_type":["Card"],"build_version":"2020-12-22","purchased_purges":0,"victory":false,"max_hp_per_floor":[70,70,70,70,70,70,70,70,70,70,70,70,70,70,70,70,70],"card_choices":[{"not_picked":["Dodge and Roll","Endless Agony"],"picked":"Poisoned Stab","floor":1},{"not_picked":["Heel Hook","Concentrate"],"picked":"Flying Knee","floor":5},{"not_picked":["Underhanded Strike","Deflect"],"picked":"All Out Attack","floor":6},{"not_picked":["Dagger Spray","Blade Dance"],"picked":"Die Die Die","floor":7},{"not_picked":["Underhanded Strike","Outmaneuver"],"picked":"Blade Dance","floor":8},{"not_picked":["Concentrate","Flying Knee"],"picked":"Leg Sweep","floor":11},{"not_picked":["Well Laid Plans","Reflex"],"picked":"Backflip","floor":12},{"not_picked":["Backflip","Predator"],"picked":"Backstab","floor":13}],"player_experience":595389,"relics_obtained":[{"floor":6,"key":"Dream Catcher"},{"floor":9,"key":"Lantern"},{"floor":13,"key":"Odd Mushroom"}],"event_choices":[{"damage_healed":0,"gold_gain":0,"cards_transformed":["Defend_G"],"player_choice":"Change","damage_taken":0,"max_hp_gain":0,"max_hp_loss":0,"event_name":"Living Wall","floor":3,"gold_loss":0,"cards_obtained":["Dagger Spray"]},{"cards_removed":["Strike_G"],"damage_healed":0,"gold_gain":0,"player_choice":"Purged","damage_taken":0,"max_hp_gain":0,"max_hp_loss":0,"event_name":"Purifier","floor":10,"gold_loss":0},{"damage_healed":0,"gold_gain":0,"player_choice":"Fought Mushrooms","damage_taken":0,"max_hp_gain":0,"max_hp_loss":0,"event_name":"Mushrooms","floor":13,"gold_loss":0},{"damage_healed":0,"gold_gain":175,"player_choice":"AGREE","damage_taken":0,"max_hp_gain":0,"max_hp_loss":0,"event_name":"Liars Game","floor":14,"gold_loss":0,"cards_obtained":["Doubt"]}],"is_beta":false,"boss_relics":[],"items_purged_floors":[],"is_endless":false,"potions_floor_spawned":[5,8,11],"killed_by":"Hexaghost","ascension_level":6}}