{"host":"5sw3zovcv0q4yiho","time":1613962004,"event":{"mods":["BaseMod","Minty Spire (QoL Compilation)","Replay The Spire","StSLib"],"gold_per_floor":[115,134,134,151,166,199,219,219,219,219,248,248,77,93,93,192,192,207,207,226,29,29,57,72,72,72,72,72,100,111,311,311,408,408,419,429,479,493,505,505,520,520,544,544,155,182,182,208,208,208,208,208,113,145,145],"floor_reached":56,"language":"ENG","playtime":14185,"items_purged":["Defend_P","Strike_P","Voices"],"score":1300,"play_id":"568fbcb8-1ae8-435f-9e1a-c2edf440d3bf","local_time":"20210221204644","is_ascension_mode":false,"campfire_choices":[{"data":"Vigilance","floor":8.0,"key":"SMITH"},{"floor":10.0,"key":"REST"},{"floor":15.0,"key":"DIG"},{"floor":25.0,"key":"DIG"},{"data":"Protect","floor":40.0,"key":"SMITH"},{"floor":42,"key":"RECALL"},{"floor":49,"key":"DIG"},{"floor":52,"key":"DIG"}],"circlet_count":0,"master_deck":["Strike_P+1","Strike_P+1","Defend_P+1","Defend_P+1","Defend_P+1","Eruption","Vigilance+1","ThirdEye","JustLucky+1","Replay:DivineShield","ClearTheMind","BattleHymn","Crescendo","Nirvana","Dramatic Entrance","Tantrum","Establishment","SignatureMove","CrushJoints+1","CrushJoints+1","FlurryOfBlows","Weave","DevaForm","Vault","Protect+1","WindmillStrike","FlurryOfBlows","Replay:Hum+1","ThirdEye","Parasite","WheelKick+1","Apotheosis","Halt+1","Replay:ManipulateFuture","Evaluate+1"],"relics":["PureWater","HornCleat","Unceasing Top","Shovel","TungstenRod","Honey Jar","Toy Ornithopter","Happy Flower","Damaru","Ring of Peace","ReplayTheSpireMod:Ring of Addiction","White Beast Statue","SacredBark","Letter Opener","SlaversCollar","GoldenEye","Oddly Smooth Stone","ReplayTheSpireMod:TigerMarble","Replay:Baseball","Pet Ghost","Blue Candle","Garlic"],"acts_visited":["Exordium","TheCity","TheBeyond","TheEnding"],"potions_floor_usage":[48,50,54,55,55,55,55],"damage_taken":[{"damage":0.0,"enemies":"Small Slimes","floor":1.0,"turns":5.0},{"damage":1.0,"enemies":"Jaw Worm","floor":2.0,"turns":3.0},{"damage":0.0,"enemies":"Cultist","floor":4.0,"turns":2.0},{"damage":0.0,"enemies":"3 Louse","floor":5.0,"turns":3.0},{"damage":27.0,"enemies":"3 Sentries","floor":6.0,"turns":12.0},{"damage":0.0,"enemies":"Exordium Thugs","floor":7.0,"turns":7.0},{"damage":10.0,"enemies":"Lagavulin","floor":11.0,"turns":6.0},{"damage":0.0,"enemies":"2 Fungi Beasts","floor":14.0,"turns":4.0},{"damage":9.0,"enemies":"Hexaghost","floor":16.0,"turns":8.0},{"damage":7.0,"enemies":"2 Thieves","floor":18.0,"turns":4.0},{"damage":0.0,"enemies":"3 Byrds","floor":20.0,"turns":4.0},{"damage":6.0,"enemies":"Replay:Snechameleon","floor":23.0,"turns":5.0},{"damage":0.0,"enemies":"Snake Plant","floor":24.0,"turns":4.0},{"damage":8.0,"enemies":"Slavers","floor":29.0,"turns":5.0},{"damage":0.0,"enemies":"Centurion and Healer","floor":30.0,"turns":4.0},{"damage":0.0,"enemies":"Champ","floor":33.0,"turns":5.0},{"damage":6.0,"enemies":"3 Darklings","floor":35.0,"turns":5.0},{"damage":0.0,"enemies":"3 Shapes","floor":36.0,"turns":5.0},{"damage":0.0,"enemies":"Mind Bloom Boss Battle","floor":37.0,"turns":4.0},{"damage":3.0,"enemies":"3 Darklings","floor":38.0,"turns":4.0},{"damage":4.0,"enemies":"Jaw Worm Horde","floor":39.0,"turns":6.0},{"damage":0.0,"enemies":"Writhing Mass","floor":41.0,"turns":7.0},{"damage":0,"enemies":"Giant Head","floor":48,"turns":5},{"damage":28,"enemies":"Awakened One","floor":50,"turns":10},{"damage":29,"enemies":"Shield and Spear","floor":54,"turns":8},{"damage":18,"enemies":"The Heart","floor":55,"turns":8}],"seed_played":"843008291042479013","potions_obtained":[{"floor":2.0,"key":"Fire Potion"},{"floor":5.0,"key":"SteroidPotion"},{"floor":6.0,"key":"Block Potion"},{"floor":14.0,"key":"FearPotion"},{"floor":16.0,"key":"Block Potion"},{"floor":20.0,"key":"ColorlessPotion"},{"floor":27.0,"key":"Elixir"},{"floor":27.0,"key":"FearPotion"},{"floor":27.0,"key":"BlessingOfTheForge"},{"floor":29.0,"key":"SkillPotion"},{"floor":30.0,"key":"Weak Potion"},{"floor":33.0,"key":"LiquidMemories"},{"floor":35.0,"key":"Block Potion"},{"floor":36.0,"key":"Elixir"},{"floor":37.0,"key":"ColorlessPotion"},{"floor":38.0,"key":"SpeedPotion"},{"floor":39.0,"key":"FearPotion"},{"floor":41,"key":"Venom Potion"},{"floor":48,"key":"Regen Potion"},{"floor":54,"key":"StancePotion"}],"is_trial":false,"path_per_floor":["M","M","?","M","M","E","M","R","T","R","E","?","$","M","R","B",null,"M","?","M","$","?","E","M","R","T","?","?","E","M","?","R","B",null,"M","M","?","M","M","R","M","R","T","?","$","T","?","E","R","B",null,"R","$","E","B",null],"character_chosen":"WATCHER","items_purchased":["Dramatic Entrance","CultistPotion","Apotheosis","Regen Potion","BottledMiracle","Replay:ManipulateFuture"],"campfire_rested":1,"item_purchase_floors":[13,21,45,45,53,53],"current_hp_per_floor":[79,78,66,66,66,39,39,39,39,62,52,78,78,78,78,69,79,72,72,72,72,58,52,52,52,52,52,52,49,54,54,79,84,84,78,83,84,81,82,82,84,84,84,84,82,82,82,80,80,67,80,80,80,74,60],"gold":145,"neow_bonus":"TEN_PERCENT_HP_BONUS","is_daily":false,"chose_seed":false,"campfire_upgraded":2,"win_rate":0.0,"timestamp":1613962004,"path_taken":["M","M","?","M","M","E","M","R","T","R","E","?","$","M","R","BOSS","M","?","M","$","?","E","M","R","T","?","?","E","M","?","R","BOSS","M","M","?","M","M","R","M","R","T","?","$","?","?","E","R","BOSS","R","$","E","BOSS"],"items_purchased_type":["Card","Potion","Card","Potion","Potion","Card"],"build_version":"2020-12-22","purchased_purges":3,"victory":true,"max_hp_per_floor":[79,79,79,79,79,79,79,79,79,79,79,79,79,79,79,79,79,79,79,79,79,84,84,84,84,84,84,84,84,84,84,84,84,84,84,84,84,84,84,84,84,84,84,84,82,82,82,80,80,80,80,80,80,78,78],"card_choices":[{"not_picked":["Replay:BluntJabs","Evaluate"],"picked":"ThirdEye","floor":1.0},{"not_picked":["CarveReality","Worship"],"picked":"JustLucky","floor":2.0},{"not_picked":["Meditate","Replay:AtTheReady"],"picked":"Replay:DivineShield","floor":4.0},{"not_picked":["EmptyMind","Adaptation"],"picked":"ClearTheMind","floor":5.0},{"not_picked":["SignatureMove","SandsOfTime"],"picked":"BattleHymn","floor":6.0},{"not_picked":["FlurryOfBlows","ClearTheMind"],"picked":"Crescendo","floor":7.0},{"not_picked":["Indignation","ClearTheMind"],"picked":"Nirvana","floor":11.0},{"not_picked":["Evaluate","Scrawl"],"picked":"Tantrum","floor":14.0},{"not_picked":["Judgement","LessonLearned"],"picked":"Establishment","floor":16.0},{"not_picked":["EmptyFist","Sanctity+1","Study"],"picked":"SignatureMove","floor":18.0},{"not_picked":["BattleHymn+1","FlyingSleeves","Replay:AtTheReady"],"picked":"CrushJoints+1","floor":20.0},{"not_picked":["Brilliance","FearNoEvil","Replay:AtTheReady"],"picked":"CrushJoints+1","floor":23.0},{"not_picked":["Crescendo+1","BowlingBash","Replay:Battleflow"],"picked":"FlurryOfBlows","floor":24.0},{"not_picked":["Study","EmptyFist","EmptyBody"],"picked":"Weave","floor":29.0},{"not_picked":["InnerPeace","Replay:Battleflow+1","FollowUp+1"],"picked":"DevaForm","floor":30.0},{"not_picked":["Establishment","DevaForm","Omniscience"],"picked":"Vault","floor":33.0},{"not_picked":["EmptyBody+1","Halt+1","Conclude+1"],"picked":"Protect","floor":35.0},{"not_picked":["Study+1","Halt","SashWhip"],"picked":"WindmillStrike","floor":36.0},{"not_picked":["WheelKick+1","CrushJoints+1","FollowUp+1"],"picked":"FlurryOfBlows","floor":37.0},{"not_picked":["Evaluate","WreathOfFlame+1","DevaForm"],"picked":"Replay:Hum+1","floor":38.0},{"not_picked":["FollowUp","Meditate","ReachHeaven+1"],"picked":"ThirdEye","floor":39.0},{"not_picked":["Consecrate","Indignation+1","WreathOfFlame"],"picked":"WheelKick+1","floor":41},{"not_picked":["Nirvana","BowlingBash+1","Consecrate"],"picked":"Halt+1","floor":48},{"not_picked":["WreathOfFlame","FlyingSleeves","EmptyBody+1"],"picked":"Evaluate+1","floor":54}],"player_experience":298878,"relics_obtained":[{"floor":6.0,"key":"Unceasing Top"},{"floor":11.0,"key":"Shovel"},{"floor":15.0,"key":"TungstenRod"},{"floor":23.0,"key":"Toy Ornithopter"},{"floor":25.0,"key":"Happy Flower"},{"floor":26.0,"key":"Damaru"},{"floor":27.0,"key":"Ring of Peace"},{"floor":27.0,"key":"ReplayTheSpireMod:Ring of Addiction"},{"floor":27.0,"key":"White Beast Statue"},{"floor":27.0,"key":"SacredBark"},{"floor":29.0,"key":"Letter Opener"},{"floor":37.0,"key":"GoldenEye"},{"floor":43,"key":"Oddly Smooth Stone"},{"floor":46,"key":"ReplayTheSpireMod:TigerMarble"},{"floor":48,"key":"Replay:Baseball"},{"floor":49,"key":"Pet Ghost"},{"floor":52,"key":"Blue Candle"},{"floor":54,"key":"Garlic"}],"event_choices":[{"damage_healed":0.0,"max_hp_gain":0.0,"max_hp_loss":0.0,"gold_gain":0.0,"event_name":"Scrap Ooze","player_choice":"Success","floor":3.0,"gold_loss":0.0,"damage_taken":12.0,"relics_obtained":["HornCleat"]},{"damage_healed":26.0,"max_hp_gain":0.0,"max_hp_loss":0.0,"gold_gain":0.0,"event_name":"Big Fish","player_choice":"Banana","floor":12.0,"gold_loss":0.0,"damage_taken":0.0},{"damage_healed":0.0,"max_hp_gain":0.0,"max_hp_loss":0.0,"gold_gain":0.0,"event_name":"Ghosts","player_choice":"Ignored","floor":19.0,"gold_loss":0.0,"damage_taken":0.0},{"damage_healed":0.0,"max_hp_gain":5.0,"max_hp_loss":0.0,"gold_gain":0.0,"event_name":"Forgotten Altar","player_choice":"Shed Blood","floor":22.0,"gold_loss":0.0,"damage_taken":20.0},{"damage_healed":0.0,"max_hp_gain":0.0,"max_hp_loss":0.0,"gold_gain":0.0,"event_name":"Back to Basics","player_choice":"Simplicity","floor":28.0,"gold_loss":0.0,"damage_taken":0.0,"cards_upgraded":["Strike_P","Strike_P","Strike_P","Defend_P","Defend_P","Defend_P"]},{"damage_healed":0.0,"max_hp_gain":0.0,"max_hp_loss":0.0,"gold_gain":250.0,"event_name":"The Joust","player_choice":"Bet on Owner","floor":31.0,"gold_loss":50.0,"damage_taken":0.0},{"damage_healed":0.0,"max_hp_gain":0.0,"max_hp_loss":0.0,"gold_gain":0.0,"event_name":"MindBloom","player_choice":"Fight","floor":37.0,"gold_loss":0.0,"damage_taken":0.0},{"damage_healed":0,"gold_gain":0,"player_choice":"Ignored","damage_taken":0,"max_hp_gain":0,"max_hp_loss":0,"event_name":"NoteForYourself","floor":44,"gold_loss":0},{"cards_removed":["Strike_P"],"damage_healed":0,"gold_gain":0,"player_choice":"Card Removal","damage_taken":0,"max_hp_gain":0,"max_hp_loss":0,"event_name":"Wheel of Change","floor":47,"gold_loss":0}],"is_beta":false,"boss_relics":[{"not_picked":["Sozu","SacredBark"],"picked":"Honey Jar"},{"not_picked":["Philosopher\u0027s Stone","Replay:Ancient Bell"],"picked":"SlaversCollar"}],"items_purged_floors":[13,21,45],"is_endless":false,"potions_floor_spawned":[2,5,6,14,16,20,29,30,33,35,36,37,38,39,41,48,54],"ascension_level":0}}