{"host":"xz7n3qy1zq36rzpg","time":1613989857,"event":{"mods":["BaseMod","Colored Map","Colored Powertips","Highlight Path","Minty Spire (QoL Compilation)","Quick Restart","Shop Mod"],"gold_per_floor":[114,114,114,114,165,195,211,240,267,267,307,129,82,98,98,229,229,254,254,277,277,292,292,292,292,292,217,241,241,366,399,399,518,518,533,533,596,596,596],"floor_reached":38,"language":"ENG","playtime":1486,"items_purged":["Strike_R"],"score":553,"play_id":"5f16d83b-9faa-4f59-85a8-08fe498d561d","local_time":"20210222113057","is_ascension_mode":true,"campfire_choices":[{"data":"Body Slam","floor":15,"key":"SMITH"},{"data":"Bash","floor":23,"key":"SMITH"},{"floor":25,"key":"REST"},{"floor":32,"key":"REST"}],"circlet_count":0,"master_deck":["Strike_R+1","Strike_R+1","Defend_R","Defend_R","Defend_R","Bash+1","Cleave","Wild Strike","Body Slam+1","Pommel Strike","Flex","Shrug It Off","Blood for Blood","Hemokinesis","Thunderclap","Rampage","Anger+1","Inflame","Impervious","Sever Soul+1","Iron Wave+1","Sword Boomerang+1","Shrug It Off+1","Mayhem"],"relics":["Burning Blood","Lantern","Paper Frog","Whetstone","White Beast Statue","Omamori","Bronze Scales","Golden Idol","Juzu Bracelet","Lee\u0027s Waffle","Mark of Pain","Mango","Enchiridion","Mercury Hourglass","MutagenicStrength","Pocketwatch","Blue Candle","Torii","Astrolabe","Bird Faced Urn"],"acts_visited":["Exordium","TheCity","TheBeyond"],"potions_floor_usage":[16,20,22,28,30,30,33,33,37],"damage_taken":[{"damage":19,"enemies":"Small Slimes","floor":1,"turns":5},{"damage":49,"enemies":"Lagavulin","floor":6,"turns":8},{"damage":7,"enemies":"Jaw Worm","floor":7,"turns":3},{"damage":16,"enemies":"Gremlin Nob","floor":8,"turns":3},{"damage":20,"enemies":"3 Sentries","floor":11,"turns":6},{"damage":0,"enemies":"2 Louse","floor":14,"turns":1},{"damage":66,"enemies":"Hexaghost","floor":16,"turns":9},{"damage":7,"enemies":"Chosen","floor":18,"turns":3},{"damage":7,"enemies":"3 Byrds","floor":20,"turns":3},{"damage":58,"enemies":"Snecko","floor":22,"turns":6},{"damage":3,"enemies":"Centurion and Healer","floor":28,"turns":2},{"damage":0,"enemies":"Colosseum Slavers","floor":30,"turns":1},{"damage":2,"enemies":"Colosseum Nobs","floor":30,"turns":2},{"damage":15,"enemies":"Gremlin Leader","floor":31,"turns":3},{"damage":102,"enemies":"Collector","floor":33,"turns":11},{"damage":2,"enemies":"3 Shapes","floor":35,"turns":2},{"damage":51,"enemies":"Mind Bloom Boss Battle","floor":37,"turns":4},{"damage":50,"enemies":"3 Darklings","floor":38,"turns":5}],"seed_played":"-5117496223701711787","potions_obtained":[{"floor":7,"key":"FairyPotion"},{"floor":8,"key":"Regen Potion"},{"floor":11,"key":"FearPotion"},{"floor":16,"key":"Fire Potion"},{"floor":20,"key":"DuplicationPotion"},{"floor":22,"key":"AttackPotion"},{"floor":28,"key":"Strength Potion"},{"floor":30,"key":"BlessingOfTheForge"},{"floor":31,"key":"Dexterity Potion"},{"floor":33,"key":"ColorlessPotion"},{"floor":35,"key":"SmokeBomb"},{"floor":37,"key":"FearPotion"}],"is_trial":false,"path_per_floor":["M","?","?","?","T","E","M","E","T","?","E","$","$","M","R","B",null,"M","?","M","$","M","R","?","R","T","$","M","?","?","E","R","B",null,"M","?","?","M"],"character_chosen":"IRONCLAD","items_purchased":["Lee\u0027s Waffle","Flex","Shrug It Off"],"campfire_rested":2,"item_purchase_floors":[12,12,13],"current_hp_per_floor":[59,56,56,80,80,37,36,26,26,26,12,81,81,81,81,21,66,65,79,78,78,41,41,25,53,53,53,56,56,66,57,85,34,80,84,84,39,0,0],"gold":596,"neow_bonus":"RANDOM_COMMON_RELIC","is_daily":false,"chose_seed":false,"campfire_upgraded":2,"win_rate":0.0,"timestamp":1613989857,"path_taken":["M","?","?","?","?","E","M","E","T","?","E","?","$","M","R","BOSS","M","?","M","$","M","R","?","R","T","$","M","?","?","E","R","BOSS","M","?","?","M"],"items_purchased_type":["Relic","Card","Card"],"build_version":"2020-12-22","purchased_purges":1,"victory":false,"max_hp_per_floor":[80,80,80,80,80,80,80,80,80,74,74,81,81,81,81,81,81,81,95,95,95,95,95,95,95,95,95,95,95,95,95,95,95,95,95,95,95,95,95],"card_choices":[{"not_picked":["Seeing Red","Anger"],"picked":"Cleave","floor":1},{"not_picked":["Iron Wave","Barricade"],"picked":"Wild Strike","floor":6},{"not_picked":["True Grit","Clothesline","Metallicize"],"picked":"SKIP","floor":7},{"not_picked":["Bludgeon","Headbutt"],"picked":"Body Slam","floor":8},{"not_picked":["Iron Wave","Armaments"],"picked":"Pommel Strike","floor":11},{"not_picked":["Power Through","Feel No Pain","Clash"],"picked":"SKIP","floor":14},{"not_picked":["Corruption","Exhume"],"picked":"Fiend Fire","floor":16},{"not_picked":["Iron Wave","Clash"],"picked":"Blood for Blood","floor":18},{"not_picked":["Armaments","Havoc"],"picked":"Hemokinesis","floor":20},{"not_picked":["Searing Blow","Bloodletting+1"],"picked":"Thunderclap","floor":22},{"not_picked":["Anger","Warcry"],"picked":"Rampage","floor":28},{"not_picked":["Clash","Intimidate"],"picked":"Anger+1","floor":30},{"not_picked":["Perfected Strike","Entrench"],"picked":"Inflame","floor":31},{"not_picked":["Reaper","Bludgeon"],"picked":"Impervious","floor":33},{"not_picked":["Iron Wave+1","Heavy Blade+1"],"picked":"Shrug It Off+1","floor":35},{"not_picked":["Flash of Steel","Finesse"],"picked":"Mayhem","floor":36}],"player_experience":568456,"relics_obtained":[{"floor":5,"key":"Whetstone"},{"floor":6,"key":"White Beast Statue"},{"floor":8,"key":"Omamori"},{"floor":9,"key":"Bronze Scales"},{"floor":11,"key":"Juzu Bracelet"},{"floor":24,"key":"Enchiridion"},{"floor":26,"key":"Mercury Hourglass"},{"floor":30,"key":"Pocketwatch"},{"floor":30,"key":"Blue Candle"},{"floor":31,"key":"Torii"},{"floor":37,"key":"Bird Faced Urn"}],"event_choices":[{"damage_healed":0,"gold_gain":0,"player_choice":"Success","damage_taken":3,"relics_obtained":["Paper Frog"],"max_hp_gain":0,"max_hp_loss":0,"event_name":"Scrap Ooze","floor":2,"gold_loss":0},{"damage_healed":0,"gold_gain":0,"player_choice":"Ignored","damage_taken":0,"max_hp_gain":0,"max_hp_loss":0,"event_name":"Shining Light","floor":3,"gold_loss":0},{"damage_healed":26,"gold_gain":0,"player_choice":"Banana","damage_taken":0,"max_hp_gain":0,"max_hp_loss":0,"event_name":"Big Fish","floor":4,"gold_loss":0},{"damage_healed":0,"gold_gain":0,"player_choice":"Lose Max HP","damage_taken":0,"relics_obtained":["Golden Idol"],"max_hp_gain":0,"max_hp_loss":6,"event_name":"Golden Idol","floor":10,"gold_loss":0},{"cards_removed":["Fiend Fire"],"damage_healed":0,"gold_gain":0,"player_choice":"Gave Card","damage_taken":0,"relics_obtained":["Mango"],"max_hp_gain":0,"max_hp_loss":0,"event_name":"WeMeetAgain","floor":19,"gold_loss":0},{"damage_healed":0,"gold_gain":0,"player_choice":"Obtained Book","damage_taken":16,"max_hp_gain":0,"max_hp_loss":0,"event_name":"Cursed Tome","floor":24,"gold_loss":0},{"damage_healed":0,"gold_gain":0,"player_choice":"Inject Mutagens","damage_taken":0,"relics_obtained":["MutagenicStrength"],"max_hp_gain":0,"max_hp_loss":0,"event_name":"Drug Dealer","floor":29,"gold_loss":0},{"damage_healed":0,"gold_gain":0,"player_choice":"Fight","damage_taken":0,"max_hp_gain":0,"max_hp_loss":0,"event_name":"Colosseum","floor":30,"gold_loss":0},{"damage_healed":0,"gold_gain":0,"player_choice":"Fought Nobs","damage_taken":0,"max_hp_gain":0,"max_hp_loss":0,"event_name":"Colosseum","floor":30,"gold_loss":0},{"damage_healed":0,"gold_gain":0,"player_choice":"Memory 1","damage_taken":0,"max_hp_gain":0,"max_hp_loss":0,"event_name":"SensoryStone","floor":36,"gold_loss":0},{"damage_healed":0,"gold_gain":0,"player_choice":"Fight","damage_taken":0,"max_hp_gain":0,"max_hp_loss":0,"event_name":"MindBloom","floor":37,"gold_loss":0}],"is_beta":false,"boss_relics":[{"not_picked":["SacredBark","Runic Dome"],"picked":"Mark of Pain"},{"not_picked":["Snecko Eye","Sozu"],"picked":"Astrolabe"}],"items_purged_floors":[27],"is_endless":false,"potions_floor_spawned":[7,8,11,14,16,18,20,22,28,30,30,31,33,35,37],"killed_by":"3 Darklings","ascension_level":6}}