{"host":"w1eyl4ffrc0ktwlp","time":1613987333,"event":{"mods":["AchievementEnabler","BaseMod","Colored Map","Colored Powertips","Minty Spire (QoL Compilation)"],"gold_per_floor":[117,117,136,151,326,352,364,4,30,30,49,69,69,69,69,69,69],"floor_reached":16,"language":"ENG","playtime":1429,"items_purged":[],"score":100,"play_id":"5e97014a-a571-4185-a6fa-ce0f7e2c7e1a","local_time":"20210222104853","is_ascension_mode":false,"campfire_choices":[{"floor":15,"key":"REST"}],"circlet_count":0,"master_deck":["Strike_B+1","Strike_B","Strike_B","Strike_B+1","Defend_B","Defend_B+1","Defend_B","Defend_B","Zap+1","Dualcast","Genetic Algorithm","Storm","Redo+1","Doubt","Coolheaded","Loop","Rip and Tear","Conserve Battery"],"relics":["Cracked Core","NeowsBlessing","MawBank","Sling","Blood Vial","Whetstone","MealTicket"],"acts_visited":["Exordium"],"potions_floor_usage":[16],"damage_taken":[{"damage":0,"enemies":"Jaw Worm","floor":1,"turns":1},{"damage":0,"enemies":"2 Louse","floor":3,"turns":1},{"damage":0,"enemies":"Small Slimes","floor":4,"turns":1},{"damage":43,"enemies":"3 Sentries","floor":6,"turns":8},{"damage":7,"enemies":"2 Fungi Beasts","floor":11,"turns":4},{"damage":7,"enemies":"Blue Slaver","floor":12,"turns":3},{"damage":44,"enemies":"The Guardian","floor":16,"turns":11}],"seed_played":"-1607628345180038573","potions_obtained":[{"floor":4,"key":"Explosive Potion"},{"floor":6,"key":"Weak Potion"}],"is_trial":false,"path_per_floor":["M","?","M","M","?","E","?","$","T","?","M","M","?","$","R","B"],"character_chosen":"DEFECT","items_purchased":["Loop","Sling","Blood Vial"],"campfire_rested":1,"item_purchase_floors":[8,8,8],"current_hp_per_floor":[75,75,75,75,75,32,32,32,32,29,24,19,4,19,41,0,0],"gold":69,"neow_bonus":"THREE_ENEMY_KILL","is_daily":false,"chose_seed":false,"campfire_upgraded":0,"win_rate":0.0,"timestamp":1613987333,"path_taken":["M","?","M","M","?","E","?","$","T","?","?","M","?","$","R","BOSS"],"items_purchased_type":["Card","Relic","Relic"],"build_version":"2020-12-22","purchased_purges":0,"victory":false,"max_hp_per_floor":[75,75,75,75,75,75,75,75,75,75,75,75,75,75,75,75,75],"card_choices":[{"not_picked":["Barrage","Fusion"],"picked":"Genetic Algorithm","floor":1},{"not_picked":["Darkness","Hologram"],"picked":"Storm","floor":3},{"not_picked":["BootSequence","Steam"],"picked":"Redo","floor":4},{"not_picked":["Gash","Sweeping Beam"],"picked":"Coolheaded","floor":6},{"not_picked":["Blizzard","Thunder Strike"],"picked":"Rip and Tear","floor":11},{"not_picked":["BootSequence","Force Field"],"picked":"Conserve Battery","floor":12}],"player_experience":3678,"relics_obtained":[{"floor":6,"key":"MawBank"},{"floor":9,"key":"Whetstone"}],"event_choices":[{"damage_healed":0,"gold_gain":0,"player_choice":"Grow","damage_taken":0,"max_hp_gain":0,"max_hp_loss":0,"event_name":"Living Wall","floor":2,"gold_loss":0,"cards_upgraded":["Zap"]},{"damage_healed":0,"gold_gain":175,"player_choice":"AGREE","damage_taken":0,"max_hp_gain":0,"max_hp_loss":0,"event_name":"Liars Game","floor":5,"gold_loss":0,"cards_obtained":["Doubt"]},{"damage_healed":0,"gold_gain":0,"player_choice":"Ignored","damage_taken":0,"max_hp_gain":0,"max_hp_loss":0,"event_name":"Golden Wing","floor":7,"gold_loss":0},{"damage_healed":0,"gold_gain":0,"player_choice":"Success","damage_taken":3,"relics_obtained":["MealTicket"],"max_hp_gain":0,"max_hp_loss":0,"event_name":"Scrap Ooze","floor":10,"gold_loss":0},{"damage_healed":0,"gold_gain":0,"player_choice":"Entered Light","damage_taken":15,"max_hp_gain":0,"max_hp_loss":0,"event_name":"Shining Light","floor":13,"gold_loss":0,"cards_upgraded":["Defend_B","Redo"]}],"is_beta":false,"boss_relics":[],"items_purged_floors":[],"is_endless":false,"potions_floor_spawned":[4,6],"killed_by":"The Guardian","ascension_level":0}}