{"host":"9kesdg97wkrx2bva","time":1613981976,"event":{"mods":["AchievementEnabler","BaseMod","Colored Map","GifTheSpireLib","Infinite Spire","Minty Spire (QoL Compilation)","Replay The Spire","StSLib"],"gold_per_floor":[116,130,41,116,116,116,127,127,127,127,127,127,127,52,52,125,125,135,135,35,51,51,51,70,70,70,80,105,122,139,153,153,153,153],"floor_reached":33,"language":"ENG","playtime":842,"items_purged":["Strike_G","Strike_G"],"score":472,"play_id":"cf8d38c2-bc28-4fb6-931e-8b460bd995f4","local_time":"20210222021936","is_ascension_mode":true,"campfire_choices":[{"data":"Noxious Fumes","floor":6,"key":"SMITH"},{"data":"Noxious Fumes","floor":8,"key":"SMITH"},{"data":"Deadly Poison","floor":10,"key":"SMITH"},{"data":"Neutralize","floor":13,"key":"SMITH"},{"data":"Survivor","floor":15,"key":"SMITH"},{"floor":23,"key":"REST"},{"floor":25,"key":"REST"},{"floor":32,"key":"REST"}],"circlet_count":0,"master_deck":["AscendersBane","Strike_G","Defend_G","Defend_G","Defend_G","Defend_G","Defend_G","Survivor+1","Neutralize+1","Noxious Fumes+1","Flying Knee","Deadly Poison+1","Noxious Fumes+1","Backflip","infinitespire:Neurotoxin","Deadly Poison","Prepared+1"],"relics":["Ring of the Snake","Mummified Hand","InkBottle","Black Star","Nilry\u0027s Codex","StoneCalendar","Centennial Puzzle","Torii"],"acts_visited":["Exordium","TheCity"],"potions_floor_usage":[24,24,31,33,33],"damage_taken":[{"damage":1,"enemies":"Cultist","floor":1,"turns":5},{"damage":6,"enemies":"Jaw Worm","floor":2,"turns":4},{"damage":4,"enemies":"Small Slimes","floor":7,"turns":5},{"damage":16,"enemies":"The Guardian","floor":16,"turns":7},{"damage":2,"enemies":"Spheric Guardian","floor":18,"turns":4},{"damage":20,"enemies":"3 Byrds","floor":21,"turns":3},{"damage":25,"enemies":"Sentry and Sphere","floor":24,"turns":5},{"damage":16,"enemies":"Snake Plant","floor":27,"turns":4},{"damage":3,"enemies":"Replay:Snechameleon","floor":28,"turns":6},{"damage":0,"enemies":"Centurion and Healer","floor":29,"turns":6},{"damage":0,"enemies":"Snecko","floor":30,"turns":5},{"damage":1,"enemies":"Snake Plant","floor":31,"turns":4},{"damage":32,"enemies":"Champ","floor":33,"turns":6}],"seed_played":"-2760431083014700643","potions_obtained":[{"floor":1,"key":"Elixir"},{"floor":21,"key":"Explosive Potion"},{"floor":29,"key":"Explosive Potion"},{"floor":30,"key":"Dexterity Potion"},{"floor":31,"key":"Explosive Potion"}],"is_trial":false,"path_per_floor":["M","M","$","?","?","R","M","R","T","R","?","T","R","$","R","B",null,"M","?","$","M","?","R","M","R","T","M","E","M","M","M","R","B"],"character_chosen":"THE_SILENT","items_purchased":["Noxious Fumes"],"campfire_rested":3,"item_purchase_floors":[3],"current_hp_per_floor":[58,52,52,41,41,41,37,37,37,37,37,37,37,37,37,21,55,53,32,32,12,12,31,6,25,25,9,6,6,6,5,24,0,0],"gold":153,"neow_bonus":"THREE_CARDS","is_daily":false,"chose_seed":false,"campfire_upgraded":5,"win_rate":0.0,"timestamp":1613981976,"path_taken":["M","M","$","?","?","R","M","R","T","R","?","?","R","$","R","BOSS","M","?","$","M","?","R","M","R","T","M","E","M","M","M","R","BOSS"],"items_purchased_type":["Card"],"build_version":"2020-12-22","purchased_purges":2,"victory":false,"max_hp_per_floor":[66,66,66,66,66,66,66,66,66,66,66,66,66,66,66,66,66,66,66,66,66,66,66,66,66,66,66,66,66,66,66,66,66,66],"card_choices":[{"not_picked":["Dodge and Roll","Hidden Blade"],"picked":"Noxious Fumes","floor":0},{"not_picked":["Deflect","Outmaneuver"],"picked":"Flying Knee","floor":1},{"not_picked":["Cloak And Dagger","Sucker Punch"],"picked":"Deadly Poison","floor":2},{"not_picked":["Skewer","Underhanded Strike"],"picked":"Backflip","floor":7},{"not_picked":["Unload","Phantasmal Killer"],"picked":"infinitespire:Neurotoxin","floor":16},{"not_picked":["ReplayTheSpireMod:Exploit Weakness","Flying Knee","Slice"],"picked":"SKIP","floor":18},{"not_picked":["Masterful Stab","ReplayTheSpireMod:The Works"],"picked":"Deadly Poison","floor":21},{"not_picked":["Flying Knee","Slice+1","Dodge and Roll"],"picked":"SKIP","floor":24},{"not_picked":["Sucker Punch","Backstab","Underhanded Strike"],"picked":"SKIP","floor":27},{"not_picked":["Outmaneuver+1","Deadly Poison","Phantasmal Killer"],"picked":"SKIP","floor":28},{"not_picked":["Deflect","Bane"],"picked":"Prepared+1","floor":29},{"not_picked":["All Out Attack","Leg Sweep","Hidden Blade"],"picked":"SKIP","floor":30},{"not_picked":["Concentrate+1","Sucker Punch","Malaise"],"picked":"SKIP","floor":31}],"player_experience":1039399,"relics_obtained":[{"floor":9,"key":"Mummified Hand"},{"floor":12,"key":"InkBottle"},{"floor":19,"key":"Nilry\u0027s Codex"},{"floor":26,"key":"StoneCalendar"},{"floor":28,"key":"Centennial Puzzle"},{"floor":28,"key":"Torii"}],"event_choices":[{"damage_healed":0,"gold_gain":75,"player_choice":"Gather Gold","damage_taken":11,"max_hp_gain":0,"max_hp_loss":0,"event_name":"World of Goop","floor":4,"gold_loss":0},{"damage_healed":0,"gold_gain":0,"player_choice":"Obtained Book","damage_taken":21,"max_hp_gain":0,"max_hp_loss":0,"event_name":"Cursed Tome","floor":19,"gold_loss":0}],"is_beta":false,"boss_relics":[{"not_picked":["Snecko Eye","infinitespire:Cupcake"],"picked":"Black Star"}],"items_purged_floors":[14,20],"is_endless":false,"potions_floor_spawned":[1,21,29,30,31],"killed_by":"Champ","ascension_level":17}}