{"host":"sxaoifcprvg3ww0o","time":1613975936,"event":{"mods":["ATMod(∞¢Ë™Mod)","Act Like it!","Arknights","BaseMod","Downfall","Gensokyo","GifTheSpireLib","Hermit","KinomotoSakuraMod(ƒæ÷Æ±æ”£)","Marisa£®ÏF”Í°°ƒß¿Ì…≥£©","Minty Spire (QoL Compilation)","Prisma Mod","Quick Restart","Reimu£®≤©¿ˆ¡È√Œ£©","Reliquary","Remilia£®¿Ÿ√◊¿Ú—«£©","Replay The Spire","StSLib","The Alterego","The Senshi","Waifu the Spire","Yakumo Yukari mod","Youmu£®ªÍ∆«—˝√Œ£©","Yuyuko","°æ“≈ŒÔø®≈∆°øREMEMod"],"gold_per_floor":[116,41,60,77,148,178,188,199,251,271,296,306,306,306,306,380,380,392,392,237,277,277,277,277,277],"floor_reached":24,"language":"ZHS","playtime":1249,"items_purged":["Defend_P"],"score":466,"play_id":"7abc4521-7313-49ab-b6a0-dd4e9b1ad97c","local_time":"20210222143856","is_ascension_mode":true,"campfire_choices":[{"floor":13,"key":"RECALL"},{"floor":15,"key":"REST"},{"data":"AT_OneInchPunch","floor":23,"key":"SMITH"}],"circlet_count":0,"master_deck":["AscendersBane","Strike_P","Strike_P","Strike_P","Defend_P","Defend_P","Defend_P","Eruption","Vigilance","AT_IrregularMenstruation","FiveSignsOfTheDyingDeva","WindmillStrike","BattleHymn","ClearTheMind","Study","CutThroughFate","AT_OneInchPunch+1","Devotion","FlurryOfBlows","AT_ChampionStep","AT_DivineConfetti+1"],"relics":["PureWater","REME_ComplimentaryCards","AT_ATBox","reliquary:HotPoker","Replay:Rubber Ducky","reliquary:PartyBalloon","ReplayTheSpireMod:Ring of Collecting","Ring of Hypnosis","reliquary:Solitaire","ReplayTheSpireMod:Ring of Challenge","Onion Ring"],"acts_visited":["Exordium","TheCity"],"potions_floor_usage":[6,6,11,11,21,21],"damage_taken":[{"damage":2,"enemies":"2 Louse","floor":1,"turns":3},{"damage":4,"enemies":"Jaw Worm","floor":3,"turns":2},{"damage":0,"enemies":"Cultist","floor":4,"turns":3},{"damage":10,"enemies":"3 Sentries","floor":6,"turns":2},{"damage":0,"enemies":"Large Slime","floor":7,"turns":2},{"damage":6,"enemies":"Blue Slaver","floor":8,"turns":2},{"damage":10,"enemies":"Exordium Thugs","floor":10,"turns":3},{"damage":3,"enemies":"Gremlin Nob","floor":11,"turns":1},{"damage":2,"enemies":"Exordium Wildlife","floor":12,"turns":3},{"damage":59,"enemies":"Fading Forest","floor":16,"turns":13},{"damage":0,"enemies":"Chosen","floor":18,"turns":3},{"damage":31,"enemies":"2 Thieves","floor":21,"turns":4},{"damage":25,"enemies":"Slavers","floor":24,"turns":1}],"seed_played":"6173024174767865876","potions_obtained":[{"floor":1,"key":"LiquidMemories"},{"floor":4,"key":"Explosive Potion"},{"floor":7,"key":"DuplicationPotion"},{"floor":8,"key":"Strength Potion"},{"floor":11,"key":"ZuzhouPotion:ReiMu"},{"floor":16,"key":"ColorlessPotion"},{"floor":18,"key":"REME_GoldPotion"}],"is_trial":false,"path_per_floor":["M","?","M","M","T","E","M","M","T","M","E","M","R","?","R","B",null,"M","?","$","M","T","R","E"],"character_chosen":"WATCHER","items_purchased":["AT_ChampionStep"],"campfire_rested":1,"item_purchase_floors":[20],"current_hp_per_floor":[65,65,61,61,61,51,51,45,45,35,32,30,30,30,52,1,56,56,56,56,25,25,25,0,0],"gold":277,"neow_bonus":"TEN_PERCENT_HP_BONUS","is_daily":false,"chose_seed":false,"campfire_upgraded":1,"win_rate":0.0,"timestamp":1613975936,"path_taken":["M","?","M","M","?","E","M","M","T","M","E","?","R","?","R","BOSS","M","?","?","?","?","R","E"],"items_purchased_type":["Card"],"build_version":"2020-12-22","purchased_purges":1,"victory":false,"max_hp_per_floor":[74,74,74,74,74,74,74,74,74,74,74,74,74,74,74,74,74,74,74,74,74,74,74,74,74],"card_choices":[{"not_picked":["Tantrum","Conclude"],"picked":"WindmillStrike","floor":1},{"not_picked":["Meditate","ClearTheMind","Nirvana"],"picked":"SKIP","floor":3},{"not_picked":["LikeWater","DeceiveReality","BowlingBash"],"picked":"SKIP","floor":4},{"not_picked":["Consecrate","Replay:ManipulateFuture"],"picked":"BattleHymn","floor":6},{"not_picked":["Wireheading","ThirdEye"],"picked":"ClearTheMind","floor":7},{"not_picked":["Nirvana","Consecrate","SashWhip"],"picked":"SKIP","floor":8},{"not_picked":["Perseverance","Replay:BluntJabs"],"picked":"Study","floor":10},{"not_picked":["EmptyMind","FlurryOfBlows"],"picked":"CutThroughFate","floor":11},{"not_picked":["ClearTheMind","WheelKick"],"picked":"AT_OneInchPunch","floor":12},{"not_picked":["REME_WorshipGod","AT_IrregularMenstruation"],"picked":"Devotion","floor":16},{"not_picked":["Protect+1","Crescendo"],"picked":"FlurryOfBlows","floor":18},{"not_picked":["AT_ChampionStep","FearNoEvil"],"picked":"AT_DivineConfetti+1","floor":21}],"player_experience":601191,"relics_obtained":[{"floor":5,"key":"reliquary:HotPoker"},{"floor":6,"key":"Replay:Rubber Ducky"},{"floor":11,"key":"reliquary:PartyBalloon"},{"floor":14,"key":"ReplayTheSpireMod:Ring of Collecting"},{"floor":14,"key":"Ring of Hypnosis"},{"floor":22,"key":"ReplayTheSpireMod:Ring of Challenge"},{"floor":22,"key":"Onion Ring"}],"event_choices":[{"cards_removed":["Strike_P"],"damage_healed":0,"gold_gain":0,"player_choice":"Card Removal","damage_taken":0,"max_hp_gain":0,"max_hp_loss":0,"event_name":"The Cleric","floor":2,"gold_loss":75},{"cards_removed":["Sickly"],"damage_healed":0,"gold_gain":0,"player_choice":"Purged","damage_taken":0,"max_hp_gain":0,"max_hp_loss":0,"event_name":"Purifier","floor":19,"gold_loss":0}],"is_beta":false,"boss_relics":[{"not_picked":["Fusion Hammer","Replay:Grab Bag"],"picked":"reliquary:Solitaire"}],"items_purged_floors":[20],"is_endless":false,"potions_floor_spawned":[1,4,7,8,11,16,18],"killed_by":"Slavers","ascension_level":20}}