{"host":"8u7tvcybuv0u72fd","time":1613967937,"event":{"mods":["BaseMod","BetterRewards","Colored Map","Colored Powertips","Minty Spire (QoL Compilation)","Quick Restart","Shop Mod"],"gold_per_floor":[111,111,186,203,229,229,261,261,288,333,363,404,416,444,456,569,581,603,530,278,296,312,312,331,381,381,411,427,443,443,460,460,561,561,573,584,32,80,80,80,90,118,165,215,215,235,287,341,341,341,341,341,46,81,81],"floor_reached":56,"language":"ENG","playtime":2891,"items_purged":["Strike_R"],"score":1655,"play_id":"c19a7c4e-ddb5-4640-b760-7830ceba6e3e","local_time":"20210221232537","is_ascension_mode":false,"campfire_choices":[{"floor":6.0,"key":"REST"},{"data":"Bash","floor":8.0,"key":"SMITH"},{"data":"Rampage","floor":13.0,"key":"SMITH"},{"data":"Shrug It Off","floor":15.0,"key":"SMITH"},{"data":"Barricade","floor":23.0,"key":"SMITH"},{"data":"Body Slam","floor":30.0,"key":"SMITH"},{"data":"Seeing Red","floor":32.0,"key":"SMITH"},{"data":"Hemokinesis","floor":40.0,"key":"SMITH"},{"data":"Finesse","floor":45.0,"key":"SMITH"},{"floor":49.0,"key":"RECALL"},{"data":"Defend_R","floor":52.0,"key":"SMITH"}],"circlet_count":0,"master_deck":["Strike_R","Strike_R","Strike_R","Defend_R+1","Defend_R+1","Defend_R","Defend_R+1","Bash+1","Headbutt","Hemokinesis+1","Shrug It Off+1","Rampage+1","Barricade+1","Seeing Red+1","Body Slam+1","Berserk","Finesse+1","Juggernaut"],"relics":["Burning Blood","Tiny Chest","Turnip","Potion Belt","Kunai","TungstenRod","ClockworkSouvenir","War Paint","Meat on the Bone","Juzu Bracelet","Odd Mushroom","Runic Pyramid","Bag of Preparation","MerchantsRug","Art of War","Ornamental Fan","Strawberry","SacredBark","Thread and Needle","Sling","Happy Flower","PreservedInsect","FossilizedHelix","Magic Flower","Bronze Scales","Bottled Tornado","Du-Vu Doll"],"acts_visited":["Exordium","TheCity","TheBeyond","TheEnding"],"potions_floor_usage":[54,55,55,55],"damage_taken":[{"damage":5.0,"enemies":"Small Slimes","floor":1.0,"turns":5.0},{"damage":4.0,"enemies":"2 Louse","floor":4.0,"turns":3.0},{"damage":15.0,"enemies":"Gremlin Nob","floor":7.0,"turns":3.0},{"damage":11.0,"enemies":"Lagavulin","floor":10.0,"turns":5.0},{"damage":2.0,"enemies":"Jaw Worm","floor":11.0,"turns":3.0},{"damage":13.0,"enemies":"The Mushroom Lair","floor":12.0,"turns":4.0},{"damage":4.0,"enemies":"2 Fungi Beasts","floor":14.0,"turns":3.0},{"damage":13.0,"enemies":"The Guardian","floor":16.0,"turns":9.0},{"damage":0.0,"enemies":"Spheric Guardian","floor":18.0,"turns":6.0},{"damage":8.0,"enemies":"Chosen","floor":21.0,"turns":5.0},{"damage":7.0,"enemies":"Centurion and Healer","floor":22.0,"turns":6.0},{"damage":1.0,"enemies":"Cultist and Chosen","floor":24.0,"turns":6.0},{"damage":38.0,"enemies":"Gremlin Leader","floor":27.0,"turns":9.0},{"damage":0.0,"enemies":"Snecko","floor":28.0,"turns":5.0},{"damage":8.0,"enemies":"Snake Plant","floor":29.0,"turns":5.0},{"damage":0.0,"enemies":"Shelled Parasite and Fungi","floor":31.0,"turns":5.0},{"damage":0.0,"enemies":"Automaton","floor":33.0,"turns":11.0},{"damage":2.0,"enemies":"3 Shapes","floor":35.0,"turns":4.0},{"damage":3.0,"enemies":"3 Darklings","floor":36.0,"turns":6.0},{"damage":0.0,"enemies":"Jaw Worm Horde","floor":41.0,"turns":5.0},{"damage":14.0,"enemies":"Nemesis","floor":42.0,"turns":5.0},{"damage":0.0,"enemies":"Mind Bloom Boss Battle","floor":44.0,"turns":6.0},{"damage":0.0,"enemies":"Spire Growth","floor":46.0,"turns":4.0},{"damage":1.0,"enemies":"2 Orb Walkers","floor":47.0,"turns":4.0},{"damage":13.0,"enemies":"Time Eater","floor":50.0,"turns":8.0},{"damage":12,"enemies":"Shield and Spear","floor":54,"turns":5},{"damage":82,"enemies":"The Heart","floor":55,"turns":10}],"seed_played":"8378152732153936794","potions_obtained":[{"floor":4.0,"key":"LiquidMemories"},{"floor":7.0,"key":"Weak Potion"},{"floor":11.0,"key":"BloodPotion"},{"floor":18.0,"key":"CultistPotion"},{"floor":21.0,"key":"Strength Potion"},{"floor":27.0,"key":"Block Potion"},{"floor":31.0,"key":"Strength Potion"},{"floor":33.0,"key":"DuplicationPotion"},{"floor":41.0,"key":"Block Potion"},{"floor":44.0,"key":"Weak Potion"},{"floor":46.0,"key":"PowerPotion"},{"floor":47.0,"key":"BlessingOfTheForge"}],"is_trial":false,"path_per_floor":["M","?","?","M","T","R","E","R","T","E","M","?","R","M","R","B",null,"M","?","$","M","M","R","M","?","T","E","M","M","R","M","R","B",null,"M","M","$","T","?","R","M","E","T","?","R","M","?","T","R","B",null,"R","$","E","B",null],"character_chosen":"IRONCLAD","items_purchased":["Tiny Chest","Potion Belt","Kunai","Fruit Juice","TungstenRod","ClockworkSouvenir","MerchantsRug","Art of War","Thread and Needle","Sling","Block Potion","Explosive Potion","Bottled Tornado","Energy Potion"],"campfire_rested":1,"item_purchase_floors":[0,0,0,0,0,0,20,20,37,37,37,37,53,53],"current_hp_per_floor":[33,27,17,19,19,43,34,34,34,41,57,50,50,52,52,62,85,85,85,85,83,82,82,85,85,85,60,66,64,64,70,70,76,92,92,92,92,92,92,92,92,84,84,90,90,92,92,92,92,88,92,92,92,89,70],"gold":81,"neow_bonus":"","is_daily":false,"chose_seed":false,"campfire_upgraded":9,"win_rate":0.0,"timestamp":1613967937,"path_taken":["M","?","?","?","?","R","E","R","T","E","M","?","R","M","R","BOSS","M","?","$","M","M","R","M","?","T","E","M","M","R","M","R","BOSS","M","M","$","?","?","R","M","E","T","?","R","M","?","?","R","BOSS","R","$","E","BOSS"],"items_purchased_type":["Relic","Relic","Relic","Potion","Relic","Relic","Relic","Relic","Relic","Relic","Potion","Potion","Relic","Potion"],"build_version":"2020-12-22","purchased_purges":1,"victory":true,"max_hp_per_floor":[80,80,80,80,80,80,80,80,80,80,80,80,80,80,80,85,85,85,85,85,85,85,85,85,85,85,92,92,92,92,92,92,92,92,92,92,92,92,92,92,92,92,92,92,92,92,92,92,92,92,92,92,92,92,92],"card_choices":[{"not_picked":["Cleave","Heavy Blade"],"picked":"Headbutt","floor":1.0},{"not_picked":["Metallicize","Flame Barrier","Hemokinesis"],"picked":"SKIP","floor":4.0},{"not_picked":["Metallicize","Flame Barrier"],"picked":"Hemokinesis","floor":4.0},{"not_picked":["Havoc","Intimidate"],"picked":"Shrug It Off","floor":7.0},{"not_picked":["Headbutt","Disarm","Cleave"],"picked":"SKIP","floor":10.0},{"not_picked":["Clash","Sword Boomerang"],"picked":"Rampage","floor":11.0},{"not_picked":["Iron Wave","Clothesline","Flex"],"picked":"SKIP","floor":14.0},{"not_picked":["Limit Break","Double Tap"],"picked":"Barricade","floor":16.0},{"not_picked":["Twin Strike","Clothesline","Armaments"],"picked":"SKIP","floor":18.0},{"not_picked":["Clash+1","Intimidate","Reckless Charge"],"picked":"SKIP","floor":21.0},{"not_picked":["Heavy Blade","Pommel Strike+1"],"picked":"Seeing Red","floor":22.0},{"not_picked":["Warcry","Seeing Red+1"],"picked":"Body Slam","floor":24.0},{"not_picked":["Sentinel+1","Havoc+1","Flex"],"picked":"SKIP","floor":27.0},{"not_picked":["Battle Trance","Twin Strike","Demon Form"],"picked":"SKIP","floor":28.0},{"not_picked":["True Grit","Havoc+1","Dark Embrace"],"picked":"SKIP","floor":29.0},{"not_picked":["True Grit","Havoc+1","Dark Embrace"],"picked":"SKIP","floor":29.0},{"not_picked":["Infernal Blade","Cleave","Havoc+1"],"picked":"SKIP","floor":31.0},{"not_picked":["Corruption","Exhume"],"picked":"Berserk","floor":33.0},{"not_picked":["Whirlwind+1","Havoc+1","Flex"],"picked":"SKIP","floor":35.0},{"not_picked":["Shrug It Off","Infernal Blade","Hemokinesis+1"],"picked":"SKIP","floor":36.0},{"not_picked":["Mind Blast","Mayhem"],"picked":"Finesse","floor":39.0},{"not_picked":["Flex+1","Headbutt+1","Heavy Blade"],"picked":"SKIP","floor":41.0},{"not_picked":["Inflame+1","Dual Wield","Shrug It Off+1"],"picked":"SKIP","floor":42.0},{"not_picked":["True Grit","Rupture","Sever Soul+1"],"picked":"SKIP","floor":46.0},{"not_picked":["Anger+1","Infernal Blade+1"],"picked":"Juggernaut","floor":54}],"player_experience":1539917,"relics_obtained":[{"floor":5.0,"key":"War Paint"},{"floor":7.0,"key":"Meat on the Bone"},{"floor":9.0,"key":"MawBank"},{"floor":10.0,"key":"Juzu Bracelet"},{"floor":12.0,"key":"Odd Mushroom"},{"floor":26.0,"key":"Ornamental Fan"},{"floor":27.0,"key":"Strawberry"},{"floor":38.0,"key":"Happy Flower"},{"floor":42.0,"key":"PreservedInsect"},{"floor":44.0,"key":"FossilizedHelix"},{"floor":47.0,"key":"Magic Flower"},{"floor":48.0,"key":"Bronze Scales"},{"floor":54,"key":"Du-Vu Doll"}],"event_choices":[{"cards_removed":["Strike_R"],"damage_healed":0.0,"max_hp_gain":0.0,"max_hp_loss":0.0,"gold_gain":0.0,"event_name":"Golden Wing","player_choice":"Card Removal","floor":2.0,"gold_loss":0.0,"damage_taken":7.0},{"damage_healed":0.0,"max_hp_gain":0.0,"max_hp_loss":0.0,"gold_gain":75.0,"event_name":"World of Goop","player_choice":"Gather Gold","floor":3.0,"gold_loss":0.0,"damage_taken":11.0},{"damage_healed":0.0,"max_hp_gain":0.0,"max_hp_loss":0.0,"gold_gain":0.0,"event_name":"Mushrooms","player_choice":"Fought Mushrooms","floor":12.0,"gold_loss":0.0,"damage_taken":0.0},{"damage_healed":0.0,"max_hp_gain":0.0,"max_hp_loss":0.0,"gold_gain":0.0,"event_name":"Addict","player_choice":"Obtained Relic","floor":19.0,"gold_loss":85.0,"damage_taken":0.0,"relics_obtained":["Bag of Preparation"]},{"damage_healed":0.0,"max_hp_gain":0.0,"max_hp_loss":0.0,"gold_gain":100.0,"event_name":"The Joust","player_choice":"Bet on Murderer","floor":25.0,"gold_loss":50.0,"damage_taken":0.0},{"damage_healed":0.0,"max_hp_gain":0.0,"max_hp_loss":0.0,"gold_gain":0.0,"event_name":"SensoryStone","player_choice":"Memory 1","floor":39.0,"gold_loss":0.0,"damage_taken":0.0},{"damage_healed":0.0,"max_hp_gain":0.0,"max_hp_loss":0.0,"gold_gain":0.0,"event_name":"MindBloom","player_choice":"Fight","floor":44.0,"gold_loss":0.0,"damage_taken":0.0},{"damage_healed":0.0,"max_hp_gain":0.0,"max_hp_loss":0.0,"gold_gain":0.0,"event_name":"Mysterious Sphere","player_choice":"Fight","floor":47.0,"gold_loss":0.0,"damage_taken":0.0}],"is_beta":false,"boss_relics":[{"not_picked":["Sozu","Runic Dome"],"picked":"Runic Pyramid"},{"not_picked":["Fusion Hammer","Astrolabe"],"picked":"SacredBark"}],"items_purged_floors":[0],"is_endless":false,"potions_floor_spawned":[4,7,11,18,21,27,31,33,41,44,46,47],"ascension_level":0}}