{"host":"vl1k6yl86fnmnemm","time":1613955011,"event":{"mods":["BaseMod","Colored Map","Minty Spire (QoL Compilation)","StSLib"],"gold_per_floor":[111,111,111,111,111,144,144,163,163,195,195,259,259,271,271,366,366,382,396,396,406,83,110,122,141,220,220,239,239,94,122,122,224,224,238,288,200,216,228,228,257,3,56,68,131,178,207,94,94,94],"floor_reached":51,"language":"ENG","playtime":2419,"items_purged":["Strike_G","Strike_G","Defend_G"],"score":826,"play_id":"89c69a04-0fca-4946-96ac-e88b95b04c12","local_time":"20210222015011","is_ascension_mode":false,"campfire_choices":[{"data":"Blade Dance","floor":7,"key":"SMITH"},{"floor":11,"key":"REST"},{"data":"Catalyst","floor":13,"key":"SMITH"},{"data":"Terror","floor":15,"key":"SMITH"},{"floor":29,"key":"REST"},{"data":"Corpse Explosion","floor":32,"key":"SMITH"},{"data":"Deadly Poison","floor":40,"key":"SMITH"},{"data":"Cloak And Dagger","floor":49,"key":"SMITH"}],"circlet_count":0,"master_deck":["Strike_G","Strike_G","Defend_G","Defend_G","Survivor","Neutralize+1","Poisoned Stab+1","Blade Dance+1","Catalyst+1","Terror+1","Corpse Explosion+1","Blur+1","Necronomicurse","Slice+1","Prepared+1","Deadly Poison+1","Poisoned Stab+1","Accuracy+1","Poisoned Stab+1","Infinite Blades+1","Bandage Up","Blade Dance+1","Cloak And Dagger+1"],"relics":["Ring of the Snake","Eternal Feather","Nunchaku","Darkstone Periapt","FossilizedHelix","WristBlade","Necronomicon","Ornamental Fan","Kunai","Paper Crane","MutagenicStrength","TwistedFunnel","Gremlin Horn","Empty Cage","Gambling Chip","Orichalcum","Regal Pillow","Strange Spoon","MawBank","Pocketwatch","Bag of Marbles"],"acts_visited":["Exordium","TheCity","TheBeyond"],"potions_floor_usage":[16,33,33,33,41,50,50],"damage_taken":[{"damage":0,"enemies":"2 Louse","floor":1,"turns":2},{"damage":24,"enemies":"Lagavulin","floor":6,"turns":7},{"damage":2,"enemies":"Small Slimes","floor":8,"turns":3},{"damage":14,"enemies":"3 Sentries","floor":10,"turns":11},{"damage":14,"enemies":"Lagavulin Event","floor":12,"turns":6},{"damage":0,"enemies":"Cultist","floor":14,"turns":3},{"damage":3,"enemies":"Hexaghost","floor":16,"turns":9},{"damage":0,"enemies":"Spheric Guardian","floor":18,"turns":3},{"damage":17,"enemies":"2 Thieves","floor":19,"turns":3},{"damage":0,"enemies":"Cultist and Chosen","floor":21,"turns":4},{"damage":3,"enemies":"Slavers","floor":23,"turns":3},{"damage":14,"enemies":"Snake Plant","floor":24,"turns":2},{"damage":8,"enemies":"Chosen and Byrds","floor":25,"turns":4},{"damage":0,"enemies":"3 Cultists","floor":28,"turns":3},{"damage":0,"enemies":"Gremlin Leader","floor":31,"turns":4},{"damage":42,"enemies":"Automaton","floor":33,"turns":9},{"damage":0,"enemies":"Orb Walker","floor":35,"turns":2},{"damage":10,"enemies":"Mind Bloom Boss Battle","floor":36,"turns":7},{"damage":0,"enemies":"3 Shapes","floor":38,"turns":3},{"damage":0,"enemies":"Maw","floor":39,"turns":5},{"damage":23,"enemies":"Reptomancer","floor":41,"turns":5},{"damage":7,"enemies":"2 Orb Walkers","floor":45,"turns":3},{"damage":0,"enemies":"Giant Head","floor":46,"turns":4},{"damage":0,"enemies":"4 Shapes","floor":47,"turns":2},{"damage":30,"enemies":"Donu and Deca","floor":50,"turns":4}],"seed_played":"2264520573640394980","potions_obtained":[{"floor":6,"key":"BlessingOfTheForge"},{"floor":16,"key":"SpeedPotion"},{"floor":18,"key":"Swift Potion"},{"floor":24,"key":"CultistPotion"},{"floor":25,"key":"Fire Potion"},{"floor":33,"key":"SpeedPotion"},{"floor":35,"key":"CultistPotion"},{"floor":36,"key":"SkillPotion"},{"floor":46,"key":"Explosive Potion"}],"is_trial":false,"path_per_floor":["M","?","?","?","?","E","R","M","T","E","R","?","R","M","R","B",null,"M","M","?","M","$","E","M","M","T","?","M","R","$","E","R","B",null,"M","?","?","M","M","R","E","$","T","?","?","E","M","$","R","B",null],"character_chosen":"THE_SILENT","items_purchased":["Ornamental Fan","TwistedFunnel","Strange Spoon"],"campfire_rested":2,"item_purchase_floors":[22,30,42],"current_hp_per_floor":[70,70,70,70,70,46,52,50,50,36,63,49,58,58,67,64,70,70,53,43,43,43,40,26,18,18,18,18,52,52,52,64,22,76,76,66,66,66,66,76,53,53,53,53,50,54,58,58,70,44],"gold":94,"neow_bonus":"REMOVE_CARD","is_daily":false,"chose_seed":false,"campfire_upgraded":6,"win_rate":0.0,"timestamp":1613955011,"path_taken":["M","?","?","?","?","E","R","?","T","E","R","?","R","M","R","BOSS","M","M","?","M","$","E","M","M","T","?","M","R","$","E","R","BOSS","M","?","?","M","?","R","E","?","T","?","?","E","M","$","R","BOSS"],"items_purchased_type":["Relic","Relic","Relic"],"build_version":"2020-12-22","purchased_purges":3,"victory":true,"max_hp_per_floor":[70,70,70,70,70,70,70,70,70,70,70,70,70,70,70,70,70,70,70,76,76,76,76,76,76,76,76,76,76,76,76,76,76,76,76,76,76,76,76,76,76,76,76,76,76,76,76,76,76,76],"card_choices":[{"not_picked":["Bane","Heel Hook"],"picked":"Poisoned Stab","floor":1},{"not_picked":["Accuracy","Slice"],"picked":"Blade Dance","floor":6},{"not_picked":["Quick Slash","Glass Knife","Dodge and Roll"],"picked":"SKIP","floor":8},{"not_picked":["Eviscerate","PiercingWail"],"picked":"Catalyst","floor":10},{"not_picked":["Flying Knee","Prepared"],"picked":"Terror","floor":12},{"not_picked":["Slice","Sucker Punch","Blur"],"picked":"SKIP","floor":14},{"not_picked":["Venomology","Storm of Steel"],"picked":"Corpse Explosion","floor":16},{"not_picked":["Acrobatics","Blur","Noxious Fumes+1"],"picked":"SKIP","floor":18},{"not_picked":["Underhanded Strike","Quick Slash"],"picked":"Blur+1","floor":19},{"not_picked":["Dagger Spray","Catalyst"],"picked":"Slice+1","floor":21},{"not_picked":["Sucker Punch","PiercingWail"],"picked":"Prepared+1","floor":23},{"not_picked":["All Out Attack","Acrobatics"],"picked":"Deadly Poison","floor":24},{"not_picked":["Malaise","PiercingWail"],"picked":"Poisoned Stab+1","floor":25},{"not_picked":["Dodge and Roll+1","Deflect","Dagger Spray"],"picked":"SKIP","floor":28},{"not_picked":["Glass Knife","Prepared","Dagger Throw+1"],"picked":"SKIP","floor":31},{"not_picked":["Prepared+1","Underhanded Strike","Choke+1"],"picked":"SKIP","floor":35},{"not_picked":["Endless Agony","Escape Plan"],"picked":"Accuracy+1","floor":36},{"not_picked":["Deadly Poison","Outmaneuver+1","Predator"],"picked":"SKIP","floor":38},{"not_picked":["Cloak And Dagger","Heel Hook+1"],"picked":"Poisoned Stab+1","floor":39},{"not_picked":["Flechettes+1","Slice"],"picked":"Infinite Blades+1","floor":41},{"not_picked":["Panacea","Jack Of All Trades"],"picked":"Bandage Up","floor":44},{"not_picked":["Finisher+1","Endless Agony"],"picked":"Blade Dance+1","floor":45},{"not_picked":["Bouncing Flask+1","Heel Hook","Acrobatics"],"picked":"SKIP","floor":46},{"not_picked":["Prepared+1","Storm of Steel"],"picked":"Cloak And Dagger","floor":47}],"player_experience":48831,"relics_obtained":[{"floor":6,"key":"Eternal Feather"},{"floor":9,"key":"Nunchaku"},{"floor":10,"key":"Darkstone Periapt"},{"floor":20,"key":"Necronomicon"},{"floor":23,"key":"Kunai"},{"floor":26,"key":"Paper Crane"},{"floor":31,"key":"Gremlin Horn"},{"floor":36,"key":"Gambling Chip"},{"floor":41,"key":"Regal Pillow"},{"floor":43,"key":"MawBank"},{"floor":45,"key":"Pocketwatch"},{"floor":46,"key":"Bag of Marbles"}],"event_choices":[{"damage_healed":0,"gold_gain":0,"player_choice":"Ignored","damage_taken":0,"max_hp_gain":0,"max_hp_loss":0,"event_name":"Liars Game","floor":2,"gold_loss":0},{"damage_healed":0,"gold_gain":0,"player_choice":"Ignored","damage_taken":0,"max_hp_gain":0,"max_hp_loss":0,"event_name":"Golden Idol","floor":3,"gold_loss":0},{"damage_healed":0,"gold_gain":0,"player_choice":"Grow","damage_taken":0,"max_hp_gain":0,"max_hp_loss":0,"event_name":"Living Wall","floor":4,"gold_loss":0,"cards_upgraded":["Neutralize"]},{"damage_healed":0,"gold_gain":0,"player_choice":"Forge","damage_taken":0,"max_hp_gain":0,"max_hp_loss":0,"event_name":"Accursed Blacksmith","floor":5,"gold_loss":0,"cards_upgraded":["Poisoned Stab"]},{"damage_healed":0,"gold_gain":0,"player_choice":"Searched \u00273\u0027 times","damage_taken":0,"relics_obtained":["FossilizedHelix"],"max_hp_gain":0,"max_hp_loss":0,"event_name":"Dead Adventurer","floor":12,"gold_loss":0},{"damage_healed":0,"gold_gain":0,"player_choice":"Obtained Book","damage_taken":16,"max_hp_gain":0,"max_hp_loss":0,"event_name":"Cursed Tome","floor":20,"gold_loss":0},{"damage_healed":0,"gold_gain":0,"player_choice":"Inject Mutagens","damage_taken":0,"relics_obtained":["MutagenicStrength"],"max_hp_gain":0,"max_hp_loss":0,"event_name":"Drug Dealer","floor":27,"gold_loss":0},{"damage_healed":0,"gold_gain":0,"player_choice":"Fight","damage_taken":0,"max_hp_gain":0,"max_hp_loss":0,"event_name":"MindBloom","floor":36,"gold_loss":0},{"damage_healed":0,"gold_gain":0,"player_choice":"Paid Gold","damage_taken":0,"relics_obtained":["Orichalcum"],"max_hp_gain":0,"max_hp_loss":0,"event_name":"WeMeetAgain","floor":37,"gold_loss":88},{"damage_healed":0,"gold_gain":0,"player_choice":"Memory 1","damage_taken":0,"max_hp_gain":0,"max_hp_loss":0,"event_name":"SensoryStone","floor":44,"gold_loss":0},{"damage_healed":0,"gold_gain":0,"player_choice":"Fight","damage_taken":0,"max_hp_gain":0,"max_hp_loss":0,"event_name":"Mysterious Sphere","floor":45,"gold_loss":0}],"is_beta":false,"boss_relics":[{"not_picked":["Pandora\u0027s Box","Philosopher\u0027s Stone"],"picked":"WristBlade"},{"not_picked":["Black Star","Calling Bell"],"picked":"Empty Cage"}],"items_purged_floors":[22,42,48],"is_endless":false,"potions_floor_spawned":[6,16,18,24,25,33,35,36,46],"ascension_level":0}}