{"host":"Ringo","time":1613993730,"event":{"mods":["BaseMod","Colored Map","Conspire","Dota2Spire","Hubris","Minty Spire (QoL Compilation)","Replay The Spire","StSLib","The Construct","[IsaacMod]ÒÔÈö¼âËþ","¡¾ÒÅÎï¿¨ÅÆ¡¿REMEMod"],"gold_per_floor":[111,11,11,37,63,95,122,707,707,741,775,789,821,849,849,927,927,946,566,616,616,1005,1038,1073,1105,1105,1131,1165,1193,1227,356,356,430,430,448,448,483,154,172,204,204,230,230,262,162,190,219,252,252,252,252,252],"floor_reached":51,"language":"ZHS","playtime":1243,"items_purged":["Cleave","Panacea"],"score":3549,"play_id":"923b3a8d-f1b0-400c-abb6-d43859d59d7a","local_time":"20210222193530","daily_mods":["SealedDeck","Vintage","Colorless Cards","Heirloom","Time Dilation","Flight","DeadlyEvents","Elite Swarm","Lethality","Binary"],"is_ascension_mode":true,"campfire_choices":[{"data":"Cleave","floor":15.0,"key":"SMITH"},{"data":"REME_HeartOfCthun","floor":32.0,"key":"SMITH"},{"data":"REME_Fury","floor":41.0,"key":"SMITH"},{"data":"Replay:Undeath\u0027s Touch","floor":49.0,"key":"SMITH"}],"circlet_count":0,"master_deck":["AscendersBane","REME_HeartOfCthun+1","Pommel Strike+1","ReplayTheSpireMod:Trickstab","Twin Strike+1","Cleave+1","Armaments+1","Shrug It Off+1","Sword Boomerang+1","Spot Weakness+1","Ghostly+1","Replay:Undeath\u0027s Touch+1","Thunderclap","REME_Fury+1","hubris:CleavingFinish+1","Life Link+1","REME_Cut+1","ReplayTheSpireMod:Brewmster+1","SpiritShield+1","Scrawl+1","Devotion+1","hubris:DuctTapeCard"],"relics":["Burning Blood","Busted Crown","HushsDoor","REME_ComplimentaryCards","replay:Trail_Library","PunchingBag","Du-Vu Doll","conspire:Boomerang","Bag of Marbles","Dota2Spire:MaskOfMadness","Replay:Mystery Machine","hubris:TenFootPole","hubris:DeckOfHolding","hubris:GlazedTorus","hubris:SlimyHat","Dota2Spire:ArcaneBoots","Frozen Egg 2","hubris:OldNail","MagicMushroom","SatanicBible","GnawedLeaf","Sling","Dota2Spire:PhaseBoots","hubris:DuctTape","BloodDonationBag","Blue Candle","Art of War","REME_HourglassOfDeath","BlankCard","Shuriken","DeadEye","StoneCalendar","hubris:MedicalManual","Eternal Feather","ReplayTheSpireMod:Lightbulb","SlaversCollar","GuppysPaw","MagicMushroom","Dota2Spire:Mjollnir","Golden Egg","construct:RocketBooster","Regal Pillow","Vajra","Dota2Spire:PowerTreads","hubris:DisguiseKit","D4","Boot","Dota2Spire:Desolator","conspire:BottledYoYo"],"acts_visited":["Exordium","TheCity","TheBeyond"],"potions_floor_usage":[50,50],"damage_taken":[{"damage":0.0,"enemies":"2 Louse","floor":1.0,"turns":1.0},{"damage":0.0,"enemies":"3 Sentries","floor":6.0,"turns":1.0},{"damage":0.0,"enemies":"Lagavulin","floor":7.0,"turns":2.0},{"damage":0.0,"enemies":"Gremlin Nob","floor":8.0,"turns":1.0},{"damage":0.0,"enemies":"3 Sentries","floor":10.0,"turns":1.0},{"damage":0.0,"enemies":"Gremlin Nob","floor":11.0,"turns":1.0},{"damage":0.0,"enemies":"Jaw Worm","floor":12.0,"turns":1.0},{"damage":0.0,"enemies":"3 Sentries","floor":13.0,"turns":2.0},{"damage":0.0,"enemies":"Gremlin Nob","floor":14.0,"turns":2.0},{"damage":0.0,"enemies":"Slime Boss","floor":16.0,"turns":2.0},{"damage":0.0,"enemies":"Shell Parasite","floor":18.0,"turns":2.0},{"damage":0.0,"enemies":"Hiden Room Battle","floor":20.0,"turns":1.0},{"damage":0.0,"enemies":"Chosen","floor":22.0,"turns":2.0},{"damage":0.0,"enemies":"conspire:SneckoGhost","floor":23.0,"turns":1.0},{"damage":0.0,"enemies":"conspire:Head Lice","floor":24.0,"turns":1.0},{"damage":0.0,"enemies":"Book of Stabbing","floor":25.0,"turns":1.0},{"damage":0.0,"enemies":"Slavers","floor":27.0,"turns":1.0},{"damage":0.0,"enemies":"Book of Stabbing","floor":28.0,"turns":1.0},{"damage":0.0,"enemies":"conspire:SneckoGhost","floor":29.0,"turns":3.0},{"damage":0.0,"enemies":"Book of Stabbing","floor":30.0,"turns":2.0},{"damage":0.0,"enemies":"Collector","floor":33.0,"turns":1.0},{"damage":0.0,"enemies":"3 Shapes","floor":35.0,"turns":2.0},{"damage":0.0,"enemies":"R_Hoarder","floor":37.0,"turns":2.0},{"damage":0.0,"enemies":"3 Darklings","floor":39.0,"turns":1.0},{"damage":0.0,"enemies":"Nemesis","floor":40.0,"turns":1.0},{"damage":0.0,"enemies":"R_Hoarder","floor":42.0,"turns":1.0},{"damage":0.0,"enemies":"Nemesis","floor":44.0,"turns":1.0},{"damage":0.0,"enemies":"Giant Head","floor":46.0,"turns":2.0},{"damage":0.0,"enemies":"R_Hoarder","floor":47.0,"turns":2.0},{"damage":0.0,"enemies":"Giant Head","floor":48.0,"turns":2.0},{"damage":0,"enemies":"Time Eater","floor":50,"turns":1},{"damage":0,"enemies":"Donu and Deca","floor":51,"turns":1}],"seed_played":"-1329451398715435847","potions_obtained":[{"floor":6.0,"key":"BloodPotion"},{"floor":7.0,"key":"Adrenaline Potion"},{"floor":11.0,"key":"SkillPotion"},{"floor":24.0,"key":"Fruit Juice"},{"floor":28.0,"key":"Dexterity Potion"},{"floor":39.0,"key":"DuplicationPotion"}],"is_trial":true,"path_per_floor":["M","?","?","T","T","E","E","E","T","E","E","M","E","E","R","B",null,"M","$","?","?","M","E","E","E","T","E","E","E","E","$","R","B",null,"M","?","E","$","M","E","R","E","T","E","NS","E","E","E","R","B","B"],"character_chosen":"IRONCLAD","items_purchased":["REME_Fury","SatanicBible","Sling","hubris:CleavingFinish+1","Life Link+1","Eternal Feather","ReplayTheSpireMod:Lightbulb","REME_Cut+1","ReplayTheSpireMod:Brewmster+1","EpicFetus+1","GuppysPaw","Combust+1","construct:RocketBooster"],"campfire_rested":0,"item_purchase_floors":[17,17,19,19,19,31,31,31,31,34,34,34,38],"current_hp_per_floor":[74,74,51,51,51,57,75,26,26,32,38,44,50,56,56,62,68,68,68,68,66,22,28,39,45,45,51,57,64,71,71,73,73,63,63,30,30,30,30,30,30,30,30,30,30,30,30,30,30,30,0,0],"gold":252,"neow_bonus":"","is_daily":false,"chose_seed":false,"campfire_upgraded":4,"win_rate":0.0,"timestamp":1613993730,"path_taken":["M","?","?","?","?","E","E","E","T","E","?","M","E","E","R","BOSS","M","$","?","?","?","E","E","E","T","E","E","E","E","$","R","BOSS","M","?","?","$","?","E","R","E","T","E","NS","E","E","E","R","BOSS","BOSS"],"items_purchased_type":["Card","Relic","Relic","Card","Card","Relic","Relic","Card","Card","Card","Relic","Card","Relic"],"build_version":"2020-12-18","purchased_purges":2,"victory":false,"max_hp_per_floor":[75,75,75,75,75,75,75,75,75,75,75,75,75,75,75,75,68,68,68,68,68,68,68,73,73,73,73,73,73,73,73,73,73,63,63,30,30,30,30,30,30,30,30,30,30,30,30,30,30,30,30,30],"card_choices":[{"not_picked":[],"picked":"Bomb","floor":0.0},{"not_picked":[],"picked":"SpiritShield","floor":44.0},{"not_picked":[],"picked":"Scrawl","floor":46.0},{"not_picked":[],"picked":"Devotion","floor":47.0},{"not_picked":["Devotion"],"picked":"SKIP","floor":48.0}],"player_experience":735827,"relics_obtained":[{"floor":1.0,"key":"conspire:Boomerang"},{"floor":4.0,"key":"Bag of Marbles"},{"floor":5.0,"key":"Dota2Spire:MaskOfMadness"},{"floor":6.0,"key":"Replay:Mystery Machine"},{"floor":7.0,"key":"BloodDonationMachine"},{"floor":8.0,"key":"hubris:TenFootPole"},{"floor":9.0,"key":"hubris:DeckOfHolding"},{"floor":10.0,"key":"hubris:GlazedTorus"},{"floor":11.0,"key":"hubris:SlimyHat"},{"floor":12.0,"key":"Dota2Spire:ArcaneBoots"},{"floor":13.0,"key":"Frozen Egg 2"},{"floor":14.0,"key":"hubris:OldNail"},{"floor":18.0,"key":"GnawedLeaf"},{"floor":20.0,"key":"Dota2Spire:PhaseBoots"},{"floor":20.0,"key":"hubris:DuctTape"},{"floor":22.0,"key":"Blue Candle"},{"floor":23.0,"key":"Art of War"},{"floor":24.0,"key":"REME_HourglassOfDeath"},{"floor":25.0,"key":"BlankCard"},{"floor":26.0,"key":"Shuriken"},{"floor":27.0,"key":"Diplopia"},{"floor":28.0,"key":"DeadEye"},{"floor":29.0,"key":"StoneCalendar"},{"floor":30.0,"key":"hubris:MedicalManual"},{"floor":35.0,"key":"Dota2Spire:Mjollnir"},{"floor":37.0,"key":"Golden Egg"},{"floor":39.0,"key":"Regal Pillow"},{"floor":40.0,"key":"Vajra"},{"floor":42.0,"key":"Dota2Spire:PowerTreads"},{"floor":43.0,"key":"hubris:DisguiseKit"},{"floor":44.0,"key":"D4"},{"floor":46.0,"key":"Boot"},{"floor":47.0,"key":"Dota2Spire:Desolator"},{"floor":48.0,"key":"conspire:BottledYoYo"}],"event_choices":[{"damage_healed":0.0,"max_hp_gain":0.0,"max_hp_loss":0.0,"gold_gain":0.0,"event_name":"conspire:LoneGhost","player_choice":"Argue","floor":2.0,"gold_loss":0.0,"damage_taken":0.0},{"damage_healed":0.0,"max_hp_gain":0.0,"max_hp_loss":0.0,"gold_gain":0.0,"event_name":"Shining Light","player_choice":"Entered Light","floor":3.0,"gold_loss":0.0,"damage_taken":23.0,"cards_upgraded":["Armaments","Twin Strike"]},{"damage_healed":0.0,"max_hp_gain":0.0,"max_hp_loss":0.0,"gold_gain":0.0,"event_name":"HidenRoomEvent","player_choice":"Fight","floor":20.0,"gold_loss":0.0,"damage_taken":0.0},{"damage_healed":0.0,"max_hp_gain":0.0,"max_hp_loss":0.0,"gold_gain":0.0,"event_name":"conspire:Investor","player_choice":"Leave","floor":21.0,"gold_loss":0.0,"damage_taken":0.0},{"damage_healed":0.0,"max_hp_gain":0.0,"max_hp_loss":3.0,"gold_gain":0.0,"event_name":"Winding Halls","player_choice":"Max HP","floor":36.0,"gold_loss":0.0,"damage_taken":0.0}],"is_beta":true,"boss_relics":[{"not_picked":["Replay:Wanted Poster","Sozu"],"picked":"MagicMushroom"},{"not_picked":[]},{"not_picked":["Mark of Pain","Runic Dome"],"picked":"SlaversCollar"},{"not_picked":[]}],"items_purged_floors":[19,31],"is_endless":false,"potions_floor_spawned":[6,7,11,14,16,22,24,28,29,30,39,44,46,47,48],"killed_by":"Donu and Deca","ascension_level":20}}