{"host":"drl4gs3853zme1q6","time":1613972766,"event":{"mods":["AchievementEnabler","BaseMod","Colored Map","Colored Powertips","Hermit","Hubris","Infinite Spire","Jorbs\u0027s Wanderer Trilogy","Minty Spire (QoL Compilation)","Replay The Spire","StSLib","The Cursed","The Hierophant"],"gold_per_floor":[117,130,146,246,93,93,93],"floor_reached":6,"language":"ENG","playtime":304,"items_purged":[],"score":36,"play_id":"ec580480-2298-4a47-9dc4-2bda28823ea9","local_time":"20210221234606","is_ascension_mode":false,"campfire_choices":[],"circlet_count":0,"master_deck":["stsjorbsmod:ForbiddenGrimoire+1","stsjorbsmod:Strike_Wanderer","stsjorbsmod:Strike_Wanderer","stsjorbsmod:Strike_Wanderer","stsjorbsmod:Strike_Wanderer","stsjorbsmod:Defend_Wanderer","stsjorbsmod:Defend_Wanderer","stsjorbsmod:Defend_Wanderer","stsjorbsmod:Defend_Wanderer","stsjorbsmod:FreshAdventure","stsjorbsmod:EyeOfTheStorm","stsjorbsmod:RayOfFrost","stsjorbsmod:Materialize","stsjorbsmod:ParryingBlow"],"relics":["stsjorbsmod:GrimoireRelic","Bronze Scales"],"acts_visited":["Exordium"],"potions_floor_usage":[],"damage_taken":[{"damage":9,"enemies":"Cultist","floor":1,"turns":4},{"damage":0,"enemies":"2 Louse","floor":2,"turns":2},{"damage":0,"enemies":"Small Slimes","floor":3,"turns":3},{"damage":8,"enemies":"Lagavulin","floor":6,"turns":3}],"seed_played":"1768254661176360116","potions_obtained":[],"is_trial":false,"path_per_floor":["M","M","M","?","$","E"],"character_chosen":"WANDERER","items_purchased":["Bronze Scales"],"campfire_rested":0,"item_purchase_floors":[5],"current_hp_per_floor":[66,67,67,67,67,59,59],"gold":93,"neow_bonus":"TEN_PERCENT_HP_BONUS","is_daily":false,"chose_seed":false,"campfire_upgraded":0,"win_rate":0.0,"timestamp":1613972766,"path_taken":["M","M","?","?","$","E"],"items_purchased_type":["Relic"],"build_version":"2020-12-22","purchased_purges":0,"victory":false,"max_hp_per_floor":[74,74,74,74,74,74,74],"card_choices":[{"not_picked":["stsjorbsmod:UnseenServant","stsjorbsmod:Mending"],"picked":"stsjorbsmod:RayOfFrost","floor":1},{"not_picked":["stsjorbsmod:ChatteringStrike","stsjorbsmod:UnseenServant"],"picked":"stsjorbsmod:Materialize","floor":2},{"not_picked":["stsjorbsmod:Will","stsjorbsmod:ColorSpray"],"picked":"stsjorbsmod:ParryingBlow","floor":3}],"player_experience":393668,"relics_obtained":[],"event_choices":[{"damage_healed":0,"gold_gain":100,"player_choice":"Pray","damage_taken":0,"max_hp_gain":0,"max_hp_loss":0,"event_name":"Golden Shrine","floor":4,"gold_loss":0}],"is_beta":false,"boss_relics":[],"items_purged_floors":[],"is_endless":false,"potions_floor_spawned":[3],"killed_by":"Lagavulin","ascension_level":0}}