{"host":"szp1d6dso4pv7ddl","time":1613968804,"event":{"mods":["AchievementEnabler","Alarm Clock","BaseMod","Bestiary","Block Reminder","Colored Map","Colored Powertips","Curses Come First","Dark Map","Displayed Cursed Tome","Highlight Path","Minty Spire (QoL Compilation)","Permanent Neow","Quick Restart","Relic Sorter","Relic Stats","StSLib","Synergy Search"],"gold_per_floor":[118,118,118,118,129,154,229,242,242,304,315,335,348,361,361,465,465,482,482,482,497,447,473,483,498,546,646,663,36,46,57,57,162,162,181,201,41,41,91,91,91,111,160,160,178,178,189,203,203,203],"floor_reached":51,"language":"ENG","playtime":3011,"items_purged":["Strike_R"],"score":775,"play_id":"0f527910-eac7-4c1e-8590-e8ab258f26da","local_time":"20210221204004","is_ascension_mode":false,"campfire_choices":[{"floor":15.0,"key":"REST"},{"floor":32.0,"key":"REST"},{"data":"Bash","floor":40,"key":"SMITH"},{"data":"1","floor":44,"key":"LIFT"},{"floor":49,"key":"REST"}],"circlet_count":0,"master_deck":["Strike_R","Strike_R","Strike_R","Defend_R","Defend_R","Defend_R","Bash+1","Dropkick","Dual Wield+1","Shrug It Off+1","Sever Soul+1","Offering+1","Dropkick+1","Seeing Red+1"],"relics":["Burning Blood","Girya","NeowsBlessing","Toxic Egg 2","Sundial","Torii","Mango","Runic Pyramid","Prayer Wheel","MealTicket","Thread and Needle","HornCleat","SlaversCollar","Vajra"],"acts_visited":["Exordium","TheCity","TheBeyond"],"potions_floor_usage":[39,48,48,50],"damage_taken":[{"damage":0.0,"enemies":"Small Slimes","floor":1.0,"turns":1.0},{"damage":0.0,"enemies":"Jaw Worm","floor":5.0,"turns":1.0},{"damage":0.0,"enemies":"3 Sentries","floor":6.0,"turns":1.0},{"damage":0.0,"enemies":"2 Louse","floor":8.0,"turns":3.0},{"damage":31.0,"enemies":"3 Sentries","floor":10.0,"turns":10.0},{"damage":7.0,"enemies":"Looter","floor":11.0,"turns":4.0},{"damage":2.0,"enemies":"Blue Slaver","floor":12.0,"turns":3.0},{"damage":2.0,"enemies":"2 Fungi Beasts","floor":13.0,"turns":5.0},{"damage":1.0,"enemies":"Large Slime","floor":14.0,"turns":6.0},{"damage":85.0,"enemies":"The Guardian","floor":16.0,"turns":19.0},{"damage":26.0,"enemies":"3 Byrds","floor":18.0,"turns":7.0},{"damage":14.0,"enemies":"Shell Parasite","floor":21.0,"turns":4.0},{"damage":59.0,"enemies":"Slavers","floor":23.0,"turns":10.0},{"damage":13.0,"enemies":"Centurion and Healer","floor":24.0,"turns":6.0},{"damage":2.0,"enemies":"Snecko","floor":25.0,"turns":5.0},{"damage":12.0,"enemies":"Snake Plant","floor":28.0,"turns":6.0},{"damage":8.0,"enemies":"Centurion and Healer","floor":30.0,"turns":7.0},{"damage":0.0,"enemies":"Snecko","floor":31.0,"turns":4.0},{"damage":0.0,"enemies":"Champ","floor":33.0,"turns":7.0},{"damage":0.0,"enemies":"Orb Walker","floor":35.0,"turns":4.0},{"damage":25.0,"enemies":"3 Darklings","floor":36.0,"turns":8.0},{"damage":6,"enemies":"Mind Bloom Boss Battle","floor":39,"turns":1},{"damage":6,"enemies":"Maw","floor":42,"turns":2},{"damage":21,"enemies":"Jaw Worm Horde","floor":45,"turns":3},{"damage":21,"enemies":"4 Shapes","floor":47,"turns":5},{"damage":66,"enemies":"Sphere and 2 Shapes","floor":48,"turns":8},{"damage":7,"enemies":"Awakened One","floor":50,"turns":6}],"seed_played":"2855114396041961939","potions_obtained":[{"floor":1.0,"key":"EssenceOfSteel"},{"floor":11.0,"key":"Block Potion"},{"floor":12.0,"key":"AttackPotion"},{"floor":13.0,"key":"BloodPotion"},{"floor":24.0,"key":"LiquidBronze"},{"floor":31.0,"key":"PowerPotion"},{"floor":33.0,"key":"ColorlessPotion"},{"floor":39,"key":"Regen Potion"},{"floor":45,"key":"ColorlessPotion"},{"floor":48,"key":"LiquidMemories"}],"is_trial":false,"path_per_floor":["M","?","?","T","M","E","?","M","T","?","M","M","M","M","R","B",null,"M","?","?","M","?","E","M","M","T","?","M","$","M","M","R","B",null,"M","M","$","?","?","R","$","M","T","R","M","?","M","M","R","B",null],"character_chosen":"IRONCLAD","items_purchased":["Thread and Needle","HornCleat","Offering+1"],"campfire_rested":3,"item_purchase_floors":[29,29,37],"current_hp_per_floor":[80,73,73,73,79,80,69,75,75,64,63,67,71,76,94,15,94,74,74,74,66,66,31,24,28,28,28,22,37,35,41,69,75,94,94,75,90,90,90,90,94,94,94,94,79,79,64,19,47,46],"gold":203,"neow_bonus":"THREE_ENEMY_KILL","is_daily":false,"chose_seed":false,"campfire_upgraded":1,"win_rate":0.0,"timestamp":1613968804,"path_taken":["M","?","?","?","M","E","?","M","T","?","M","?","M","M","R","BOSS","M","?","?","M","?","E","?","?","T","?","M","?","?","M","R","BOSS","M","M","$","?","?","R","$","?","T","R","?","?","M","M","R","BOSS"],"items_purchased_type":["Relic","Relic","Card"],"build_version":"2020-12-22","purchased_purges":1,"victory":true,"max_hp_per_floor":[80,80,80,80,80,80,80,80,80,94,94,94,94,94,94,94,94,94,94,94,94,94,94,94,94,94,94,94,94,94,94,94,94,94,94,94,94,94,94,94,94,94,94,94,94,94,94,94,94,94],"relic_stats":{"Torii":91,"counters":[27,146],"Sundial":[116],"Prayer Wheel":11,"MealTicket":34,"obtain_stats":[{"Girya":39,"NeowsBlessing":0,"Torii":9,"Vajra":43,"Mango":10,"Thread and Needle":29,"Burning Blood":0,"SlaversCollar":34,"HornCleat":29,"Sundial":6,"Prayer Wheel":23,"MealTicket":26,"Toxic Egg 2":4,"Runic Pyramid":17},{"Girya":22,"NeowsBlessing":0,"Torii":4,"Vajra":23,"Mango":4,"Thread and Needle":16,"Burning Blood":0,"SlaversCollar":19,"HornCleat":16,"Sundial":3,"Prayer Wheel":13,"MealTicket":15,"Toxic Egg 2":1,"Runic Pyramid":10},{"Girya":122,"NeowsBlessing":0,"Torii":6,"Vajra":124,"Mango":6,"Thread and Needle":91,"Burning Blood":0,"SlaversCollar":109,"HornCleat":91,"Sundial":3,"Prayer Wheel":74,"MealTicket":85,"Toxic Egg 2":1,"Runic Pyramid":53}],"Burning Blood":145},"card_choices":[{"not_picked":["Seeing Red","Anger","Armaments"],"picked":"SKIP","floor":1.0},{"not_picked":["Sever Soul","Anger","Clash"],"picked":"SKIP","floor":5.0},{"not_picked":["Second Wind+1","Battle Trance+1"],"picked":"Dropkick","floor":6.0},{"not_picked":["Sentinel+1","Pommel Strike"],"picked":"Rage+1","floor":8.0},{"not_picked":["Headbutt","Clothesline","Heavy Blade"],"picked":"SKIP","floor":11.0},{"not_picked":["Fiend Fire","Inflame","Clothesline"],"picked":"SKIP","floor":12.0},{"not_picked":["Headbutt","Clash","Anger"],"picked":"SKIP","floor":13.0},{"not_picked":["Entrench+1","Flex+1"],"picked":"Dual Wield+1","floor":14.0},{"not_picked":["Body Slam","Dark Embrace","Pommel Strike+1"],"picked":"SKIP","floor":18.0},{"not_picked":["Rampage","Thunderclap","Heavy Blade"],"picked":"SKIP","floor":21.0},{"not_picked":["Heavy Blade","Sentinel+1","Searing Blow"],"picked":"SKIP","floor":23.0},{"not_picked":["Searing Blow","Cleave","Armaments+1"],"picked":"SKIP","floor":24.0},{"not_picked":["Flex+1","Clash","Cleave"],"picked":"SKIP","floor":24.0},{"not_picked":["Cleave","Flex+1"],"picked":"Shrug It Off+1","floor":25.0},{"not_picked":["Bloodletting+1","Feed","Perfected Strike"],"picked":"SKIP","floor":25.0},{"not_picked":["Wild Strike","Thunderclap+1","Searing Blow"],"picked":"SKIP","floor":28.0},{"not_picked":["Ghostly Armor+1","Dark Embrace","Clothesline"],"picked":"SKIP","floor":28.0},{"not_picked":["Whirlwind","Twin Strike","Heavy Blade"],"picked":"SKIP","floor":30.0},{"not_picked":["Heavy Blade","Anger","Clothesline+1"],"picked":"SKIP","floor":30.0},{"not_picked":["Shrug It Off+1","Infernal Blade+1","Anger+1"],"picked":"SKIP","floor":31.0},{"not_picked":["Clash","Iron Wave+1","Wild Strike"],"picked":"SKIP","floor":31.0},{"not_picked":["Havoc+1","Rampage+1"],"picked":"Sever Soul+1","floor":35.0},{"not_picked":["Flex+1","Twin Strike+1","Hemokinesis+1"],"picked":"SKIP","floor":35.0},{"not_picked":["Warcry+1","Pommel Strike+1","Havoc+1"],"picked":"SKIP","floor":36.0},{"not_picked":["Intimidate+1","Shockwave+1","Thunderclap+1"],"picked":"SKIP","floor":36.0},{"not_picked":["Thunderclap+1","Havoc+1"],"picked":"Dropkick+1","floor":39},{"not_picked":["Heavy Blade+1","Metallicize+1"],"picked":"Seeing Red+1","floor":42},{"not_picked":["Heavy Blade+1","Body Slam","Cleave+1"],"picked":"SKIP","floor":42},{"not_picked":["Pummel","Perfected Strike","Clash"],"picked":"SKIP","floor":45},{"not_picked":["Clash+1","Wild Strike+1","Offering+1"],"picked":"SKIP","floor":45},{"not_picked":["Whirlwind","Thunderclap+1","Ghostly Armor+1"],"picked":"SKIP","floor":47},{"not_picked":["Clothesline","Body Slam+1","Shrug It Off+1"],"picked":"SKIP","floor":47},{"not_picked":["Battle Trance+1","Wild Strike","Disarm+1"],"picked":"SKIP","floor":48},{"not_picked":["Armaments+1","Shrug It Off+1","Power Through+1"],"picked":"SKIP","floor":48}],"player_experience":1629033,"relics_obtained":[{"floor":4.0,"key":"Toxic Egg 2"},{"floor":6.0,"key":"Sundial"},{"floor":9.0,"key":"Torii"},{"floor":23.0,"key":"Prayer Wheel"},{"floor":26.0,"key":"MealTicket"},{"floor":39,"key":"Girya"},{"floor":43,"key":"Vajra"}],"event_choices":[{"cards_removed":["Defend_R"],"damage_healed":0.0,"max_hp_gain":0.0,"max_hp_loss":0.0,"gold_gain":0.0,"event_name":"Golden Wing","player_choice":"Card Removal","floor":2.0,"gold_loss":0.0,"damage_taken":7.0},{"damage_healed":0.0,"max_hp_gain":0.0,"max_hp_loss":0.0,"gold_gain":0.0,"event_name":"Liars Game","player_choice":"Ignored","floor":3.0,"gold_loss":0.0,"damage_taken":0.0},{"damage_healed":0.0,"max_hp_gain":0.0,"max_hp_loss":0.0,"gold_gain":75.0,"event_name":"World of Goop","player_choice":"Gather Gold","floor":7.0,"gold_loss":0.0,"damage_taken":11.0},{"damage_healed":0.0,"max_hp_gain":0.0,"max_hp_loss":0.0,"gold_gain":0.0,"event_name":"Dead Adventurer","player_choice":"Searched \u00272\u0027 times","floor":10.0,"gold_loss":0.0,"damage_taken":0.0,"relics_obtained":["Mango"]},{"cards_removed":["Strike_R"],"damage_healed":0.0,"max_hp_gain":0.0,"max_hp_loss":0.0,"gold_gain":0.0,"event_name":"Back to Basics","player_choice":"Elegance","floor":19.0,"gold_loss":0.0,"damage_taken":0.0},{"damage_healed":0.0,"max_hp_gain":0.0,"max_hp_loss":0.0,"gold_gain":0.0,"event_name":"Vampires","player_choice":"Ignored","floor":20.0,"gold_loss":0.0,"damage_taken":0.0},{"damage_healed":0.0,"max_hp_gain":0.0,"max_hp_loss":0.0,"gold_gain":0.0,"event_name":"The Joust","player_choice":"Bet on Murderer","floor":22.0,"gold_loss":50.0,"damage_taken":0.0},{"damage_healed":0.0,"max_hp_gain":0.0,"max_hp_loss":0.0,"gold_gain":100.0,"event_name":"Golden Shrine","player_choice":"Pray","floor":27.0,"gold_loss":0.0,"damage_taken":0.0},{"cards_removed":["Rage"],"damage_healed":0.0,"max_hp_gain":0.0,"max_hp_loss":0.0,"gold_gain":0.0,"event_name":"Falling","player_choice":"Removed Skill","floor":38.0,"gold_loss":0.0,"damage_taken":0.0},{"damage_healed":0,"gold_gain":0,"player_choice":"Fight","damage_taken":0,"max_hp_gain":0,"max_hp_loss":0,"event_name":"MindBloom","floor":39,"gold_loss":0},{"damage_healed":0,"gold_gain":0,"player_choice":"Ignored","damage_taken":0,"max_hp_gain":0,"max_hp_loss":0,"event_name":"Tomb of Lord Red Mask","floor":46,"gold_loss":0}],"is_beta":false,"boss_relics":[{"not_picked":["Velvet Choker","Tiny House"],"picked":"Runic Pyramid"},{"not_picked":["Philosopher\u0027s Stone","Runic Cube"],"picked":"SlaversCollar"}],"items_purged_floors":[29],"is_endless":false,"potions_floor_spawned":[1,11,12,13,14,24,31,33,39,45,48],"ascension_level":0}}