{"host":"pifa3o3uv2a0m12r","time":1613952055,"event":{"mods":["AchievementEnabler","BaseMod","Colored Map","Minty Spire (QoL Compilation)","StSLib","SuperFastMode"],"gold_per_floor":[211,230,243,243,257,287,287,297,297,297,312,325,325,352,352,454,454,394,394,309,322,1,1,1],"floor_reached":23,"language":"FRA","playtime":1354,"items_purged":[],"score":226,"play_id":"a34de4df-caaa-4e4b-8942-d49db129d265","local_time":"20210221140055","is_ascension_mode":false,"campfire_choices":[{"floor":7,"key":"REST"},{"floor":10,"key":"REST"},{"floor":15,"key":"REST"}],"circlet_count":0,"master_deck":["Defend_R","Defend_R","Defend_R+1","Defend_R","Bash","True Grit+1","True Grit+1","Battle Trance","Shrug It Off","Metallicize","Heavy Blade","Ghostly Armor","Reaper","Armaments+1","Bite","Bite","Bite","Bite","Bite","Cleave+1","Dramatic Entrance"],"relics":["Burning Blood","Art of War","Self Forming Clay","Bottled Tornado","Runic Cube","War Paint","Pear"],"acts_visited":["Exordium","TheCity"],"potions_floor_usage":[6,11,14,16,16],"damage_taken":[{"damage":10,"enemies":"Jaw Worm","floor":1,"turns":4},{"damage":5,"enemies":"Small Slimes","floor":2,"turns":3},{"damage":0,"enemies":"2 Louse","floor":3,"turns":3},{"damage":7,"enemies":"Red Slaver","floor":5,"turns":6},{"damage":73,"enemies":"Gremlin Nob","floor":6,"turns":7},{"damage":18,"enemies":"Exordium Thugs","floor":8,"turns":8},{"damage":12,"enemies":"Gremlin Gang","floor":11,"turns":7},{"damage":0,"enemies":"Large Slime","floor":12,"turns":8},{"damage":11,"enemies":"Lagavulin","floor":14,"turns":11},{"damage":60,"enemies":"The Guardian","floor":16,"turns":31},{"damage":4,"enemies":"2 Thieves","floor":18,"turns":4},{"damage":58,"enemies":"3 Byrds","floor":21,"turns":16},{"damage":83,"enemies":"Slavers","floor":23,"turns":7}],"seed_played":"-789556390421630975","potions_obtained":[{"floor":2,"key":"LiquidMemories"},{"floor":5,"key":"DistilledChaos"},{"floor":8,"key":"PowerPotion"},{"floor":11,"key":"Ancient Potion"},{"floor":12,"key":"AttackPotion"},{"floor":14,"key":"Block Potion"}],"is_trial":false,"path_per_floor":["M","M","M","?","M","E","R","M","T","R","M","M","?","E","R","B",null,"M","?","?","M","$","E"],"character_chosen":"IRONCLAD","items_purchased":["Pear","Dramatic Entrance"],"campfire_rested":3,"item_purchase_floors":[22,22],"current_hp_per_floor":[76,77,80,80,79,12,36,24,24,48,42,48,48,43,67,13,80,80,56,56,42,52,0,0],"gold":1,"neow_bonus":"HUNDRED_GOLD","is_daily":false,"chose_seed":false,"campfire_upgraded":0,"win_rate":0.0,"timestamp":1613952055,"path_taken":["M","M","M","?","M","E","R","M","T","R","M","M","?","E","R","BOSS","M","?","?","M","$","E"],"items_purchased_type":["Relic","Card"],"build_version":"2020-12-22","purchased_purges":0,"victory":false,"max_hp_per_floor":[80,80,80,80,80,80,80,80,80,80,80,80,80,80,80,80,80,80,56,56,56,66,66,66],"card_choices":[{"not_picked":["Sword Boomerang","Thunderclap"],"picked":"True Grit","floor":1},{"not_picked":["Evolve","Perfected Strike"],"picked":"True Grit","floor":2},{"not_picked":["Dark Embrace","Warcry"],"picked":"Battle Trance","floor":3},{"not_picked":["Wild Strike","Intimidate"],"picked":"Shrug It Off","floor":5},{"not_picked":["Twin Strike","Headbutt"],"picked":"Metallicize","floor":6},{"not_picked":["Battle Trance","Inflame"],"picked":"Heavy Blade","floor":8},{"not_picked":["Body Slam","Flex"],"picked":"Ghostly Armor","floor":11},{"not_picked":["Thunderclap","Twin Strike","Headbutt"],"picked":"SKIP","floor":12},{"not_picked":["Reckless Charge","Ghostly Armor","Feel No Pain"],"picked":"SKIP","floor":14},{"not_picked":["Exhume","Berserk"],"picked":"Reaper","floor":16},{"not_picked":["Infernal Blade","Inflame+1"],"picked":"Armaments+1","floor":18},{"not_picked":["Warcry","Havoc"],"picked":"Cleave+1","floor":21}],"player_experience":138113,"relics_obtained":[{"floor":6,"key":"Art of War"},{"floor":9,"key":"Self Forming Clay"},{"floor":14,"key":"Bottled Tornado"}],"event_choices":[{"damage_healed":0,"gold_gain":0,"player_choice":"Grow","damage_taken":0,"max_hp_gain":0,"max_hp_loss":0,"event_name":"Living Wall","floor":4,"gold_loss":0,"cards_upgraded":["True Grit"]},{"damage_healed":0,"gold_gain":0,"player_choice":"Ignored","damage_taken":0,"max_hp_gain":0,"max_hp_loss":0,"event_name":"Shining Light","floor":13,"gold_loss":0},{"damage_healed":0,"gold_gain":0,"player_choice":"Became a vampire","damage_taken":0,"max_hp_gain":0,"max_hp_loss":24,"event_name":"Vampires","floor":19,"gold_loss":0,"cards_obtained":["Bite","Bite","Bite","Bite","Bite"]},{"damage_healed":0,"gold_gain":0,"player_choice":"Obtained Relic","damage_taken":0,"relics_obtained":["War Paint"],"max_hp_gain":0,"max_hp_loss":0,"event_name":"Addict","floor":20,"gold_loss":85}],"is_beta":false,"boss_relics":[{"not_picked":["Cursed Key","Fusion Hammer"],"picked":"Runic Cube"}],"items_purged_floors":[],"is_endless":false,"potions_floor_spawned":[2,5,8,11,12,14],"killed_by":"Slavers","ascension_level":0}}