{"host":"l1pzlbpva2o8t11s","time":1613985623,"event":{"mods":["AchievementEnabler","BaseMod","Block Reminder","Colored Map","Minty Spire (QoL Compilation)","Random Character Button","Relic Stats","StSLib","The Jungle"],"gold_per_floor":[18,18,33,33,50,50,85,85,112,187,187,187,44,77,77,77,77],"floor_reached":16,"language":"ENG","playtime":1010,"items_purged":[],"score":133,"play_id":"384c536b-59d7-4a37-9d35-951794564acd","local_time":"20210222102023","is_ascension_mode":true,"campfire_choices":[{"data":"Flying Knee","floor":6,"key":"SMITH"},{"floor":8,"key":"REST"},{"floor":11,"key":"REST"},{"floor":15,"key":"REST"}],"circlet_count":0,"master_deck":["Strike_G","Strike_G+1","Strike_G","Strike_G","Strike_G","Defend_G","Defend_G","Defend_G","Defend_G","Defend_G","Survivor","Neutralize+1","Backstab+1","Flying Knee+1","Blade Dance"],"relics":["Ring of the Snake","Whetstone","Ancient Tea Set","Ornamental Fan","PreservedInsect","Potion Belt"],"acts_visited":["Exordium"],"potions_floor_usage":[14,16],"damage_taken":[{"damage":0,"enemies":"Jaw Worm","floor":1,"turns":5},{"damage":1,"enemies":"Small Slimes","floor":3,"turns":6},{"damage":0,"enemies":"Cultist","floor":5,"turns":3},{"damage":62,"enemies":"3 Sentries","floor":7,"turns":13},{"damage":9,"enemies":"Lagavulin","floor":14,"turns":6},{"damage":46,"enemies":"Slime Boss","floor":16,"turns":11}],"seed_played":"-3584026163976050862","potions_obtained":[{"floor":7,"key":"Weak Potion"},{"floor":14,"key":"EssenceOfSteel"}],"is_trial":false,"path_per_floor":["M","$","M","?","M","R","E","R","T","?","R","?","$","E","R","B"],"character_chosen":"THE_SILENT","items_purchased":["PreservedInsect"],"campfire_rested":3,"item_purchase_floors":[13],"current_hp_per_floor":[70,70,69,69,69,69,7,28,28,17,38,35,35,26,47,1,1],"gold":77,"neow_bonus":"THREE_RARE_CARDS","is_daily":false,"chose_seed":false,"campfire_upgraded":1,"win_rate":0.0,"timestamp":1613985623,"path_taken":["M","$","M","?","M","R","E","R","T","?","R","?","?","E","R","BOSS"],"items_purchased_type":["Relic"],"build_version":"2020-12-22","purchased_purges":0,"victory":false,"max_hp_per_floor":[70,70,70,70,70,70,70,70,70,70,70,70,70,70,70,70,70],"relic_stats":{"counters":[6,44],"Ornamental Fan":[36],"PreservedInsect":28,"Whetstone":["Neutralize","Strike_G"],"obtain_stats":[{"Potion Belt":14,"Ornamental Fan":12,"PreservedInsect":13,"Whetstone":7,"Ancient Tea Set":9,"Ring of the Snake":0},{"Potion Belt":5,"Ornamental Fan":4,"PreservedInsect":4,"Whetstone":4,"Ancient Tea Set":4,"Ring of the Snake":0},{"Potion Belt":33,"Ornamental Fan":27,"PreservedInsect":27,"Whetstone":27,"Ancient Tea Set":27,"Ring of the Snake":0}],"Ring of the Snake":[12]},"card_choices":[{"not_picked":["Dagger Spray","Deflect","Eviscerate"],"picked":"SKIP","floor":1},{"not_picked":["Backflip","Deadly Poison"],"picked":"Backstab","floor":3},{"not_picked":["Crippling Poison","Bane"],"picked":"Flying Knee","floor":5},{"not_picked":["Sucker Punch","Tactician","Dodge and Roll"],"picked":"SKIP","floor":7},{"not_picked":["Poisoned Stab","Prepared"],"picked":"Blade Dance","floor":14}],"player_experience":185329,"relics_obtained":[{"floor":7,"key":"Whetstone"},{"floor":9,"key":"Ancient Tea Set"},{"floor":14,"key":"Potion Belt"}],"event_choices":[{"damage_healed":0,"gold_gain":0,"player_choice":"Grow","damage_taken":0,"max_hp_gain":0,"max_hp_loss":0,"event_name":"Living Wall","floor":4,"gold_loss":0,"cards_upgraded":["Backstab"]},{"damage_healed":0,"gold_gain":75,"player_choice":"Gather Gold","damage_taken":11,"max_hp_gain":0,"max_hp_loss":0,"event_name":"World of Goop","floor":10,"gold_loss":0},{"damage_healed":0,"gold_gain":0,"player_choice":"Success","damage_taken":3,"relics_obtained":["Ornamental Fan"],"max_hp_gain":0,"max_hp_loss":0,"event_name":"Scrap Ooze","floor":12,"gold_loss":0}],"is_beta":false,"boss_relics":[],"items_purged_floors":[],"is_endless":false,"potions_floor_spawned":[7,14],"killed_by":"Slime Boss","ascension_level":5}}