{"host":"uhi6g4fgvyietct9","time":1613994517,"event":{"mods":["AchievementEnabler","BaseMod","Colored Map","Colored Powertips","Minty Spire (QoL Compilation)","StSLib","SuperFastMode"],"gold_per_floor":[113,59,134,134,134,167,194,194,194,205,205,205],"floor_reached":11,"language":"KOR","playtime":526,"items_purged":[],"score":103,"play_id":"92e783f6-6ce1-4929-8576-2866648311d6","local_time":"20210222204837","is_ascension_mode":true,"campfire_choices":[{"data":"Eruption","floor":8,"key":"SMITH"}],"circlet_count":0,"master_deck":["Strike_P","Strike_P","Strike_P","Defend_P","Defend_P","Defend_P","Defend_P","Eruption+1","Vigilance","FlurryOfBlows","Halt"],"relics":["PureWater","NeowsBlessing","Toy Ornithopter","Juzu Bracelet","Bottled Flame"],"acts_visited":["Exordium"],"potions_floor_usage":[],"damage_taken":[{"damage":0,"enemies":"Small Slimes","floor":1,"turns":1},{"damage":0,"enemies":"Gremlin Nob","floor":6,"turns":1},{"damage":0,"enemies":"Jaw Worm","floor":10,"turns":1},{"damage":46,"enemies":"Lagavulin","floor":11,"turns":9}],"seed_played":"2267053011033394097","potions_obtained":[{"floor":1,"key":"Ambrosia"}],"is_trial":false,"path_per_floor":["M","$","?","?","?","E","T","R","T","M","E"],"character_chosen":"WATCHER","items_purchased":["FlurryOfBlows"],"campfire_rested":0,"item_purchase_floors":[2],"current_hp_per_floor":[72,72,61,54,59,59,59,59,59,59,13,13],"gold":205,"neow_bonus":"THREE_ENEMY_KILL","is_daily":false,"chose_seed":false,"campfire_upgraded":1,"win_rate":0.0,"timestamp":1613994517,"path_taken":["M","$","?","?","?","E","?","R","T","M","E"],"items_purchased_type":["Card"],"build_version":"2020-12-22","purchased_purges":0,"victory":false,"max_hp_per_floor":[72,72,72,72,77,77,77,77,77,77,77,77],"card_choices":[{"not_picked":["CarveReality","Swivel","EmptyBody"],"picked":"SKIP","floor":1},{"not_picked":["ClearTheMind","Protect","Fasting2"],"picked":"SKIP","floor":6},{"not_picked":["ThirdEye","CutThroughFate"],"picked":"Halt","floor":10}],"player_experience":620187,"relics_obtained":[{"floor":6,"key":"Toy Ornithopter"},{"floor":7,"key":"Juzu Bracelet"},{"floor":9,"key":"Bottled Flame"}],"event_choices":[{"damage_healed":0,"gold_gain":75,"player_choice":"Gather Gold","damage_taken":11,"max_hp_gain":0,"max_hp_loss":0,"event_name":"World of Goop","floor":3,"gold_loss":0},{"cards_removed":["Strike_P"],"damage_healed":0,"gold_gain":0,"player_choice":"Card Removal","damage_taken":7,"max_hp_gain":0,"max_hp_loss":0,"event_name":"Golden Wing","floor":4,"gold_loss":0},{"damage_healed":0,"gold_gain":0,"player_choice":"Donut","damage_taken":0,"max_hp_gain":5,"max_hp_loss":0,"event_name":"Big Fish","floor":5,"gold_loss":0}],"is_beta":false,"boss_relics":[],"items_purged_floors":[],"is_endless":false,"potions_floor_spawned":[1],"killed_by":"Lagavulin","ascension_level":2}}