{"host":"sz8c8ni79nvzjmmg","time":1613986067,"event":{"mods":["AchievementEnabler","BaseMod","DeckTracker","Keyboard Shortcuts","Minty Spire (QoL Compilation)","SuperFastMode"],"gold_per_floor":[118,138,165,184,184,184,217,238,286,286,317,317,317,341,341,432,432,451,451,451,465,479,515,515,551,551,585,168,168,193,193,193,193,193],"floor_reached":33,"language":"KOR","playtime":861,"items_purged":["Defend_B"],"score":676,"play_id":"078ea507-e9fe-49df-b06a-2f6a5bdf5c37","local_time":"20210222182747","is_ascension_mode":true,"campfire_choices":[{"data":"Sweeping Beam","floor":6.0,"key":"SMITH"},{"data":"Sunder","floor":10.0,"key":"SMITH"},{"data":"Coolheaded","floor":12.0,"key":"SMITH"},{"floor":15.0,"key":"REST"},{"floor":24.0,"key":"REST"},{"floor":29,"key":"REST"},{"data":"Defragment","floor":32,"key":"SMITH"}],"circlet_count":0,"master_deck":["AscendersBane","Strike_B","Defend_B+1","Defend_B+1","Defend_B","Zap","Dualcast","Sweeping Beam","Sweeping Beam+1","Coolheaded+1","Sunder+1","Skim","Electrodynamics","Ghostly+1","Ghostly","Ghostly","Defragment+1","BootSequence+1","Glacier","Capacitor"],"relics":["Cracked Core","StoneCalendar","Bag of Marbles","Golden Idol","Lantern","Orichalcum","Empty Cage","Smiling Mask","Shuriken","Vajra","Medical Kit","War Paint"],"acts_visited":["Exordium","TheCity"],"potions_floor_usage":[25,30],"damage_taken":[{"damage":2.0,"enemies":"Cultist","floor":1.0,"turns":4.0},{"damage":0.0,"enemies":"2 Louse","floor":2.0,"turns":1.0},{"damage":7.0,"enemies":"Jaw Worm","floor":4.0,"turns":2.0},{"damage":32.0,"enemies":"Gremlin Nob","floor":7.0,"turns":4.0},{"damage":0.0,"enemies":"2 Fungi Beasts","floor":8.0,"turns":2.0},{"damage":3.0,"enemies":"3 Sentries","floor":11.0,"turns":4.0},{"damage":0.0,"enemies":"Exordium Wildlife","floor":14.0,"turns":1.0},{"damage":17.0,"enemies":"Slime Boss","floor":16.0,"turns":7.0},{"damage":20.0,"enemies":"Shell Parasite","floor":18.0,"turns":7.0},{"damage":0.0,"enemies":"Spheric Guardian","floor":21.0,"turns":4.0},{"damage":15.0,"enemies":"Snake Plant","floor":22.0,"turns":6.0},{"damage":3.0,"enemies":"Slavers","floor":23.0,"turns":4.0},{"damage":0,"enemies":"Gremlin Leader","floor":25,"turns":6},{"damage":7,"enemies":"Slavers","floor":27,"turns":6},{"damage":14,"enemies":"Snecko","floor":30,"turns":7},{"damage":0,"enemies":"Automaton","floor":33,"turns":2}],"seed_played":"-1218201606532528791","potions_obtained":[{"floor":4.0,"key":"Swift Potion"},{"floor":7.0,"key":"SkillPotion"},{"floor":8.0,"key":"FearPotion"},{"floor":11.0,"key":"AttackPotion"},{"floor":18.0,"key":"GamblersBrew"},{"floor":23.0,"key":"Strength Potion"},{"floor":25,"key":"FocusPotion"}],"is_trial":false,"path_per_floor":["M","M","T","M","?","R","E","M","T","R","E","R","?","M","R","B",null,"M","?","?","M","M","E","R","E","T","E","$","R","M","?","R","B"],"character_chosen":"DEFECT","items_purchased":["Medical Kit","War Paint","Capacitor"],"campfire_rested":3,"item_purchase_floors":[28,28,28],"current_hp_per_floor":[62,62,62,55,55,55,23,23,23,23,20,20,3,3,20,3,44,24,24,24,24,9,6,14,14,14,7,7,15,1,1,1,1,1],"gold":193,"neow_bonus":"ONE_RARE_RELIC","is_daily":false,"chose_seed":false,"campfire_upgraded":4,"win_rate":0.0,"timestamp":1613986067,"path_taken":["M","M","?","M","?","R","E","M","T","R","E","R","?","M","R","BOSS","M","?","?","?","M","E","R","E","T","E","?","R","M","?","R","BOSS"],"items_purchased_type":["Relic","Relic","Card"],"build_version":"2020-12-22","purchased_purges":1,"victory":false,"max_hp_per_floor":[64,64,64,64,58,58,58,58,58,58,58,58,58,58,58,58,58,58,29,29,29,29,29,29,29,29,29,29,29,29,29,29,29,29],"card_choices":[{"not_picked":["Force Field","Stack"],"picked":"Sweeping Beam","floor":1.0},{"not_picked":["Melter","Static Discharge","Reprogram"],"picked":"SKIP","floor":2.0},{"not_picked":["Turbo","Barrage"],"picked":"Sweeping Beam","floor":4.0},{"not_picked":["Double Energy","Fission"],"picked":"Coolheaded","floor":7.0},{"not_picked":["Steam","Beam Cell"],"picked":"Sunder","floor":8.0},{"not_picked":["Leap","Melter","Gash"],"picked":"SKIP","floor":11.0},{"not_picked":["Machine Learning","Cold Snap"],"picked":"Skim","floor":14.0},{"not_picked":["Amplify","Machine Learning"],"picked":"Electrodynamics","floor":16.0},{"not_picked":["Go for the Eyes+1","Double Energy","Cold Snap"],"picked":"SKIP","floor":18.0},{"not_picked":["Barrage","Capacitor"],"picked":"Defragment","floor":21.0},{"not_picked":["Barrage","Ball Lightning"],"picked":"BootSequence","floor":22.0},{"not_picked":["Fusion","Hologram","Barrage"],"picked":"SKIP","floor":23.0},{"not_picked":["Ball Lightning","Gash"],"picked":"Glacier","floor":25},{"not_picked":["Sweeping Beam","Force Field","Fusion"],"picked":"SKIP","floor":27},{"not_picked":["Redo","Tempest","Gash"],"picked":"SKIP","floor":30}],"player_experience":1253258,"relics_obtained":[{"floor":3.0,"key":"Bag of Marbles"},{"floor":7.0,"key":"Lantern"},{"floor":11.0,"key":"Orichalcum"},{"floor":23.0,"key":"Smiling Mask"},{"floor":26,"key":"Shuriken"},{"floor":27,"key":"Vajra"}],"event_choices":[{"damage_healed":0.0,"max_hp_gain":0.0,"max_hp_loss":6.0,"gold_gain":0.0,"event_name":"Golden Idol","player_choice":"Lose Max HP","floor":5.0,"gold_loss":0.0,"damage_taken":0.0,"relics_obtained":["Golden Idol"]},{"damage_healed":0.0,"max_hp_gain":0.0,"max_hp_loss":0.0,"gold_gain":0.0,"event_name":"Shining Light","player_choice":"Entered Light","floor":13.0,"gold_loss":0.0,"damage_taken":17.0,"cards_upgraded":["Defend_B","Defend_B"]},{"damage_healed":0.0,"max_hp_gain":0.0,"max_hp_loss":29.0,"gold_gain":0.0,"event_name":"Ghosts","player_choice":"Became a Ghost","floor":19.0,"gold_loss":0.0,"damage_taken":0.0,"cards_obtained":["Ghostly","Ghostly","Ghostly"]},{"cards_removed":["Strike_B"],"damage_healed":0.0,"max_hp_gain":0.0,"max_hp_loss":0.0,"gold_gain":0.0,"event_name":"Back to Basics","player_choice":"Elegance","floor":20.0,"gold_loss":0.0,"damage_taken":0.0},{"damage_healed":0,"gold_gain":0,"player_choice":"Ignored","damage_taken":0,"max_hp_gain":0,"max_hp_loss":0,"event_name":"The Mausoleum","floor":31,"gold_loss":0}],"is_beta":false,"boss_relics":[{"not_picked":["Runic Pyramid","SacredBark"],"picked":"Empty Cage"}],"items_purged_floors":[28],"is_endless":false,"potions_floor_spawned":[4,7,8,11,18,23,25],"killed_by":"Automaton","ascension_level":20}}