{"host":"hpn0uxah5qjr7pa6","time":1613975257,"event":{"mods":["2.2 Compatiblity","Act Like it!","Aspiration","BaseMod","Better Third Choice","BetterRewards","Challenge The Spire","Colored Powertips","Conspire","DeckTracker","Downfall","Energized Spire","Hallownest","Hermit","Highlight Path","Hubris","Infinite Spire","Minty Spire (QoL Compilation)","Permanent Neow","Quick Restart","Rare Cards Sparkle","Replay The Spire","Spicy Shops","StSLib"],"gold_per_floor":[113,131,144,154,171,171,171,188,127,127,146,131,149,161,161,263,263,274,290,525,542,542,542,542,542,542,572,582,582,582,611,611,710,710,722,735,745,200,200,200,200,200,210,210,225,225,252,265,265,265],"floor_reached":51,"language":"ENG","playtime":1352,"items_purged":[],"score":1140,"play_id":"73873ffc-dedb-48ed-b8b1-974fe03d22ed","local_time":"20210221222737","is_ascension_mode":true,"campfire_choices":[{"floor":10,"key":"REST"},{"floor":15,"key":"REST"},{"floor":23,"key":"REST"},{"data":"bronze:OilSpill","floor":26,"key":"SMITH"},{"floor":29,"key":"REST"},{"data":"bronze:OilSpill","floor":32,"key":"SMITH"},{"floor":42,"key":"REST"},{"data":"bronze:OilSpill","floor":44,"key":"SMITH"},{"data":"bronze:Branch","floor":49,"key":"SMITH"}],"circlet_count":0,"master_deck":["bronze:ChosenStrike+1","bronze:Strike","bronze:Strike","bronze:Strike","bronze:Strike","bronze:Defend","bronze:Defend+1","bronze:Defend","bronze:Defend","bronze:Replicate","bronze:WhirlingStrike","bronze:FollowUp","bronze:OilSpill+1","bronze:Repair+1","bronze:OilSpill+1","bronze:OilSpill+1","bronze:Branch+1","bronze:OilSpill+1","bronze:ChosenStrike+1","bronze:DigitalCarnage+1","bronze:Branch+1","bronze:Branch+1"],"relics":["bronze:BronzeCore","Shuriken","aspiration:PoetsPen_weak","bronze:Timepiece","Omamori","Molten Egg 2","conspire:Dentures","Philosopher\u0027s Stone","War Paint","aspiration:HummingbirdHeart","Bag of Marbles","hubris:BottledRain","conspire:DecoderRing"],"acts_visited":["Exordium","TheCity","TheBeyond"],"potions_floor_usage":[16,16,16,31,33,33,50,50,50],"damage_taken":[{"damage":0,"enemies":"Cultist","floor":1,"turns":2},{"damage":5,"enemies":"Small Slimes","floor":2,"turns":2},{"damage":1,"enemies":"2 Louse","floor":3,"turns":2},{"damage":7,"enemies":"Exordium Wildlife","floor":4,"turns":3},{"damage":0,"enemies":"2 Fungi Beasts","floor":5,"turns":2},{"damage":3,"enemies":"Blue Slaver","floor":8,"turns":2},{"damage":5,"enemies":"downfall:FleeingMerchant","floor":9,"turns":4},{"damage":0,"enemies":"downfall:LooterAlt","floor":11,"turns":2},{"damage":10,"enemies":"downfall:FleeingMerchant","floor":12,"turns":4},{"damage":0,"enemies":"Large Slime","floor":13,"turns":2},{"damage":2,"enemies":"2 Fungi Beasts","floor":14,"turns":2},{"damage":2,"enemies":"WA_ARCHETYPE_RETAIN","floor":16,"turns":4},{"damage":11,"enemies":"Shell Parasite","floor":18,"turns":3},{"damage":0,"enemies":"3 Byrds","floor":19,"turns":2},{"damage":0,"enemies":"downfall:FleeingMerchant","floor":20,"turns":1},{"damage":14,"enemies":"Centurion and Healer","floor":21,"turns":2},{"damage":0,"enemies":"Gremlin Leader","floor":27,"turns":2},{"damage":8,"enemies":"Chosen and Byrds","floor":28,"turns":2},{"damage":0,"enemies":"conspire:Head Lice","floor":31,"turns":2},{"damage":30,"enemies":"SI_MIRROR_ARCHETYPE","floor":33,"turns":7},{"damage":0,"enemies":"3 Darklings","floor":35,"turns":2},{"damage":11,"enemies":"3 Shapes","floor":36,"turns":1},{"damage":0,"enemies":"Sphere and 2 Shapes","floor":37,"turns":2},{"damage":0,"enemies":"Jaw Worm Horde","floor":43,"turns":1},{"damage":0,"enemies":"Spire Growth","floor":45,"turns":2},{"damage":0,"enemies":"conspire:MimicChest","floor":47,"turns":1},{"damage":0,"enemies":"Transient","floor":48,"turns":5},{"damage":19,"enemies":"IC_BLOCK_ARCHETYPE","floor":50,"turns":5}],"seed_played":"-1154859490504741919","potions_obtained":[{"floor":1,"key":"Energy Potion"},{"floor":4,"key":"SteroidPotion"},{"floor":13,"key":"SpeedPotion"},{"floor":16,"key":"BlessingOfTheForge"},{"floor":18,"key":"BlessingOfTheForge"},{"floor":21,"key":"Elixir"},{"floor":27,"key":"SpeedPotion"},{"floor":28,"key":"SkillPotion"},{"floor":33,"key":"PowerPotion"},{"floor":35,"key":"LiquidBronze"},{"floor":45,"key":"AttackPotion"}],"is_trial":false,"path_per_floor":["M","M","M","M","M","?","T","M","$","R","M","$","M","M","R","B",null,"M","M","$","M","AVR","R","T","?","R","E","M","R","?","E","R","B",null,"M","M","M","$","?","?","T","R","M","R","M","AVR","?","M","R","B",null],"character_chosen":"THE_AUTOMATON","items_purchased":["bronze:OilSpill","bronze:OilSpill","bronze:Branch","War Paint","aspiration:HummingbirdHeart","Bag of Marbles"],"campfire_rested":5,"item_purchase_floors":[9,20,20,38,38,38],"current_hp_per_floor":[70,65,64,57,57,57,57,54,49,72,72,62,62,60,77,75,77,66,66,66,52,52,75,75,75,75,75,67,77,87,87,87,64,81,87,76,76,76,76,76,76,87,87,87,87,87,87,87,87,68],"gold":265,"neow_bonus":"TEN_PERCENT_HP_BONUS","is_daily":false,"chose_seed":false,"campfire_upgraded":4,"win_rate":0.0,"timestamp":1613975257,"path_taken":["M","M","M","?","M","?","T","M","?","R","?","$","M","M","R","BOSS","M","M","$","M","AVR","R","T","?","R","E","M","R","?","E","R","BOSS","M","M","M","$","?","?","T","R","M","R","M","AVR","?","M","R","BOSS"],"items_purchased_type":["Card","Card","Card","Relic","Relic","Relic"],"build_version":"2020-12-22","purchased_purges":0,"victory":true,"max_hp_per_floor":[77,77,77,77,77,77,77,77,77,77,77,77,77,77,77,77,77,77,77,77,77,77,77,77,77,77,77,77,77,87,87,87,87,87,87,87,87,87,87,87,87,87,87,87,87,87,87,87,87,87],"card_choices":[{"not_picked":["bronze:Fortify","bronze:Constructor"],"picked":"bronze:WhirlingStrike","floor":1},{"not_picked":["bronze:Shell","bronze:Iterate","bronze:Deprecate"],"picked":"SKIP","floor":2},{"not_picked":["bronze:Frontload","bronze:GetLatest","bronze:Turbo"],"picked":"SKIP","floor":3},{"not_picked":["bronze:Constructor","bronze:FindAndReplace","bronze:BitShift"],"picked":"SKIP","floor":4},{"not_picked":["bronze:WildBeam","bronze:Iterate","bronze:NullPointer"],"picked":"SKIP","floor":5},{"not_picked":["bronze:WildBeam","bronze:FineTuning","bronze:Separator"],"picked":"SKIP","floor":8},{"not_picked":["bronze:DelayedSlice","bronze:Safeguard","bronze:Refactor"],"picked":"SKIP","floor":9},{"not_picked":["bronze:WildBeam","bronze:SpaghettiCode","bronze:DelayedGuard"],"picked":"SKIP","floor":11},{"not_picked":["bronze:Shield","bronze:Turbo","bronze:DelayedSlice"],"picked":"SKIP","floor":12},{"not_picked":["bronze:ChildClass","bronze:BugBarrage","bronze:Shield"],"picked":"SKIP","floor":13},{"not_picked":["bronze:FineTuning","bronze:Turbo"],"picked":"bronze:Repair","floor":14},{"not_picked":["bronze:ShipIt","bronze:TinkerersToolbox"],"picked":"bronze:InfiniteLoop","floor":16},{"not_picked":["bronze:WildBeam","bronze:Refactor"],"picked":"bronze:OilSpill+1","floor":18},{"not_picked":["bronze:BugBarrage","bronze:WhirlingStrike","bronze:Invalidate"],"picked":"SKIP","floor":19},{"not_picked":["bronze:BuggyMess","bronze:WildBeam+1","bronze:ClassDefault"],"picked":"SKIP","floor":20},{"not_picked":["bronze:Turbo+1","bronze:InfiniteBeams"],"picked":"bronze:OilSpill","floor":21},{"not_picked":["bronze:FineTuning+1","bronze:FollowUp+1","bronze:Virus+1"],"picked":"SKIP","floor":27},{"not_picked":["bronze:Repulsor","bronze:Shield","bronze:WhirlingStrike+1"],"picked":"SKIP","floor":28},{"not_picked":["bronze:Frontload","bronze:BitShift+1"],"picked":"bronze:ChosenStrike+1","floor":31},{"not_picked":["bronze:BuggyMess+1","bronze:Branch+1"],"picked":"bronze:DigitalCarnage+1","floor":35},{"not_picked":["bronze:DelayedGuard","bronze:ForceShield+1","bronze:Overheat+1"],"picked":"SKIP","floor":36},{"not_picked":["bronze:DelayedSlice+1","bronze:FineTuning+1","bronze:Flail+1"],"picked":"SKIP","floor":37},{"not_picked":["bronze:BuggyMess+1","bronze:InfiniteBeams+1","bronze:Shield+1"],"picked":"SKIP","floor":43},{"not_picked":["bronze:Safeguard","bronze:InfiniteBeams"],"picked":"bronze:Branch+1","floor":45},{"not_picked":["bronze:Terminator","bronze:CutThrough+1"],"picked":"bronze:Branch+1","floor":47},{"not_picked":["bronze:Boost","bronze:ForLoop","bronze:Frontload+1"],"picked":"SKIP","floor":48}],"player_experience":255759,"relics_obtained":[{"floor":7,"key":"Shuriken"},{"floor":24,"key":"Omamori"},{"floor":27,"key":"Molten Egg 2"},{"floor":31,"key":"conspire:Dentures"},{"floor":41,"key":"hubris:BottledRain"}],"event_choices":[{"damage_healed":0,"gold_gain":0,"player_choice":"Leave","damage_taken":0,"max_hp_gain":0,"max_hp_loss":0,"event_name":"conspire:Investor","floor":40,"gold_loss":0}],"is_beta":false,"boss_relics":[{"not_picked":["Replay:Drink Me","energizedSpire:HugeHouse"],"picked":"aspiration:PoetsPen_weak"},{"not_picked":["SlaversCollar","Pandora\u0027s Box"],"picked":"Philosopher\u0027s Stone"}],"items_purged_floors":[],"is_endless":false,"potions_floor_spawned":[1,4,13,16,18,21,27,28,33,35,45],"ascension_level":9}}