{"host":"117k4jqr844m944g","time":1613990995,"event":{"mods":["BaseMod","Downfall","Minty Spire (QoL Compilation)","StSLib","UnlockEverythingMod"],"gold_per_floor":[99,99,99,99,99,112,159,59,123,123,135,145,145,174,185,290,290,290,290],"floor_reached":17,"language":"ZHS","playtime":787,"items_purged":[],"score":176,"play_id":"ed3c43f3-6b2c-4bd1-9776-16fbe90a02c6","local_time":"20210222184955","is_ascension_mode":true,"campfire_choices":[{"data":"bronze:Goto","floor":1.0,"key":"SMITH"},{"data":"bronze:Deprecate","floor":8.0,"key":"SMITH"},{"data":"bronze:Branch","floor":10,"key":"SMITH"},{"floor":13,"key":"RECALL"}],"circlet_count":0,"master_deck":["bronze:Replicate","bronze:Goto+1","bronze:ForLoop","bronze:Deprecate+1","bronze:Branch+1","bronze:Turbo","bronze:FineTuning","bronze:FindAndReplace","bronze:CleanCode","bronze:BuggyMess","bronze:Separator","bronze:Shield","bronze:ThunderWave","bronze:Hardcode","bronze:GetLatest"],"relics":["bronze:BronzeCore","downfall:HeartsMalice","downfall:HeartBlessingBlue","Lantern","Guardian:PocketSentry","Pandora\u0027s Box"],"acts_visited":["Exordium","TheCity"],"potions_floor_usage":[14],"damage_taken":[{"damage":0.0,"enemies":"Jaw Worm","floor":2.0,"turns":1.0},{"damage":0.0,"enemies":"Small Slimes","floor":4.0,"turns":1.0},{"damage":0.0,"enemies":"2 Louse","floor":5.0,"turns":1.0},{"damage":13.0,"enemies":"Exordium Thugs","floor":6.0,"turns":6.0},{"damage":11.0,"enemies":"Lagavulin Event","floor":9.0,"turns":5.0},{"damage":5,"enemies":"Lots of Slimes","floor":11,"turns":6},{"damage":0,"enemies":"Exordium Wildlife","floor":12,"turns":3},{"damage":2,"enemies":"3 Sentries","floor":14,"turns":9},{"damage":0,"enemies":"Red Slaver","floor":15,"turns":3},{"damage":25,"enemies":"DF_ARCHETYPE_STREAMLINE","floor":16,"turns":14}],"seed_played":"611711128239979376","potions_obtained":[{"floor":6.0,"key":"ColorlessPotion"},{"floor":9.0,"key":"Block Potion"},{"floor":11,"key":"SkillPotion"},{"floor":15,"key":"FearPotion"}],"is_trial":false,"path_per_floor":["R","M","?","M","M","M","T","R","?","R","M","M","R","E","M","B",null],"character_chosen":"THE_AUTOMATON","items_purchased":[],"campfire_rested":0,"item_purchase_floors":[],"current_hp_per_floor":[70,70,70,70,70,57,57,67,56,56,51,51,51,49,49,24,80,80,80],"gold":290,"neow_bonus":"THREE_ENEMY_KILL","is_daily":false,"chose_seed":false,"campfire_upgraded":3,"win_rate":0.0,"timestamp":1613990995,"path_taken":["R","M","?","M","M","M","T","R","?","R","M","M","R","E","M","BOSS"],"items_purchased_type":[],"build_version":"2020-12-22","purchased_purges":0,"victory":false,"max_hp_per_floor":[70,70,70,70,70,70,70,80,80,80,80,80,80,80,80,80,80,80,80],"card_choices":[{"not_picked":["bronze:Repair","bronze:BronzeArmor"],"picked":"bronze:ForLoop","floor":2.0},{"not_picked":["bronze:ChosenStrike","bronze:CutThrough"],"picked":"bronze:Branch","floor":4.0},{"not_picked":["bronze:Boost","bronze:Overload","bronze:BugBarrage"],"picked":"SKIP","floor":5.0},{"not_picked":["bronze:Repulsor","bronze:Return","bronze:ForLoop"],"picked":"SKIP","floor":6.0},{"not_picked":["bronze:ThunderWave","bronze:CloningBeam","bronze:Iterate"],"picked":"SKIP","floor":11},{"not_picked":["bronze:ChosenStrike","bronze:WhirlingStrike","bronze:Refactor"],"picked":"SKIP","floor":12},{"not_picked":["bronze:FineTuning","bronze:Constructor"],"picked":"bronze:Turbo","floor":14},{"not_picked":["bronze:Overload","bronze:Shield"],"picked":"bronze:FineTuning","floor":15},{"not_picked":["bronze:BurnOut","bronze:CleanCode"],"picked":"bronze:FindAndReplace","floor":16}],"player_experience":115850,"relics_obtained":[{"floor":14,"key":"Guardian:PocketSentry"}],"event_choices":[],"is_beta":false,"boss_relics":[{"not_picked":["expansioncontent:StudyCardRelic","Black Star"],"picked":"Pandora\u0027s Box"}],"items_purged_floors":[],"is_endless":false,"potions_floor_spawned":[6,9,11,15,16],"ascension_level":3}}