{"host":"i9wanet4r0ff4t9y","time":1613994503,"event":{"mods":["2.2 Compatiblity","Act Like it!","BaseMod","Bestiary","Better Altar","Better Match","Better Note","Better Sensory Stone","Better Skull","Better Third Choice","Better Vampires","BetterRewards","CapriCore","Colored Map","Curses Come First","Downfall","Hubris","Minty Spire (QoL Compilation)","Quick Restart","READ ME - Guardian Mod","READ ME - Snecko Mod","Relic Stats","Reliquary","Ruina","Say the Spire","Spicy Shops","StSLib","The Gatherer","Waifu the Spire"],"gold_per_floor":[116,116,116,116,131,131,145,145,198,198,198,163,189,200,200,297,297,312,312,331,0,0,0,25,25,25,44,64,74,74,105,105,105,105],"floor_reached":33,"language":"POL","playtime":836,"items_purged":[],"score":418,"play_id":"fcdb79ea-e6d7-4a1c-8d3e-e23e48aa65da","local_time":"20210222124823","is_ascension_mode":true,"campfire_choices":[{"floor":6.0,"key":"REST"},{"floor":8.0,"key":"REST"},{"data":"hubris:EnhanceAbility","floor":10.0,"key":"SMITH"},{"data":"Defragment","floor":15.0,"key":"SMITH"},{"floor":23.0,"key":"REST"},{"floor":32,"key":"REST"}],"circlet_count":0,"master_deck":["Strike_B+1","Strike_B+1","Strike_B+1","Strike_B+1","Defend_B+1","Defend_B+1","Defend_B+1","Defend_B+1","Zap","Dualcast","Melter+1","Ball Lightning","Static Discharge","Discovery+1","Streamline","hubris:EnhanceAbility+1","Cold Snap","Ball Lightning","Conserve Battery","Defragment+1","Hyperbeam","Barrage+1","Steam+1","hubris:EnhanceAbility","Dramatic Entrance","Doubt","Gash+1","Buffer","Go for the Eyes","Stack+1","Sweeping Beam"],"relics":["Cracked Core","StoneCalendar","Potion Belt","Chemical X","Smiling Mask","Bag of Preparation","reliquary:Aerogel","hubris:HollowSoul","reliquary:PartyBalloon","Orichalcum","reliquary:Stiletto","Dead Branch","Unceasing Top","Red Mask"],"acts_visited":["Exordium","TheCity"],"potions_floor_usage":[24,24,31],"damage_taken":[{"damage":2.0,"enemies":"2 Louse","floor":1.0,"turns":2.0},{"damage":0.0,"enemies":"Jaw Worm","floor":5.0,"turns":3.0},{"damage":0.0,"enemies":"Small Slimes","floor":7.0,"turns":2.0},{"damage":0.0,"enemies":"Gremlin Nob","floor":13.0,"turns":3.0},{"damage":0.0,"enemies":"2 Fungi Beasts","floor":14.0,"turns":3.0},{"damage":6.0,"enemies":"Slime Boss","floor":16.0,"turns":7.0},{"damage":18.0,"enemies":"Shell Parasite","floor":18.0,"turns":5.0},{"damage":17.0,"enemies":"3 Byrds","floor":20.0,"turns":4.0},{"damage":19,"enemies":"Gremlin Leader","floor":24,"turns":5},{"damage":0,"enemies":"Snecko","floor":27,"turns":5},{"damage":0,"enemies":"Centurion and Healer","floor":28,"turns":6},{"damage":0,"enemies":"3 Cultists","floor":29,"turns":4},{"damage":8,"enemies":"Masked Bandits","floor":31,"turns":4},{"damage":16,"enemies":"Automaton","floor":33,"turns":2}],"seed_played":"7968836509915948092","potions_obtained":[{"floor":7.0,"key":"GamblersBrew"},{"floor":13.0,"key":"DuplicationPotion"},{"floor":14.0,"key":"bronze:BurnAndBuffPotion"},{"floor":20.0,"key":"SpeedPotion"},{"floor":31,"key":"sneckomod:MuddlingPotion"}],"is_trial":false,"path_per_floor":["M","?","?","?","M","R","M","R","T","R","?","?","E","M","R","B",null,"M","?","M","$","T","R","E","?","T","M","M","M","$","?","R","B"],"character_chosen":"DEFECT","items_purchased":["StoneCalendar","Potion Belt","Chemical X","Melter","Ball Lightning","Static Discharge","Discovery","hubris:EnhanceAbility","Dramatic Entrance","reliquary:Stiletto"],"campfire_rested":4,"item_purchase_floors":[0,0,0,0,0,0,0,21,21,21],"current_hp_per_floor":[23,8,5,5,5,27,27,49,49,49,49,67,67,67,67,61,72,54,23,6,6,6,28,9,9,9,9,9,9,9,1,23,0,0],"gold":105,"neow_bonus":"","is_daily":false,"chose_seed":false,"campfire_upgraded":2,"win_rate":0.0,"timestamp":1613994503,"path_taken":["M","?","?","?","M","R","M","R","T","R","?","?","E","M","R","BOSS","M","?","M","$","?","R","E","?","T","M","M","M","?","?","R","BOSS"],"items_purchased_type":["Relic","Relic","Relic","Card","Card","Card","Card","Card","Card","Relic"],"build_version":"2020-12-22","purchased_purges":0,"victory":false,"max_hp_per_floor":[75,75,75,75,75,75,75,75,75,75,75,75,75,75,75,75,75,75,75,75,75,75,75,75,75,75,75,75,75,75,75,75,75,75],"relic_stats":{"counters":[51,188],"Dead Branch":[10],"StoneCalendar":[81],"Bag of Preparation":[24],"Chemical X":[1],"Orichalcum":[120],"Smiling Mask":0,"obtain_stats":[{"reliquary:Conveyor":2,"Calipers":0,"reliquary:PartyBalloon":7,"reliquary:Aerogel":13,"CeramicFish":2,"Vajra":40,"hubris:VirtuousBlindfold":17,"StoneCalendar":0,"hubris:SlimyHat":0,"Bag of Preparation":9,"Empty Cage":34,"Ancient Tea Set":43,"Smiling Mask":3,"ClockworkSouvenir":0,"reliquary:FerryPass":13,"reliquary:TridentHead":26,"Centennial Puzzle":46,"Dream Catcher":0,"hubris:Icosahedron":3,"Mummified Hand":9,"Prayer Wheel":0,"HandDrill":0,"Red Mask":31,"Chemical X":0,"Cracked Core":0,"Potion Belt":0,"Girya":11,"Golden Idol":3,"Dead Branch":22,"Oddly Smooth Stone":0,"hubris:SphereOfDissonance":0,"hubris:HollowSoul":17,"Orichalcum":39,"hubris:Towel":12,"reliquary:RosewoodLute":13,"MawBank":48,"reliquary:ExpiredCoupon":9,"reliquary:RustamsPendant":17,"reliquary:PorcupineQuills":0,"reliquary:Stiletto":0,"Bag of Marbles":31,"reliquary:TuningFork":0,"hubris:OldNail":14,"hubris:Potato":16,"Unceasing Top":24},{"reliquary:Conveyor":1,"Calipers":29,"reliquary:PartyBalloon":33,"reliquary:Aerogel":41,"CeramicFish":9,"Vajra":25,"hubris:VirtuousBlindfold":37,"StoneCalendar":37,"hubris:SlimyHat":8,"Bag of Preparation":40,"Empty Cage":22,"Ancient Tea Set":25,"Smiling Mask":38,"ClockworkSouvenir":0,"reliquary:FerryPass":14,"reliquary:TridentHead":19,"Centennial Puzzle":27,"Dream Catcher":29,"hubris:Icosahedron":9,"Mummified Hand":11,"Prayer Wheel":8,"HandDrill":8,"Red Mask":50,"Chemical X":37,"Cracked Core":0,"Potion Belt":0,"Girya":13,"Golden Idol":1,"Dead Branch":45,"Oddly Smooth Stone":0,"hubris:SphereOfDissonance":29,"hubris:HollowSoul":43,"Orichalcum":24,"hubris:Towel":34,"reliquary:RosewoodLute":35,"MawBank":28,"reliquary:ExpiredCoupon":4,"reliquary:RustamsPendant":15,"reliquary:PorcupineQuills":8,"reliquary:Stiletto":0,"Bag of Marbles":21,"reliquary:TuningFork":29,"hubris:OldNail":14,"hubris:Potato":15,"Unceasing Top":46},{"reliquary:Conveyor":4,"Calipers":95,"reliquary:PartyBalloon":106,"reliquary:Aerogel":135,"CeramicFish":31,"Vajra":88,"hubris:VirtuousBlindfold":125,"StoneCalendar":125,"hubris:SlimyHat":29,"Bag of Preparation":132,"Empty Cage":83,"Ancient Tea Set":88,"Smiling Mask":127,"ClockworkSouvenir":0,"reliquary:FerryPass":46,"reliquary:TridentHead":71,"Centennial Puzzle":90,"Dream Catcher":95,"hubris:Icosahedron":31,"Mummified Hand":36,"Prayer Wheel":29,"HandDrill":29,"Red Mask":178,"Chemical X":125,"Cracked Core":0,"Potion Belt":0,"Girya":42,"Golden Idol":4,"Dead Branch":154,"Oddly Smooth Stone":0,"hubris:SphereOfDissonance":95,"hubris:HollowSoul":145,"Orichalcum":86,"hubris:Towel":109,"reliquary:RosewoodLute":113,"MawBank":91,"reliquary:ExpiredCoupon":12,"reliquary:RustamsPendant":54,"reliquary:PorcupineQuills":29,"reliquary:Stiletto":0,"Bag of Marbles":76,"reliquary:TuningFork":95,"hubris:OldNail":46,"hubris:Potato":54,"Unceasing Top":159}],"Unceasing Top":[1]},"card_choices":[{"not_picked":["Auto Shields","Conserve Battery"],"picked":"Streamline","floor":1.0},{"not_picked":["hubris:Insight","hubris:Ssssneak"],"picked":"hubris:EnhanceAbility","floor":4.0},{"not_picked":["Stack","Auto Shields"],"picked":"Cold Snap","floor":5.0},{"not_picked":["Conserve Battery","Stack"],"picked":"Ball Lightning","floor":7.0},{"not_picked":["Compile Driver","Beam Cell"],"picked":"Conserve Battery","floor":13.0},{"not_picked":["Gash","Steam Power"],"picked":"Defragment","floor":14.0},{"not_picked":["hubris:DoWhile","Multi-Cast"],"picked":"Hyperbeam","floor":16.0},{"not_picked":["Sweeping Beam","Chaos"],"picked":"Barrage+1","floor":18.0},{"not_picked":["Barrage","Turbo"],"picked":"Steam+1","floor":20.0},{"not_picked":["Sweeping Beam","Coolheaded+1"],"picked":"Gash+1","floor":24},{"not_picked":["Turbo","Melter"],"picked":"Buffer","floor":27},{"not_picked":["Coolheaded","Hologram"],"picked":"Go for the Eyes","floor":28},{"not_picked":["Heatsinks","Turbo"],"picked":"Stack+1","floor":29},{"not_picked":["Compile Driver","Coolheaded"],"picked":"Sweeping Beam","floor":31}],"player_experience":481765,"relics_obtained":[{"floor":9.0,"key":"Bag of Preparation"},{"floor":13.0,"key":"reliquary:Aerogel"},{"floor":22.0,"key":"Dead Branch"},{"floor":24,"key":"Unceasing Top"},{"floor":31,"key":"Red Mask"}],"event_choices":[{"damage_healed":23.0,"max_hp_gain":0.0,"max_hp_loss":75.0,"gold_gain":0.0,"event_name":"betterThird:BetterShining","player_choice":"Upgrade","floor":2.0,"gold_loss":0.0,"damage_taken":15.0,"cards_upgraded":["Defend_B","Melter"]},{"damage_healed":0.0,"max_hp_gain":0.0,"max_hp_loss":0.0,"gold_gain":0.0,"event_name":"betterThird:BetterScrap","player_choice":"Relic ","floor":3.0,"gold_loss":0.0,"damage_taken":3.0,"cards_obtained":["Finisher"]},{"damage_healed":0.0,"max_hp_gain":0.0,"max_hp_loss":0.0,"gold_gain":1.0,"event_name":"betterStone:BetterStone","player_choice":"1","floor":4.0,"gold_loss":0.0,"damage_taken":0.0},{"damage_healed":0.0,"max_hp_gain":0.0,"max_hp_loss":0.0,"gold_gain":0.0,"event_name":"Living Wall","player_choice":"Grow","floor":11.0,"gold_loss":0.0,"damage_taken":0.0,"cards_upgraded":["Discovery"]},{"damage_healed":18.0,"max_hp_gain":0.0,"max_hp_loss":0.0,"gold_gain":0.0,"event_name":"The Cleric","player_choice":"Healed","floor":12.0,"gold_loss":35.0,"damage_taken":0.0},{"damage_healed":0.0,"max_hp_gain":0.0,"max_hp_loss":0.0,"gold_gain":0.0,"event_name":"betterSkull:BetterSkull","player_choice":"RE RE ","floor":19.0,"gold_loss":0.0,"damage_taken":35.0,"cards_upgraded":[],"relics_obtained":["reliquary:PartyBalloon","Orichalcum"]},{"damage_healed":0,"gold_gain":0,"player_choice":"Simplicity","damage_taken":0,"max_hp_gain":0,"max_hp_loss":7,"event_name":"betterThird:BetterWriting","floor":25,"gold_loss":0},{"damage_healed":0,"gold_gain":0,"player_choice":"Fought Bandits","damage_taken":0,"max_hp_gain":0,"max_hp_loss":0,"event_name":"Masked Bandits","floor":31,"gold_loss":0}],"is_beta":false,"boss_relics":[{"not_picked":["reliquary:Ember","Runic Pyramid"],"picked":"hubris:HollowSoul"}],"items_purged_floors":[],"is_endless":false,"potions_floor_spawned":[7,13,14,20,31],"killed_by":"Automaton","ascension_level":9}}