{"host":"gbop6m4qugddaz18","time":1613960846,"event":{"mods":["2.2 Compatiblity","BaseMod","Better Third Choice","Block Reminder","Downfall","GifTheSpireLib","Highlight Path","Minty Spire (QoL Compilation)","Replay The Spire","StSLib"],"gold_per_floor":[109,123,123,137,137,137,164,164,164,196,210,230,230,240,240,345,345,255,255],"floor_reached":18,"language":"ENG","playtime":2606,"items_purged":[],"score":198,"play_id":"59928fa3-55b0-475a-a23d-430a4a44263d","local_time":"20210221212726","is_ascension_mode":true,"campfire_choices":[{"data":"Iron Wave","floor":6,"key":"SMITH"},{"data":"Entrench","floor":13,"key":"SMITH"},{"data":"ReplayReversal","floor":15,"key":"SMITH"}],"circlet_count":0,"master_deck":["Strike_R","Strike_R","Strike_R","Strike_R","Strike_R","Defend_R","Defend_R","Defend_R","Defend_R","Bash","Clothesline","Dropkick","ReplayTheSpireMod:Stacked","Iron Wave+1","Pain","ReplayReversal+1","Entrench+1","Cleave","Thunderclap"],"relics":["Burning Blood","Ring of Misfortune","Ring of Peace","Guardian:GemstoneGun","WarpedTongs","Paper Frog","Darkstone Periapt","Runic Pyramid"],"acts_visited":["Exordium","TheCity"],"potions_floor_usage":[],"damage_taken":[{"damage":4,"enemies":"Small Slimes","floor":1,"turns":4},{"damage":9,"enemies":"2 Louse","floor":2,"turns":4},{"damage":0,"enemies":"Cultist","floor":4,"turns":5},{"damage":23,"enemies":"Replay:BlueRogue","floor":7,"turns":9},{"damage":4,"enemies":"Gremlin Nob","floor":10,"turns":5},{"damage":0,"enemies":"Exordium Thugs","floor":11,"turns":6},{"damage":0,"enemies":"2 Fungi Beasts","floor":12,"turns":4},{"damage":1,"enemies":"Looter","floor":14,"turns":5},{"damage":35,"enemies":"Hexaghost","floor":16,"turns":11},{"damage":17,"enemies":"2 Thieves","floor":18,"turns":5}],"seed_played":"-5856710694997480708","potions_obtained":[{"floor":4,"key":"GamblersBrew"},{"floor":12,"key":"Swift Potion"},{"floor":14,"key":"Regen Potion"},{"floor":16,"key":"Dexterity Potion"}],"is_trial":false,"path_per_floor":["M","M","?","M","?","R","E","?","T","E","M","M","R","M","R","B",null,"M"],"character_chosen":"IRONCLAD","items_purchased":[],"campfire_rested":0,"item_purchase_floors":[],"current_hp_per_floor":[80,77,77,80,73,73,56,56,56,58,64,70,70,75,75,46,80,63,63],"gold":255,"neow_bonus":"THREE_CARDS","is_daily":false,"chose_seed":false,"campfire_upgraded":3,"win_rate":0.0,"timestamp":1613960846,"path_taken":["M","M","?","M","?","R","E","?","T","E","M","?","R","M","R","BOSS","M"],"items_purchased_type":[],"build_version":"2020-12-22","purchased_purges":0,"victory":false,"max_hp_per_floor":[80,80,80,80,80,80,80,80,80,80,80,80,80,80,80,80,80,80,80],"card_choices":[{"not_picked":["Armaments","True Grit"],"picked":"Clothesline","floor":0},{"not_picked":["Clash","Infernal Blade"],"picked":"Dropkick","floor":1},{"not_picked":["Armaments","Wild Strike"],"picked":"ReplayTheSpireMod:Stacked","floor":2},{"not_picked":["Flex","ReplayTheSpireMod:Stacked"],"picked":"Iron Wave","floor":4},{"not_picked":["True Grit","Brutality","Combust"],"picked":"SKIP","floor":7},{"not_picked":["Armaments","Headbutt"],"picked":"ReplayReversal","floor":10},{"not_picked":["Thunderclap","Clash"],"picked":"Entrench","floor":11},{"not_picked":["Perfected Strike","Berserk"],"picked":"Cleave","floor":12},{"not_picked":["Whirlwind","Sentinel"],"picked":"Thunderclap","floor":14}],"player_experience":608095,"relics_obtained":[{"floor":3,"key":"Ring of Misfortune"},{"floor":3,"key":"Ring of Peace"},{"floor":7,"key":"Guardian:GemstoneGun"},{"floor":9,"key":"Paper Frog"},{"floor":10,"key":"Darkstone Periapt"}],"event_choices":[{"cards_removed":["Hallucinations"],"damage_healed":0,"gold_gain":0,"player_choice":"Card Removal","damage_taken":7,"max_hp_gain":0,"max_hp_loss":0,"event_name":"Golden Wing","floor":5,"gold_loss":0},{"damage_healed":0,"gold_gain":0,"player_choice":"Rummage","damage_taken":0,"relics_obtained":["WarpedTongs"],"max_hp_gain":0,"max_hp_loss":0,"event_name":"Accursed Blacksmith","floor":8,"gold_loss":0,"cards_obtained":["Pain"]}],"is_beta":false,"boss_relics":[{"not_picked":["Velvet Choker","Kintsugi"],"picked":"Runic Pyramid"}],"items_purged_floors":[],"is_endless":false,"potions_floor_spawned":[4,12,14,16],"killed_by":"2 Thieves","ascension_level":3}}