{"host":"g8a0qo0vjtg6u5wv","time":1613996324,"event":{"mods":["BaseMod","Colored Map","Custom Start","KOR Keyword Fix","Minty Spire (QoL Compilation)","StSLib","SuperFastMode"],"gold_per_floor":[119,119,69,81,107,107,133,157,157,197,197,197,240,20,20,20,20],"floor_reached":16,"language":"KOR","playtime":231,"items_purged":["Strike_R"],"score":180,"play_id":"d24a9a0a-2078-4479-9c4a-29a265341b24","local_time":"20210222211844","is_ascension_mode":true,"campfire_choices":[{"data":"Bash","floor":6.0,"key":"SMITH"},{"data":"Sword Boomerang","floor":12.0,"key":"SMITH"},{"data":"Shockwave","floor":15.0,"key":"SMITH"}],"circlet_count":0,"master_deck":["AscendersBane","Strike_R","Strike_R","Defend_R","Defend_R","Defend_R","Defend_R","Bash+1","True Grit","Anger","Sword Boomerang+1","Wild Strike","Carnage","Shockwave+1"],"relics":["Burning Blood","Tiny Chest","CeramicFish","PreservedInsect","The Courier","Juzu Bracelet","Golden Idol","Smiling Mask","Chemical X"],"acts_visited":["Exordium"],"potions_floor_usage":[],"damage_taken":[{"damage":20.0,"enemies":"Cultist","floor":1.0,"turns":5.0},{"damage":1.0,"enemies":"Small Slimes","floor":4.0,"turns":4.0},{"damage":5.0,"enemies":"Jaw Worm","floor":8.0,"turns":4.0},{"damage":8.0,"enemies":"Lagavulin","floor":10.0,"turns":5.0},{"damage":21.0,"enemies":"Gremlin Nob","floor":13.0,"turns":4.0},{"damage":40,"enemies":"Slime Boss","floor":16,"turns":6}],"seed_played":"-5361742013035927722","potions_obtained":[{"floor":8.0,"key":"ColorlessPotion"},{"floor":10.0,"key":"LiquidBronze"}],"is_trial":false,"path_per_floor":["M","?","?","M","T","R","T","M","T","E","?","R","E","$","R","B"],"character_chosen":"IRONCLAD","items_purchased":["Shockwave","Chemical X"],"campfire_rested":0,"item_purchase_floors":[14,14],"current_hp_per_floor":[54,47,47,52,52,52,52,53,53,51,51,51,36,36,36,0,0],"gold":20,"neow_bonus":"RANDOM_COMMON_RELIC","is_daily":false,"chose_seed":false,"campfire_upgraded":3,"win_rate":0.0,"timestamp":1613996324,"path_taken":["M","?","?","M","?","R","?","M","T","E","?","R","E","?","R","BOSS"],"items_purchased_type":["Card","Relic"],"build_version":"2020-12-22","purchased_purges":1,"victory":false,"max_hp_per_floor":[75,75,75,75,75,75,75,75,75,75,69,69,69,69,69,69,69],"card_choices":[{"not_picked":["Heavy Blade","Dual Wield"],"picked":"True Grit","floor":1.0},{"not_picked":["Clash","Corruption"],"picked":"Anger","floor":4.0},{"not_picked":["Combust","Intimidate"],"picked":"Sword Boomerang","floor":8.0},{"not_picked":["Berserk","Seeing Red"],"picked":"Wild Strike","floor":10.0},{"not_picked":["Seeing Red","Blood for Blood"],"picked":"Carnage","floor":13.0}],"player_experience":585481,"relics_obtained":[{"floor":5.0,"key":"CeramicFish"},{"floor":7.0,"key":"PreservedInsect"},{"floor":9.0,"key":"The Courier"},{"floor":10.0,"key":"Juzu Bracelet"},{"floor":13.0,"key":"Smiling Mask"}],"event_choices":[{"cards_removed":["Strike_R"],"damage_healed":0.0,"max_hp_gain":0.0,"max_hp_loss":0.0,"gold_gain":0.0,"event_name":"Golden Wing","player_choice":"Card Removal","floor":2.0,"gold_loss":0.0,"damage_taken":7.0},{"cards_removed":["Strike_R"],"damage_healed":0.0,"max_hp_gain":0.0,"max_hp_loss":0.0,"gold_gain":0.0,"event_name":"The Cleric","player_choice":"Card Removal","floor":3.0,"gold_loss":50.0,"damage_taken":0.0},{"damage_healed":0.0,"max_hp_gain":0.0,"max_hp_loss":6.0,"gold_gain":0.0,"event_name":"Golden Idol","player_choice":"Lose Max HP","floor":11.0,"gold_loss":0.0,"damage_taken":0.0,"relics_obtained":["Golden Idol"]}],"is_beta":false,"boss_relics":[],"items_purged_floors":[14],"is_endless":false,"potions_floor_spawned":[8,10],"killed_by":"Slime Boss","ascension_level":14}}