{"host":"ia9e4s524g7bamk7","time":1613992561,"event":{"mods":["AchievementEnabler","BaseMod","Colored Map","Minty Spire (QoL Compilation)","Permanent Neow","Slay-I","slay the spire mod where everything is the same but ironclad has a cowboy hat"],"gold_per_floor":[115,131,144,163,177,177,203,203,203,216,245,245,245,29,29,132,132,146,165,176,176,176,176,207,71,121,155,155,155,9,43,43,145,145,162,162,0,50,70,70,103,103,103,132,187,516,528,44,44,44,44,44,20,55,55,55],"floor_reached":55,"language":"ENG","playtime":7234,"items_purged":["Strike_G","Strike_G+1"],"score":1237,"play_id":"10ad547b-062c-41c5-9f32-10963197c504","local_time":"20210222121601","is_ascension_mode":true,"campfire_choices":[{"data":"Die Die Die","floor":6.0,"key":"SMITH"},{"floor":8.0,"key":"REST"},{"data":"Terror","floor":12.0,"key":"SMITH"},{"floor":15.0,"key":"REST"},{"data":"Footwork","floor":23.0,"key":"SMITH"},{"floor":32.0,"key":"REST"},{"data":"Well Laid Plans","floor":40,"key":"SMITH"},{"data":"Bullet Time","floor":42,"key":"SMITH"},{"floor":49,"key":"RECALL"},{"data":"Flechettes","floor":52,"key":"SMITH"}],"circlet_count":0,"master_deck":["Strike_G+1","Strike_G+1","Strike_G+1","Defend_G+1","Defend_G+1","Defend_G+1","Defend_G+1","Survivor","Neutralize","Die Die Die+1","Cloak And Dagger","Cloak And Dagger+1","Footwork+1","Escape Plan","Well Laid Plans+1","Backflip+1","Backflip","Terror+1","Bandage Up","Bullet Time+1","Predator","Dagger Spray","Flying Knee+1","Escape Plan+1","Burst+1","Parasite","Calculated Gamble+1","Good Instincts+1","Slice+1","Adrenaline+1","Acrobatics+1","Doppelganger+1","Dash+1","Backflip+1","Flechettes+1","Leg Sweep+1","Parasite","Dodge and Roll+1","Outmaneuver+1","Skewer"],"relics":["Ring of the Serpent","Happy Flower","Darkstone Periapt","Cursed Key","Toxic Egg 2","Smiling Mask","Akabeko","Mummified Hand","The Specimen","Ancient Tea Set","War Paint","CaptainsWheel","Old Coin","Paper Crane","Shuriken","Oddly Smooth Stone"],"acts_visited":["Exordium","TheCity","TheBeyond","TheEnding"],"potions_floor_usage":[45,50],"damage_taken":[{"damage":0.0,"enemies":"Cultist","floor":1.0,"turns":5.0},{"damage":0.0,"enemies":"2 Louse","floor":2.0,"turns":1.0},{"damage":3.0,"enemies":"Small Slimes","floor":3.0,"turns":3.0},{"damage":8.0,"enemies":"Blue Slaver","floor":4.0,"turns":5.0},{"damage":9.0,"enemies":"Large Slime","floor":5.0,"turns":9.0},{"damage":35.0,"enemies":"Gremlin Nob","floor":7.0,"turns":6.0},{"damage":0.0,"enemies":"Looter","floor":10.0,"turns":3.0},{"damage":11.0,"enemies":"Lagavulin","floor":11.0,"turns":14.0},{"damage":20.0,"enemies":"Slime Boss","floor":16.0,"turns":13.0},{"damage":16.0,"enemies":"3 Byrds","floor":18.0,"turns":8.0},{"damage":4.0,"enemies":"Spheric Guardian","floor":19.0,"turns":6.0},{"damage":17.0,"enemies":"Centurion and Healer","floor":20.0,"turns":7.0},{"damage":6.0,"enemies":"Book of Stabbing","floor":24.0,"turns":6.0},{"damage":24.0,"enemies":"Slavers","floor":27.0,"turns":6.0},{"damage":18.0,"enemies":"Colosseum Slavers","floor":28.0,"turns":4.0},{"damage":0.0,"enemies":"Gremlin Leader","floor":31.0,"turns":6.0},{"damage":16,"enemies":"Collector","floor":33,"turns":12},{"damage":3,"enemies":"3 Darklings","floor":35,"turns":7},{"damage":0,"enemies":"Mind Bloom Boss Battle","floor":38,"turns":4},{"damage":21,"enemies":"3 Shapes","floor":39,"turns":3},{"damage":0,"enemies":"Reptomancer","floor":41,"turns":8},{"damage":0,"enemies":"Nemesis","floor":44,"turns":9},{"damage":0,"enemies":"2 Orb Walkers","floor":45,"turns":5},{"damage":0,"enemies":"Reptomancer","floor":46,"turns":4},{"damage":0,"enemies":"Writhing Mass","floor":47,"turns":5},{"damage":52,"enemies":"Time Eater","floor":50,"turns":17},{"damage":30,"enemies":"Shield and Spear","floor":54,"turns":8},{"damage":53,"enemies":"The Heart","floor":55,"turns":9}],"seed_played":"-995948717931932675","potions_obtained":[{"floor":2.0,"key":"Ancient Potion"},{"floor":3.0,"key":"Block Potion"},{"floor":5.0,"key":"Dexterity Potion"},{"floor":10.0,"key":"Weak Potion"},{"floor":11.0,"key":"Weak Potion"},{"floor":19.0,"key":"Regen Potion"},{"floor":27.0,"key":"GamblersBrew"},{"floor":31.0,"key":"SpeedPotion"},{"floor":33,"key":"SteroidPotion"},{"floor":41,"key":"GamblersBrew"},{"floor":46,"key":"SteroidPotion"},{"floor":47,"key":"Block Potion"}],"is_trial":false,"path_per_floor":["M","M","M","M","M","R","E","R","T","M","E","R","?","$","R","B",null,"M","M","M","?","?","R","E","$","T","E","?","T","$","E","R","B",null,"M","?","$","?","M","R","E","R","T","E","?","E","M","$","R","B",null,"R","$","E","B"],"character_chosen":"THE_SILENT","items_purchased":["Bandage Up","SkillPotion","Burst+1","Good Instincts+1","Doppelganger+1","Paper Crane","Shuriken","Outmaneuver+1"],"campfire_rested":3,"item_purchase_floors":[14,14,25,30,37,48,48,53],"current_hp_per_floor":[63,63,60,52,43,43,8,29,29,29,18,18,6,6,27,11,55,43,43,30,17,17,17,30,30,36,16,2,2,2,6,30,18,65,66,66,66,70,53,53,57,57,57,61,65,69,79,79,79,31,73,73,73,47,0,0],"gold":55,"neow_bonus":"ONE_RANDOM_RARE_CARD","is_daily":false,"chose_seed":false,"campfire_upgraded":6,"win_rate":0.0,"timestamp":1613992561,"path_taken":["M","M","M","M","?","R","E","R","T","M","E","R","?","$","R","BOSS","M","M","M","?","?","R","E","$","T","E","?","?","$","E","R","BOSS","M","?","?","?","M","R","E","R","T","E","?","E","?","?","R","BOSS","R","$","E","BOSS"],"items_purchased_type":["Card","Potion","Card","Card","Card","Relic","Relic","Card"],"build_version":"2020-12-22","purchased_purges":2,"victory":false,"max_hp_per_floor":[70,70,70,70,70,70,70,70,70,70,70,70,70,70,70,70,70,70,70,70,75,75,75,75,75,81,81,81,81,81,81,81,81,81,81,81,81,81,81,81,81,81,81,81,81,81,87,87,87,87,87,87,87,87,87,87],"card_choices":[{"not_picked":["Acrobatics","Prepared"],"picked":"Cloak And Dagger","floor":1.0},{"not_picked":["Quick Slash","Expertise"],"picked":"Cloak And Dagger","floor":2.0},{"not_picked":["Sucker Punch","Distraction"],"picked":"Footwork","floor":3.0},{"not_picked":["Underhanded Strike","Dagger Throw"],"picked":"Escape Plan","floor":4.0},{"not_picked":["Choke","Infinite Blades"],"picked":"Well Laid Plans","floor":5.0},{"not_picked":["Deadly Poison","Underhanded Strike"],"picked":"Backflip","floor":7.0},{"not_picked":["Bane","Sucker Punch"],"picked":"Backflip","floor":10.0},{"not_picked":["Dagger Spray","Bane"],"picked":"Terror","floor":11.0},{"not_picked":["Grand Finale","Envenom"],"picked":"Bullet Time","floor":16.0},{"not_picked":["Eviscerate","Sucker Punch+1"],"picked":"Predator","floor":18.0},{"not_picked":["Poisoned Stab","Bane"],"picked":"Dagger Spray","floor":19.0},{"not_picked":["Cloak And Dagger","Bane"],"picked":"Flying Knee+1","floor":20.0},{"not_picked":["Cloak And Dagger+1","Setup+1"],"picked":"Escape Plan+1","floor":24.0},{"not_picked":["Outmaneuver+1","Dagger Throw"],"picked":"Calculated Gamble+1","floor":27.0},{"not_picked":["Dagger Throw+1","Bullet Time+1"],"picked":"Slice+1","floor":31.0},{"not_picked":["Glass Knife","Unload"],"picked":"Adrenaline+1","floor":33},{"not_picked":["Slice","Poisoned Stab+1"],"picked":"Acrobatics+1","floor":35},{"not_picked":["Sucker Punch","Backflip+1"],"picked":"Dash+1","floor":38},{"not_picked":["Dagger Throw","Outmaneuver+1"],"picked":"Backflip+1","floor":39},{"not_picked":["Blade Dance+1","Reflex+1","Underhanded Strike"],"picked":"SKIP","floor":41},{"not_picked":["Accuracy","Quick Slash","Dagger Spray"],"picked":"SKIP","floor":44},{"not_picked":["Glass Knife","Bane+1"],"picked":"Flechettes","floor":45},{"not_picked":["Poisoned Stab","Setup+1"],"picked":"Leg Sweep+1","floor":46},{"not_picked":["Sucker Punch","Slice"],"picked":"Dodge and Roll+1","floor":47},{"not_picked":["Dodge and Roll+1","Slice"],"picked":"Skewer","floor":54}],"player_experience":404143,"relics_obtained":[{"floor":7.0,"key":"Happy Flower"},{"floor":11.0,"key":"Darkstone Periapt"},{"floor":24.0,"key":"Toxic Egg 2"},{"floor":26.0,"key":"Smiling Mask"},{"floor":27.0,"key":"Akabeko"},{"floor":31.0,"key":"Mummified Hand"},{"floor":38,"key":"The Specimen"},{"floor":41,"key":"Ancient Tea Set"},{"floor":44,"key":"War Paint"},{"floor":45,"key":"CaptainsWheel"},{"floor":46,"key":"Old Coin"},{"floor":54,"key":"Oddly Smooth Stone"}],"event_choices":[{"damage_healed":0.0,"max_hp_gain":0.0,"max_hp_loss":0.0,"gold_gain":0.0,"event_name":"Scrap Ooze","player_choice":"Fled","floor":13.0,"gold_loss":0.0,"damage_taken":12.0},{"damage_healed":0.0,"max_hp_gain":5.0,"max_hp_loss":0.0,"gold_gain":0.0,"event_name":"Forgotten Altar","player_choice":"Shed Blood","floor":21.0,"gold_loss":0.0,"damage_taken":18.0},{"damage_healed":0.0,"max_hp_gain":0.0,"max_hp_loss":0.0,"gold_gain":0.0,"event_name":"Back to Basics","player_choice":"Simplicity","floor":22.0,"gold_loss":0.0,"damage_taken":0.0,"cards_upgraded":["Strike_G","Strike_G","Strike_G","Strike_G","Defend_G","Defend_G","Defend_G","Defend_G","Defend_G"]},{"damage_healed":0.0,"max_hp_gain":0.0,"max_hp_loss":0.0,"gold_gain":0.0,"event_name":"Colosseum","player_choice":"Fight","floor":28.0,"gold_loss":0.0,"damage_taken":0.0},{"damage_healed":0.0,"max_hp_gain":0.0,"max_hp_loss":0.0,"gold_gain":0.0,"event_name":"Colosseum","player_choice":"Fled From Nobs","floor":28.0,"gold_loss":0.0,"damage_taken":0.0},{"cards_removed":["Defend_G"],"damage_healed":0,"gold_gain":0,"player_choice":"Removed Skill","damage_taken":0,"max_hp_gain":0,"max_hp_loss":0,"event_name":"Falling","floor":36,"gold_loss":0},{"damage_healed":0,"gold_gain":0,"player_choice":"Fight","damage_taken":0,"max_hp_gain":0,"max_hp_loss":0,"event_name":"MindBloom","floor":38,"gold_loss":0},{"damage_healed":0,"gold_gain":0,"player_choice":"Fight","damage_taken":0,"max_hp_gain":0,"max_hp_loss":0,"event_name":"Mysterious Sphere","floor":45,"gold_loss":0}],"is_beta":false,"boss_relics":[{"not_picked":["SlaversCollar","Busted Crown"],"picked":"Cursed Key"},{"not_picked":["Tiny House","Velvet Choker"],"picked":"Ring of the Serpent"}],"items_purged_floors":[14,30],"is_endless":false,"potions_floor_spawned":[2,3,5,10,11,19,27,31,33,41,46,47],"killed_by":"The Heart","ascension_level":6}}