{"host":"w8xisjf5mgmfjvmt","time":1613977513,"event":{"mods":["BaseMod","BetterRewards","Challenge The Spire","Conspire","Energized Spire","Filter the Spire","Minty Spire (QoL Compilation)","Quarter Circle Forward PUNCH!","Quick Restart","Relic Filter Mod","Relic Stats","Reliquary","Replay The Spire","Say the Spire","Shop Mod","Spicy Shops","StSLib","¡¾ÒÅÎï¿¨ÅÆ¡¿REMEMod","óô»ðÖ¸ÄÏ"],"gold_per_floor":[365,33,33,50,50,50,75,75,129,164,177,211,211,227,227,227,227],"floor_reached":16,"language":"ZHS","playtime":442,"items_purged":["ReplayTheSpireMod:Restless Dread"],"score":236,"play_id":"0913bbd6-3b02-4428-9167-10edb86d397c","local_time":"20210222150513","is_ascension_mode":true,"campfire_choices":[{"data":"Noxious Fumes","floor":6,"key":"SMITH"},{"data":"Footwork","floor":13,"key":"SMITH"},{"floor":15,"key":"REST"}],"circlet_count":0,"master_deck":["AscendersBane","Strike_G","Strike_G","Strike_G","Strike_G","Strike_G","Defend_G","Defend_G","Defend_G","Defend_G+1","Defend_G","Survivor","Neutralize","Echo Form+1","Underhanded Strike","Backflip","Noxious Fumes+1","Flying Knee+1","Eviscerate","Footwork+1","Dagger Throw","Cloak And Dagger","Acrobatics","Die Die Die"],"relics":["Ring of the Snake","REME_ComplimentaryCards","Singing Bowl","Potion Belt","reliquary:Knoch"],"acts_visited":["Exordium"],"potions_floor_usage":[7,10,12],"damage_taken":[{"damage":4.0,"enemies":"Small Slimes","floor":1.0,"turns":4.0},{"damage":0,"enemies":"Cultist","floor":4,"turns":5},{"damage":20,"enemies":"Gremlin Nob","floor":7,"turns":4},{"damage":8,"enemies":"Lagavulin","floor":10,"turns":7},{"damage":0,"enemies":"2 Louse","floor":11,"turns":3},{"damage":29,"enemies":"3 Sentries","floor":12,"turns":6},{"damage":7,"enemies":"Gremlin Gang","floor":14,"turns":7},{"damage":0,"enemies":"The Guardian","floor":16,"turns":2}],"seed_played":"848154888297427400","potions_obtained":[{"floor":1.0,"key":"Languid Potion"},{"floor":7,"key":"FearPotion"},{"floor":8,"key":"FairyPotion"},{"floor":10,"key":"Energy Potion"}],"is_trial":false,"path_per_floor":["M","$","?","M","?","R","E","?","T","E","M","E","R","M","R","B"],"character_chosen":"THE_SILENT","items_purchased":["Backflip","Noxious Fumes","Flying Knee+1","Eviscerate"],"campfire_rested":1,"item_purchase_floors":[2,2,2,2],"current_hp_per_floor":[55,55,55,55,35,35,15,15,15,7,9,8,8,3,24,24,24],"gold":227,"neow_bonus":"TWO_FIFTY_GOLD","is_daily":false,"chose_seed":false,"campfire_upgraded":2,"win_rate":0.0,"timestamp":1613977513,"path_taken":["M","$","?","?","?","R","E","?","T","E","?","E","R","M","R","BOSS"],"items_purchased_type":["Card","Card","Card","Card"],"build_version":"2020-12-22","purchased_purges":1,"victory":false,"max_hp_per_floor":[66,66,66,66,66,66,66,66,66,66,68,68,68,70,70,70,70],"relic_stats":{"Singing Bowl":4,"counters":[8,38],"obtain_stats":[{"Potion Belt":9,"Singing Bowl":7,"reliquary:Knoch":10,"Ring of the Snake":0,"REME_ComplimentaryCards":0},{"Potion Belt":3,"Singing Bowl":3,"reliquary:Knoch":4,"Ring of the Snake":0,"REME_ComplimentaryCards":0},{"Potion Belt":13,"Singing Bowl":13,"reliquary:Knoch":20,"Ring of the Snake":0,"REME_ComplimentaryCards":0}],"Ring of the Snake":[16]},"card_choices":[{"not_picked":["Quick Slash","Prepared"],"picked":"Underhanded Strike","floor":1.0},{"not_picked":["Expertise","Cloak And Dagger"],"picked":"Dagger Throw","floor":4},{"not_picked":["Poisoned Stab","Bane"],"picked":"Cloak And Dagger","floor":7},{"not_picked":["Cloak And Dagger","Backstab"],"picked":"Acrobatics","floor":10},{"not_picked":["Flying Knee","Heel Hook","Masterful Stab"],"picked":"Singing Bowl","floor":11},{"not_picked":["Backstab","Draining Mist"],"picked":"Die Die Die","floor":12},{"not_picked":["All Out Attack","Outmaneuver","Predator"],"picked":"Singing Bowl","floor":14}],"player_experience":1390609,"relics_obtained":[{"floor":7,"key":"Singing Bowl"},{"floor":9,"key":"Potion Belt"},{"floor":10,"key":"reliquary:Knoch"}],"event_choices":[{"damage_healed":0,"gold_gain":0,"player_choice":"1 cards matched","damage_taken":0,"max_hp_gain":0,"max_hp_loss":0,"event_name":"Match and Keep!","floor":3,"gold_loss":0,"cards_obtained":["Footwork"]},{"damage_healed":0,"gold_gain":0,"player_choice":"Entered Light","damage_taken":20,"max_hp_gain":0,"max_hp_loss":0,"event_name":"Shining Light","floor":5,"gold_loss":0,"cards_upgraded":["Echo Form","Defend_G"]},{"damage_healed":0,"gold_gain":0,"player_choice":"Got Potions","damage_taken":0,"max_hp_gain":0,"max_hp_loss":0,"event_name":"Lab","floor":8,"gold_loss":0}],"is_beta":false,"boss_relics":[],"items_purged_floors":[2],"is_endless":false,"potions_floor_spawned":[1,7,10],"killed_by":"The Guardian","ascension_level":20}}