{"host":"309cd6jyiw3t7f6r","time":1613978699,"event":{"mods":["100% Spire Juice","ATMod(阿瑾Mod)","Act Like it!","Arknights","BaseMod","CapriCore","Downfall","Gensokyo","KinomotoSakuraMod(木之本?)","Koishi","KomeijiMod","Marisa（霧雨　魔理沙）","Minty Spire (QoL Compilation)","Prisma Mod","READ ME - Guardian Mod","Reimu（博???）","Remilia（蕾米莉?）","RumiaBox-露米?的神秘盒子","StSLib","The Administrix","The Animator","The Immortal","WarShipGirlsR/??少女R mod","Yakumo Yukari mod","Youmu（魂魄妖?）","noobMod","【角色mod】十八桐人","?留之物"],"gold_per_floor":[172,172,172,100,110,110,122,139,139,17,17,29,29,39,39,140,140,152,171,171,171,190,190,209,240,240,240,240],"floor_reached":27,"language":"ZHS","playtime":1321,"items_purged":["Strike_Remiria"],"score":287,"play_id":"34c79f73-b1dc-47ac-a53c-a9036ff954b3","local_time":"20210222152459","is_ascension_mode":true,"campfire_choices":[{"data":"FitfulNightmare","floor":6,"key":"SMITH"},{"data":"BloodyMagicSquare","floor":15,"key":"SMITH"},{"floor":23,"key":"REST"}],"circlet_count":0,"master_deck":["Strike_Remiria","Strike_Remiria","Strike_Remiria","Defend_Remirira","Defend_Remirira","Defend_Remirira","Absorbed","Scratch","PartStrengthen","FitfulNightmare+1","BathedInBlood","Warpath","BloodyMagicSquare+1","StigmaNizer","ChainGang+1","FateSonata","BloodyMagicSquare","SealingFear","RocketKickup+1","BloodySuit+1"],"relics":["UnsealingCross","AT_ATBox","ice","Gensokyo:Justice","InkBottle","AT_SilvercatRing","Toy Ornithopter"],"acts_visited":["Gensokyo:Gensokyo","Gensokyo:Gensokyoer"],"potions_floor_usage":[7,16,27,27],"damage_taken":[{"damage":0,"enemies":"Gensokyo:Python","floor":1,"turns":2},{"damage":6,"enemies":"Gensokyo:Gryphon","floor":5,"turns":5},{"damage":11,"enemies":"Gensokyo:2_Kodama","floor":7,"turns":3},{"damage":8,"enemies":"Gensokyo:VengefulSpirit","floor":8,"turns":5},{"damage":13,"enemies":"Gensokyo:CorruptedTreant","floor":12,"turns":3},{"damage":17,"enemies":"Gensokyo:Gryphon_and_Rabbit","floor":14,"turns":4},{"damage":61,"enemies":"Gensokyo:Kokoro","floor":16,"turns":8},{"damage":38,"enemies":"Gensokyo:Chomper","floor":18,"turns":5},{"damage":68,"enemies":"Gensokyo:3_Dogs","floor":19,"turns":4},{"damage":75,"enemies":"Gensokyo:Wraith","floor":22,"turns":4},{"damage":109,"enemies":"Gensokyo:Swordslinger","floor":24,"turns":4},{"damage":153,"enemies":"Gensokyo:Tenshi","floor":25,"turns":3},{"damage":197,"enemies":"Gensokyo:Reisen","floor":27,"turns":4}],"seed_played":"-6489161845008369994","potions_obtained":[{"floor":0,"key":"PowerPotion"},{"floor":0,"key":"Fruit Juice"},{"floor":16,"key":"Ancient Potion"},{"floor":19,"key":"Explosive Potion"}],"is_trial":false,"path_per_floor":["M","?","?","$","M","R","M","M","T","$","?","M","?","M","R","B",null,"M","M","?","?","M","R","M","E","T","E"],"character_chosen":"RemiriaScarlet","items_purchased":["BathedInBlood","StigmaNizer"],"campfire_rested":1,"item_purchase_floors":[4,10],"current_hp_per_floor":[100,100,100,100,94,94,88,80,80,80,95,82,82,65,65,25,105,71,14,14,14,63,96,114,24,24,0,0],"gold":240,"neow_bonus":"THREE_SMALL_POTIONS","is_daily":false,"chose_seed":false,"campfire_upgraded":2,"win_rate":0.0,"timestamp":1613978699,"path_taken":["M","?","?","?","M","R","M","?","T","$","?","M","?","M","R","BOSS","M","M","?","?","M","R","M","E","T","E"],"items_purchased_type":["Card","Card"],"build_version":"2020-12-22","purchased_purges":1,"victory":false,"max_hp_per_floor":[100,100,100,100,100,100,105,105,105,105,105,105,105,105,105,105,105,105,105,105,105,111,111,114,119,119,123,123],"card_choices":[{"not_picked":["StigmaNizer","CombatMeter"],"picked":"PartStrengthen","floor":1},{"not_picked":["YoungDemonLord","Cripple"],"picked":"FitfulNightmare","floor":2},{"not_picked":["ServantFlier","Tearing"],"picked":"Warpath","floor":5},{"not_picked":["ServantFlier","RedtheNightlessCastle","BodyStrengthen"],"picked":"SKIP","floor":7},{"not_picked":["ServantFlier","SeparateFleshBlood"],"picked":"BloodyMagicSquare","floor":8},{"not_picked":["CombatMeter","Feint","VampireClaw"],"picked":"SKIP","floor":12},{"not_picked":["DoubleEdge","ServantFlier","FierceSweep"],"picked":"SKIP","floor":14},{"not_picked":["Reaper_Remiria","AllTheWorldInNightmare"],"picked":"FateSonata","floor":16},{"not_picked":["DoubleEdge","ServantFlier"],"picked":"BloodyMagicSquare","floor":18},{"not_picked":["Feint","Culling","LifeBreak"],"picked":"SKIP","floor":19},{"not_picked":["BloodCleaner","CruelSlaughter","TrickFate+1"],"picked":"SKIP","floor":22},{"not_picked":["BloodSurge+1","BloodCollect"],"picked":"RocketKickup+1","floor":24},{"not_picked":["CruelSlaughter","Rewrite+1"],"picked":"BloodySuit+1","floor":25}],"player_experience":367633,"relics_obtained":[{"floor":9,"key":"InkBottle"},{"floor":25,"key":"AT_SilvercatRing"},{"floor":26,"key":"Toy Ornithopter"}],"event_choices":[],"is_beta":false,"boss_relics":[{"not_picked":["Ectoplasm","Fusion Hammer"],"picked":"UnsealingCross"}],"items_purged_floors":[10],"is_endless":false,"potions_floor_spawned":[16,19],"killed_by":"Gensokyo:Reisen","ascension_level":1}}