{"host":"8ztb9kwpjc2zof9s","time":1613975697,"event":{"mods":["BaseMod","Block Reminder","Curses Come First","Minty Spire (QoL Compilation)","Relic Stats","StSLib"],"gold_per_floor":[110,110,123,123,147,191,191,214,214,214,214],"floor_reached":10,"language":"ENG","playtime":345,"items_purged":[],"score":119,"play_id":"4a88b923-a358-4ae1-a27b-ff78cb6610a7","local_time":"20210221223457","is_ascension_mode":true,"campfire_choices":[{"floor":7,"key":"REST"}],"circlet_count":0,"master_deck":["AscendersBane","Strike_G","Strike_G","Strike_G","Strike_G","Strike_G","Defend_G","Defend_G","Defend_G","Defend_G","Defend_G","Survivor","Neutralize","Backflip","Prepared","Malaise","Noxious Fumes","Backflip"],"relics":["Ring of the Snake","NeowsBlessing","Golden Idol","Dream Catcher","Bag of Preparation"],"acts_visited":["Exordium"],"potions_floor_usage":[6],"damage_taken":[{"damage":0,"enemies":"Small Slimes","floor":1,"turns":1},{"damage":0,"enemies":"2 Louse","floor":3,"turns":1},{"damage":0,"enemies":"Cultist","floor":5,"turns":1},{"damage":51,"enemies":"3 Sentries","floor":6,"turns":18},{"damage":36,"enemies":"Gremlin Gang","floor":8,"turns":6},{"damage":6,"enemies":"Gremlin Nob","floor":10,"turns":2}],"seed_played":"-5448812222869398653","potions_obtained":[{"floor":3,"key":"Regen Potion"},{"floor":6,"key":"SteroidPotion"}],"is_trial":false,"path_per_floor":["M","?","M","?","M","E","R","M","T","E"],"character_chosen":"THE_SILENT","items_purchased":[],"campfire_rested":1,"item_purchase_floors":[],"current_hp_per_floor":[59,59,59,60,60,24,42,6,6,0,0],"gold":214,"neow_bonus":"THREE_ENEMY_KILL","is_daily":false,"chose_seed":false,"campfire_upgraded":0,"win_rate":0.0,"timestamp":1613975697,"path_taken":["M","?","M","?","?","E","R","?","T","E"],"items_purchased_type":[],"build_version":"2020-12-22","purchased_purges":0,"victory":false,"max_hp_per_floor":[66,60,60,60,60,60,60,60,60,60,60],"relic_stats":{"Dream Catcher":1,"counters":[6,29],"Golden Idol":22,"Bag of Preparation":[2],"obtain_stats":[{"Dream Catcher":6,"NeowsBlessing":0,"Golden Idol":2,"Bag of Preparation":9,"Ring of the Snake":0},{"Dream Catcher":4,"NeowsBlessing":0,"Golden Idol":1,"Bag of Preparation":5,"Ring of the Snake":0},{"Dream Catcher":21,"NeowsBlessing":0,"Golden Idol":1,"Bag of Preparation":27,"Ring of the Snake":0}],"Ring of the Snake":[12]},"card_choices":[{"not_picked":["Dodge and Roll","Flying Knee"],"picked":"Backflip","floor":1},{"not_picked":["Slice","Dagger Spray"],"picked":"Terror","floor":3},{"not_picked":["Bane","Quick Slash"],"picked":"Prepared","floor":5},{"not_picked":["Poisoned Stab","Distraction"],"picked":"Malaise","floor":6},{"not_picked":["Bane","PiercingWail"],"picked":"Noxious Fumes","floor":7},{"not_picked":["Blade Dance","Riddle With Holes"],"picked":"Backflip","floor":8}],"player_experience":376210,"relics_obtained":[{"floor":6,"key":"Dream Catcher"},{"floor":9,"key":"Bag of Preparation"}],"event_choices":[{"damage_healed":0,"gold_gain":0,"player_choice":"Lose Max HP","damage_taken":0,"relics_obtained":["Golden Idol"],"max_hp_gain":0,"max_hp_loss":6,"event_name":"Golden Idol","floor":2,"gold_loss":0},{"cards_removed":["Terror"],"damage_healed":1,"gold_gain":0,"player_choice":"Offered Uncommon","damage_taken":0,"max_hp_gain":0,"max_hp_loss":0,"event_name":"Bonfire Elementals","floor":4,"gold_loss":0}],"is_beta":false,"boss_relics":[],"items_purged_floors":[],"is_endless":false,"potions_floor_spawned":[3,6],"killed_by":"Gremlin Nob","ascension_level":15}}