{"host":"i29s15dsg0c43zmx","time":1613995572,"event":{"mods":["AchievementEnabler","BaseMod","Colored Map","Minty Spire (QoL Compilation)","StSLib"],"gold_per_floor":[112,112,112,212,223,258,258,273,300,300,300,315,332,364,364,364,364],"floor_reached":16,"language":"ENG","playtime":629,"items_purged":[],"score":135,"play_id":"c05e21c3-8117-4b54-b18f-4ada6b854ae6","local_time":"20210222130612","is_ascension_mode":false,"campfire_choices":[{"data":"Eruption","floor":7,"key":"SMITH"},{"data":"TalkToTheHand","floor":11,"key":"SMITH"},{"floor":15,"key":"REST"}],"circlet_count":0,"master_deck":["Strike_P","Strike_P","Strike_P","Strike_P","Defend_P","Defend_P","Defend_P","Defend_P+1","Eruption+1","Vigilance+1","TalkToTheHand+1","Regret","DeceiveReality","InnerPeace","Indignation","WaveOfTheHand","FlurryOfBlows","EmptyBody"],"relics":["PureWater","NeowsBlessing","Bag of Preparation","Thread and Needle","Omamori","CultistMask","Bag of Marbles"],"acts_visited":["Exordium"],"potions_floor_usage":[13,16],"damage_taken":[{"damage":0,"enemies":"Jaw Worm","floor":1,"turns":1},{"damage":0,"enemies":"2 Louse","floor":5,"turns":1},{"damage":0,"enemies":"3 Sentries","floor":6,"turns":1},{"damage":1,"enemies":"Cultist","floor":8,"turns":3},{"damage":4,"enemies":"2 Fungi Beasts","floor":12,"turns":5},{"damage":0,"enemies":"Lots of Slimes","floor":13,"turns":1},{"damage":24,"enemies":"Lagavulin","floor":14,"turns":5},{"damage":64,"enemies":"Slime Boss","floor":16,"turns":11}],"seed_played":"-1242851295655859247","potions_obtained":[{"floor":5,"key":"AttackPotion"},{"floor":6,"key":"CultistPotion"},{"floor":14,"key":"Regen Potion"}],"is_trial":false,"path_per_floor":["M","?","?","?","M","E","R","M","T","?","R","M","M","E","R","B"],"character_chosen":"WATCHER","items_purchased":[],"campfire_rested":1,"item_purchase_floors":[],"current_hp_per_floor":[72,58,58,58,58,58,58,57,57,57,57,53,53,29,50,0,0],"gold":364,"neow_bonus":"THREE_ENEMY_KILL","is_daily":false,"chose_seed":false,"campfire_upgraded":2,"win_rate":0.0,"timestamp":1613995572,"path_taken":["M","?","?","?","?","E","R","M","T","?","R","?","M","E","R","BOSS"],"items_purchased_type":[],"build_version":"2020-12-22","purchased_purges":0,"victory":false,"max_hp_per_floor":[72,72,72,72,72,72,72,72,72,72,72,72,72,72,72,72,72],"card_choices":[{"not_picked":["Evaluate","Consecrate"],"picked":"TalkToTheHand","floor":1},{"not_picked":["JustLucky","WindmillStrike"],"picked":"DeceiveReality","floor":5},{"not_picked":["FlyingSleeves","ReachHeaven"],"picked":"InnerPeace","floor":6},{"not_picked":["ClearTheMind","EmptyMind"],"picked":"Indignation","floor":8},{"not_picked":["Halt","ThirdEye"],"picked":"WaveOfTheHand","floor":12},{"not_picked":["SignatureMove","Halt"],"picked":"FlurryOfBlows","floor":13},{"not_picked":["ConjureBlade","Worship"],"picked":"EmptyBody","floor":14}],"player_experience":108827,"relics_obtained":[{"floor":6,"key":"Thread and Needle"},{"floor":9,"key":"Omamori"},{"floor":14,"key":"Bag of Marbles"}],"event_choices":[{"damage_healed":0,"gold_gain":0,"player_choice":"Entered Light","damage_taken":14,"max_hp_gain":0,"max_hp_loss":0,"event_name":"Shining Light","floor":2,"gold_loss":0,"cards_upgraded":["Vigilance","Defend_P"]},{"damage_healed":0,"gold_gain":0,"player_choice":"Box","damage_taken":0,"relics_obtained":["Bag of Preparation"],"max_hp_gain":0,"max_hp_loss":0,"event_name":"Big Fish","floor":3,"gold_loss":0,"cards_obtained":["Regret"]},{"damage_healed":0,"gold_gain":100,"player_choice":"Gold","damage_taken":0,"max_hp_gain":0,"max_hp_loss":0,"event_name":"Wheel of Change","floor":4,"gold_loss":0},{"damage_healed":0,"gold_gain":0,"player_choice":"Trade","damage_taken":0,"relics_obtained":["CultistMask"],"max_hp_gain":0,"max_hp_loss":0,"event_name":"FaceTrader","floor":10,"gold_loss":0}],"is_beta":false,"boss_relics":[],"items_purged_floors":[],"is_endless":false,"potions_floor_spawned":[5,6,14],"killed_by":"Slime Boss","ascension_level":0}}