{"host":"birdoosa9v9yfc1w","time":1613966148,"event":{"mods":["2.2 Compatiblity","BaseMod","Bestiary","Bossed Relics","Colored Map","Colored Powertips","Dark Map","Halation","Highlight Path","Hyrulean Relics","Minty Spire (QoL Compilation)","Relic Filter","SacredBarkPlus","StSLib","Thrall Mod"],"gold_per_floor":[115,115,115,131,141,168,183,217,217,217,251,265,265,277,277,378,378,388,402,312,331,331,359,359,12,12,42,42,54,73,98,98,201,201,211,223,239,239,239,239,269,284,311,337,368,385,385,397,397,397,397,397,5,37,37],"floor_reached":56,"language":"ENG","playtime":2862,"items_purged":[],"score":1657,"play_id":"881edde5-6adc-4661-bbdf-830565037e4f","local_time":"20210221225548","is_ascension_mode":true,"campfire_choices":[{"floor":10.0,"key":"REST"},{"floor":13.0,"key":"REST"},{"data":"Maelstromportal","floor":15,"key":"SMITH"},{"floor":24,"key":"RECALL"},{"floor":32,"key":"REST"},{"floor":49,"key":"REST"},{"floor":52,"key":"REST"}],"circlet_count":0,"master_deck":["Strike_Thrall","Strike_Thrall","Strike_Thrall","Strike_Thrall","Strike_Thrall","Defend_Thrall","Defend_Thrall","Defend_Thrall","Defend_Thrall","Defend_Thrall","Lightningbolt+1","Thralldeathseer","Ancestralknow","Menacingnimbus","Airelemental+1","Maelstromportal+1","Airelemental","Jinyu","Hallazeal","Maelstromportal+1","Flametonguetotem","Earthshock+1","Beakeredlightning+1","Doomhammer+1","Maelstromportal+1","Writhe","Hallazeal+1","Hex+1","Jadelightning+1","Tidalsurge+1","Lavaburst"],"relics":["Totem","WingedGreaves","halation:SelfBoilingWater","Eternal Feather","Bag of Preparation","Fusion Hammer","Shuriken","Singing Bowl","Regal Pillow","halation:BottledHappiness","halation:BottledLove","Whetstone","halation:Risk","TheAbacus","Centennial Puzzle","Pear","Kunai","Orichalcum","Bottled Lightning"],"acts_visited":["Exordium","TheCity","TheBeyond","TheEnding"],"potions_floor_usage":[16,55],"damage_taken":[{"damage":0.0,"enemies":"Small Slimes","floor":1.0,"turns":3.0},{"damage":8.0,"enemies":"Cultist","floor":4.0,"turns":4.0},{"damage":0.0,"enemies":"Jaw Worm","floor":5.0,"turns":2.0},{"damage":24.0,"enemies":"Gremlin Nob","floor":6.0,"turns":4.0},{"damage":32.0,"enemies":"Gremlin Gang","floor":7.0,"turns":7.0},{"damage":26.0,"enemies":"3 Sentries","floor":8.0,"turns":4.0},{"damage":24.0,"enemies":"Lagavulin","floor":11.0,"turns":6.0},{"damage":6.0,"enemies":"Exordium Thugs","floor":12.0,"turns":3.0},{"damage":0.0,"enemies":"Blue Slaver","floor":14.0,"turns":1.0},{"damage":34,"enemies":"The Guardian","floor":16,"turns":10},{"damage":37,"enemies":"2 Thieves","floor":18,"turns":3},{"damage":37,"enemies":"3 Byrds","floor":19,"turns":4},{"damage":29,"enemies":"Snecko","floor":21,"turns":4},{"damage":63,"enemies":"Book of Stabbing","floor":23,"turns":5},{"damage":0,"enemies":"Gremlin Leader","floor":27,"turns":3},{"damage":5,"enemies":"Cultist and Chosen","floor":29,"turns":4},{"damage":23,"enemies":"Chosen and Byrds","floor":30,"turns":5},{"damage":80,"enemies":"Book of Stabbing","floor":31,"turns":5},{"damage":106,"enemies":"Automaton","floor":33,"turns":8},{"damage":4,"enemies":"3 Shapes","floor":35,"turns":2},{"damage":16,"enemies":"Orb Walker","floor":36,"turns":2},{"damage":0,"enemies":"Jaw Worm Horde","floor":37,"turns":2},{"damage":25,"enemies":"Giant Head","floor":41,"turns":5},{"damage":0,"enemies":"Spire Growth","floor":42,"turns":1},{"damage":29,"enemies":"Nemesis","floor":44,"turns":7},{"damage":35,"enemies":"Giant Head","floor":45,"turns":6},{"damage":51,"enemies":"3 Darklings","floor":46,"turns":4},{"damage":37,"enemies":"Transient","floor":48,"turns":5},{"damage":95,"enemies":"Time Eater","floor":50,"turns":7},{"damage":27,"enemies":"Shield and Spear","floor":54,"turns":2},{"damage":194,"enemies":"The Heart","floor":55,"turns":9}],"seed_played":"9059702390442535321","potions_obtained":[{"floor":3.0,"key":"ColorlessPotion"},{"floor":3.0,"key":"Swift Potion"},{"floor":3.0,"key":"Ancient Potion"},{"floor":5.0,"key":"GamblersBrew"},{"floor":6.0,"key":"Regen Potion"},{"floor":8.0,"key":"Energy Potion"},{"floor":12.0,"key":"Explosive Potion"},{"floor":16,"key":"AttackPotion"},{"floor":18,"key":"SteroidPotion"},{"floor":19,"key":"SkillPotion"},{"floor":27,"key":"SmokeBomb"},{"floor":54,"key":"Keypotion"}],"is_trial":false,"path_per_floor":["M","?","?","M","M","E","M","E","T","R","E","M","R","M","R","B",null,"M","M","?","M","T","E","R","$","T","E","$","M","M","E","R","B",null,"M","M","M","?","?","?","E","M","T","E","E","M","?","M","R","B",null,"R","$","E","B",null],"character_chosen":"THRALL","items_purchased":["Regal Pillow","halation:BottledHappiness","Earthshock","Lavaburst","Orichalcum","Keypotion"],"campfire_rested":5,"item_purchase_floors":[25,25,25,53,53,53],"current_hp_per_floor":[63,68,68,60,60,40,29,5,5,34,14,15,47,47,59,34,60,68,68,68,61,61,55,67,67,67,72,72,71,70,67,76,78,78,74,60,60,60,80,80,80,82,82,94,96,96,96,82,96,96,96,96,96,98,88],"gold":37,"neow_bonus":"THREE_RARE_CARDS","is_daily":false,"chose_seed":false,"campfire_upgraded":1,"win_rate":0.0,"timestamp":1613966148,"path_taken":["M","?","?","M","M","E","?","E","T","R","E","M","R","M","R","BOSS","M","M","?","?","?","E","R","?","T","E","$","M","M","E","R","BOSS","M","M","M","?","?","?","E","M","T","E","E","?","?","?","R","BOSS","R","$","E","BOSS"],"items_purchased_type":["Relic","Relic","Card","Card","Relic","Potion"],"build_version":"2020-12-22","purchased_purges":0,"victory":true,"max_hp_per_floor":[63,68,68,68,68,68,68,68,68,68,68,68,68,68,68,68,68,68,68,68,68,68,70,70,70,70,72,72,74,74,76,76,78,78,78,80,80,80,80,80,80,82,82,94,96,96,96,96,96,96,96,96,96,98,98],"card_choices":[{"not_picked":["Shudderwock","Eternalsentinel"],"picked":"Thralldeathseer","floor":0.0},{"not_picked":["Zap","Forkedlightning"],"picked":"Ancestralknow","floor":1.0},{"not_picked":["Drakkaridefender","Lightningbolt"],"picked":"Menacingnimbus","floor":4.0},{"not_picked":["Thingfrombelow","Thecoin"],"picked":"Maelstromportal","floor":5.0},{"not_picked":["Fireguard","Thralldeathseer"],"picked":"Airelemental","floor":6.0},{"not_picked":["Farsight","Menacingnimbus"],"picked":"Maelstromportal","floor":7.0},{"not_picked":["Maelstromportal","Forkedlightning"],"picked":"Airelemental","floor":8.0},{"not_picked":["Snowfurygiant","Witchsapprentice"],"picked":"Jinyu","floor":11.0},{"not_picked":["Rockbiter","Jinyu","Jadecheiftain"],"picked":"SKIP","floor":12.0},{"not_picked":["Jadecheiftain","Unstable","Lightningbolt"],"picked":"SKIP","floor":14.0},{"not_picked":["Unstable","Elementaldestruction"],"picked":"Hallazeal","floor":16},{"not_picked":["Murksparkeel","Fireelemental"],"picked":"Maelstromportal+1","floor":18},{"not_picked":["Elementaryreaction","Jadecheiftain"],"picked":"Flametonguetotem","floor":19},{"not_picked":["Tunneltrogg","Tidalsurge","Ancestralknow"],"picked":"SKIP","floor":21},{"not_picked":["Elementaryreaction","Healingrain+1","Jadelightning"],"picked":"Singing Bowl","floor":23},{"not_picked":["Flametonguetotem","Blazing","Drakkaridefender"],"picked":"Singing Bowl","floor":27},{"not_picked":["Lightningbolt+1","Dustdevil","Jadecheiftain+1"],"picked":"Singing Bowl","floor":29},{"not_picked":["Witchsapprentice","Jadelightning+1"],"picked":"Beakeredlightning+1","floor":30},{"not_picked":["Spiritofthefrog","Earthshock","Ancestralknow"],"picked":"Singing Bowl","floor":31},{"not_picked":["Lavaburst","Eternalsentinel","Whiteeyes"],"picked":"Singing Bowl","floor":33},{"not_picked":["Witchsapprentice","Vitalitytotem+1"],"picked":"Doomhammer+1","floor":35},{"not_picked":["Elementaryreaction","Fireguard+1","Forkedlightning+1"],"picked":"Singing Bowl","floor":36},{"not_picked":["Blazing+1","Healingwave"],"picked":"Maelstromportal+1","floor":37},{"not_picked":["Rumblingelemental","Likkim+1"],"picked":"Hex+1","floor":41},{"not_picked":["Totemicsmash+1","Rockbiter","Eureka+1"],"picked":"Singing Bowl","floor":42},{"not_picked":["Elementaryreaction","Lightningstorm+1","Crackle+1"],"picked":"Singing Bowl","floor":44},{"not_picked":["Snowfurygiant+1","Crackle+1","Evolve+1"],"picked":"Singing Bowl","floor":45},{"not_picked":["Lightningbolt+1","Thecoin"],"picked":"Jadelightning+1","floor":46},{"not_picked":["Drakkaridefender+1","Healingrain"],"picked":"Tidalsurge+1","floor":48},{"not_picked":["Thralldeathseer","Witchsapprentice+1","Dustdevil+1"],"picked":"Singing Bowl","floor":54}],"player_experience":639414,"relics_obtained":[{"floor":6.0,"key":"WingedGreaves"},{"floor":8.0,"key":"halation:SelfBoilingWater"},{"floor":9.0,"key":"Eternal Feather"},{"floor":11.0,"key":"Bag of Preparation"},{"floor":22,"key":"Shuriken"},{"floor":23,"key":"Singing Bowl"},{"floor":27,"key":"halation:BottledLove"},{"floor":31,"key":"Whetstone"},{"floor":41,"key":"TheAbacus"},{"floor":43,"key":"Centennial Puzzle"},{"floor":44,"key":"Pear"},{"floor":45,"key":"Kunai"},{"floor":54,"key":"Bottled Lightning"}],"event_choices":[{"damage_healed":0.0,"max_hp_gain":5.0,"max_hp_loss":0.0,"gold_gain":0.0,"event_name":"Big Fish","player_choice":"Donut","floor":2.0,"gold_loss":0.0,"damage_taken":0.0},{"damage_healed":0.0,"max_hp_gain":0.0,"max_hp_loss":0.0,"gold_gain":0.0,"event_name":"Lab","player_choice":"Got Potions","floor":3.0,"gold_loss":0.0,"damage_taken":0.0},{"cards_removed":["Maelstromportal"],"damage_healed":0,"gold_gain":0,"player_choice":"Upgrade and Remove","damage_taken":0,"max_hp_gain":0,"max_hp_loss":0,"event_name":"Designer","floor":20,"gold_loss":90,"cards_upgraded":["Airelemental"]},{"cards_removed":["Thecoin"],"damage_healed":0,"gold_gain":0,"player_choice":"Removed Skill","damage_taken":0,"max_hp_gain":0,"max_hp_loss":0,"event_name":"Falling","floor":38,"gold_loss":0},{"damage_healed":20,"gold_gain":0,"player_choice":"Writhe","damage_taken":0,"max_hp_gain":0,"max_hp_loss":0,"event_name":"Winding Halls","floor":39,"gold_loss":0,"cards_obtained":["Writhe"]},{"damage_healed":0,"gold_gain":0,"player_choice":"Copied","damage_taken":0,"max_hp_gain":0,"max_hp_loss":0,"event_name":"Duplicator","floor":40,"gold_loss":0,"cards_obtained":["Hallazeal"]},{"damage_healed":0,"gold_gain":0,"player_choice":"Upgraded","damage_taken":0,"max_hp_gain":0,"max_hp_loss":0,"event_name":"Upgrade Shrine","floor":47,"gold_loss":0,"cards_upgraded":["Hallazeal"]}],"is_beta":false,"boss_relics":[{"not_picked":["Sozu","Calling Bell"],"picked":"Fusion Hammer"},{"not_picked":["halation:Prosthetics","halation:MonkeysPaw"],"picked":"halation:Risk"}],"items_purged_floors":[],"is_endless":false,"potions_floor_spawned":[5,6,8,12,16,18,19,27,30,36,42,46,54],"ascension_level":6}}