{"host":"cjhtzh7tp54jdfyv","time":1613998902,"event":{"mods":["AchievementEnabler","BaseMod","Colored Map","Colored Powertips","Curses Come First","DeckTracker","Filter the Spire","Minty Spire (QoL Compilation)","RNG Fix","Relic Sorter","Relic Stats","StSLib","UnlockEverythingMod","ojb\u0027s Better Paths Mod","ojb\u0027s Info Mod"],"gold_per_floor":[116,116,126,144,69,103,103,28,103,117,130,130,174,188,188,282,282,302,29,43,56,56,100,125,184,230,255,255,286,311,311,311,406,406,430,430,191,212,227,227,267,285,311,311,335,350,368,402,414,426,438,450,462,71,102,102],"floor_reached":57,"language":"JPN","playtime":4341,"items_purged":["Defend_P","Defend_P","Strike_P+1","Strike_P+1"],"score":3251,"play_id":"e65b661e-e598-4f7f-82a6-9b7f116106ea","local_time":"20210222080142","is_ascension_mode":true,"campfire_choices":[{"data":"Eruption","floor":7,"key":"SMITH"},{"data":"Adaptation","floor":15,"key":"SMITH"},{"floor":28,"key":"RECALL"},{"data":"Scrawl","floor":44,"key":"SMITH"},{"data":"Wireheading","floor":49,"key":"SMITH"}],"circlet_count":0,"master_deck":["AscendersBane","Defend_P+1","Eruption+1","Vigilance+1","CutThroughFate+1","ForeignInfluence+1","LessonLearned+1","SashWhip+1","Adaptation+1","FearNoEvil+1","Vault+1","Adaptation+1","Sanctity+1","Omniscience+1","TalkToTheHand+1","Tantrum+1","Scrawl+1","Wireheading+1","InnerPeace+1","Crescendo+1"],"relics":["Coffee Dripper","Omamori","Blue Candle","Eternal Feather","Golden Idol","Bag of Preparation","Black Star","PreservedInsect","Kunai","Nunchaku","Art of War","Gremlin Horn","Lizard Tail","Bag of Marbles","Philosopher\u0027s Stone","Toy Ornithopter","Darkstone Periapt","Strawberry","MawBank","Boot","Sling","Thread and Needle","Whetstone"],"acts_visited":["Exordium","TheCity","TheBeyond","TheEnding"],"potions_floor_usage":[6,13,25,33,56],"damage_taken":[{"damage":0,"enemies":"Jaw Worm","floor":1,"turns":4},{"damage":1,"enemies":"2 Louse","floor":3,"turns":3},{"damage":0,"enemies":"Cultist","floor":4,"turns":2},{"damage":9,"enemies":"3 Sentries","floor":6,"turns":7},{"damage":0,"enemies":"Large Slime","floor":10,"turns":4},{"damage":0,"enemies":"2 Fungi Beasts","floor":11,"turns":2},{"damage":0,"enemies":"Gremlin Nob","floor":13,"turns":1},{"damage":3,"enemies":"Looter","floor":14,"turns":3},{"damage":12,"enemies":"Hexaghost","floor":16,"turns":7},{"damage":7,"enemies":"3 Byrds","floor":18,"turns":4},{"damage":0,"enemies":"Chosen","floor":20,"turns":3},{"damage":0,"enemies":"Centurion and Healer","floor":21,"turns":4},{"damage":0,"enemies":"Gremlin Leader","floor":23,"turns":2},{"damage":1,"enemies":"Sentry and Sphere","floor":24,"turns":4},{"damage":0,"enemies":"Book of Stabbing","floor":25,"turns":1},{"damage":0,"enemies":"Snecko","floor":27,"turns":4},{"damage":0,"enemies":"Gremlin Leader","floor":29,"turns":3},{"damage":0,"enemies":"Snake Plant","floor":30,"turns":3},{"damage":0,"enemies":"Collector","floor":33,"turns":6},{"damage":0,"enemies":"3 Shapes","floor":35,"turns":1},{"damage":0,"enemies":"3 Darklings","floor":38,"turns":2},{"damage":12,"enemies":"Spire Growth","floor":39,"turns":3},{"damage":0,"enemies":"Giant Head","floor":41,"turns":4},{"damage":0,"enemies":"Writhing Mass","floor":42,"turns":2},{"damage":1,"enemies":"Jaw Worm Horde","floor":45,"turns":1},{"damage":0,"enemies":"3 Darklings","floor":46,"turns":2},{"damage":0,"enemies":"Spire Growth","floor":47,"turns":2},{"damage":0,"enemies":"Nemesis","floor":48,"turns":2},{"damage":3,"enemies":"Time Eater","floor":50,"turns":8},{"damage":1,"enemies":"Awakened One","floor":51,"turns":3},{"damage":5,"enemies":"Shield and Spear","floor":55,"turns":4},{"damage":24,"enemies":"The Heart","floor":56,"turns":6}],"seed_played":"4491344823565711334","potions_obtained":[{"floor":3,"key":"Strength Potion"},{"floor":4,"key":"BottledMiracle"},{"floor":11,"key":"Regen Potion"},{"floor":13,"key":"SteroidPotion"},{"floor":18,"key":"SteroidPotion"},{"floor":24,"key":"BottledMiracle"},{"floor":27,"key":"FearPotion"},{"floor":29,"key":"GamblersBrew"},{"floor":33,"key":"Swift Potion"}],"is_trial":false,"path_per_floor":["M","?","M","M","?","E","R","$","T","M","M","?","E","M","R","B",null,"M","$","M","M","?","E","M","E","T","M","R","E","M","?","R","B",null,"M","?","$","M","M","R","E","M","T","R","M","M","M","E","R","B","B",null,"R","$","E","B",null],"character_chosen":"WATCHER","items_purchased":["PreservedInsect","TalkToTheHand","Tantrum","InnerPeace","Sling"],"campfire_rested":0,"item_purchase_floors":[19,37,37,54,54],"current_hp_per_floor":[61,35,34,34,34,25,25,25,25,25,25,25,25,22,31,19,51,44,44,44,44,44,44,43,43,43,43,52,52,52,35,44,44,61,61,61,61,61,49,58,58,58,65,74,73,73,73,73,74,71,70,73,74,74,69,50],"gold":102,"neow_bonus":"BOSS_RELIC","is_daily":false,"chose_seed":false,"campfire_upgraded":4,"win_rate":0.0,"timestamp":1613998902,"path_taken":["M","?","M","M","?","E","R","?","T","M","M","?","E","M","R","BOSS","M","$","M","M","?","E","M","E","T","M","R","E","M","?","R","BOSS","M","?","$","?","M","R","E","M","T","R","M","M","M","E","R","BOSS","BOSS","R","$","E","BOSS"],"items_purchased_type":["Relic","Card","Card","Card","Relic"],"build_version":"2020-12-22","purchased_purges":4,"victory":true,"max_hp_per_floor":[68,68,68,68,68,68,68,68,68,68,68,62,62,62,62,62,62,62,62,62,62,62,62,62,62,62,62,62,62,62,67,67,67,67,67,67,67,67,67,67,67,67,74,74,74,74,74,74,74,74,74,74,74,74,74,74],"relic_stats":{"Darkstone Periapt":0,"Gremlin Horn":[16,16],"counters":[32,107],"Golden Idol":204,"Blue Candle":[2],"Eternal Feather":47,"PreservedInsect":397,"Bag of Preparation":[50],"Whetstone":[],"MawBank":72,"Boot":[326],"Nunchaku":[30],"Lizard Tail":0,"Black Star":6,"Art of War":[2],"Kunai":[85],"obtain_stats":[{"Darkstone Periapt":41,"Gremlin Horn":25,"Golden Idol":12,"Blue Candle":6,"Eternal Feather":9,"Thread and Needle":55,"PreservedInsect":19,"Omamori":2,"Bag of Preparation":13,"Whetstone":55,"MawBank":48,"Boot":48,"Sling":54,"Nunchaku":23,"Lizard Tail":29,"Strawberry":43,"Philosopher\u0027s Stone":34,"Coffee Dripper":0,"Black Star":17,"Art of War":25,"Bag of Marbles":29,"Kunai":23,"PureWater":0,"Toy Ornithopter":41},{"Darkstone Periapt":23,"Gremlin Horn":15,"Golden Idol":6,"Blue Candle":4,"Eternal Feather":4,"Thread and Needle":31,"PreservedInsect":10,"Omamori":1,"Bag of Preparation":7,"Whetstone":31,"MawBank":28,"Boot":28,"Sling":30,"Nunchaku":13,"Lizard Tail":17,"Strawberry":24,"Philosopher\u0027s Stone":19,"Coffee Dripper":0,"Black Star":9,"Art of War":15,"Bag of Marbles":17,"Kunai":13,"PureWater":0,"Toy Ornithopter":23},{"Darkstone Periapt":77,"Gremlin Horn":51,"Golden Idol":22,"Blue Candle":16,"Eternal Feather":16,"Thread and Needle":101,"PreservedInsect":37,"Omamori":4,"Bag of Preparation":23,"Whetstone":101,"MawBank":86,"Boot":86,"Sling":97,"Nunchaku":46,"Lizard Tail":58,"Strawberry":79,"Philosopher\u0027s Stone":67,"Coffee Dripper":0,"Black Star":33,"Art of War":51,"Bag of Marbles":58,"Kunai":46,"PureWater":0,"Toy Ornithopter":77}],"Toy Ornithopter":5},"card_choices":[{"not_picked":["SashWhip","Perseverance"],"picked":"CutThroughFate","floor":1},{"not_picked":["Wireheading","ForeignInfluence","Prostrate"],"picked":"SKIP","floor":3},{"not_picked":["Wireheading","Prostrate"],"picked":"ForeignInfluence","floor":3},{"not_picked":["Wireheading","Fasting2","FlyingSleeves"],"picked":"SKIP","floor":4},{"not_picked":["Meditate","Sanctity"],"picked":"LessonLearned","floor":6},{"not_picked":["WaveOfTheHand","Pray","WreathOfFlame"],"picked":"SKIP","floor":10},{"not_picked":["Halt","BattleHymn"],"picked":"SashWhip","floor":11},{"not_picked":["SashWhip","Prostrate"],"picked":"Adaptation","floor":13},{"not_picked":["Sanctity","JustLucky"],"picked":"FearNoEvil","floor":14},{"not_picked":["Devotion","Omniscience"],"picked":"Vault","floor":16},{"not_picked":["Worship+1","Consecrate","ThirdEye"],"picked":"SKIP","floor":18},{"not_picked":["ClearTheMind","Fasting2","CutThroughFate"],"picked":"SKIP","floor":20},{"not_picked":["Protect","CrushJoints"],"picked":"Adaptation","floor":21},{"not_picked":["FollowUp","Indignation+1","Adaptation"],"picked":"SKIP","floor":23},{"not_picked":["Collect","LikeWater+1"],"picked":"Sanctity+1","floor":24},{"not_picked":["FlurryOfBlows","SpiritShield","Fasting2"],"picked":"SKIP","floor":25},{"not_picked":["FollowUp","CutThroughFate","EmptyFist"],"picked":"SKIP","floor":27},{"not_picked":["FollowUp","Halt","Vengeance"],"picked":"SKIP","floor":29},{"not_picked":["Devotion","SashWhip","ReachHeaven"],"picked":"SKIP","floor":30},{"not_picked":["MasterReality","Alpha"],"picked":"Omniscience","floor":33},{"not_picked":["Worship","ThirdEye","FlyingSleeves"],"picked":"SKIP","floor":35},{"not_picked":["CrushJoints+1","Protect","SashWhip+1"],"picked":"SKIP","floor":38},{"not_picked":["Vengeance","Crescendo+1","ReachHeaven"],"picked":"SKIP","floor":39},{"not_picked":["CarveReality","EmptyBody","Consecrate"],"picked":"SKIP","floor":41},{"not_picked":["FlyingSleeves","Consecrate"],"picked":"Scrawl","floor":42},{"not_picked":["CrushJoints","FlyingSleeves+1","SashWhip"],"picked":"SKIP","floor":45},{"not_picked":["Halt","Protect","FlyingSleeves"],"picked":"SKIP","floor":46},{"not_picked":["Halt","Protect","FlyingSleeves"],"picked":"SKIP","floor":46},{"not_picked":["WindmillStrike","Evaluate","Vengeance"],"picked":"SKIP","floor":47},{"not_picked":["EmptyBody","Consecrate"],"picked":"Wireheading","floor":48},{"not_picked":["JustLucky","Halt"],"picked":"Crescendo+1","floor":55}],"player_experience":5147649,"relics_obtained":[{"floor":6,"key":"Blue Candle"},{"floor":9,"key":"Eternal Feather"},{"floor":13,"key":"Bag of Preparation"},{"floor":23,"key":"Kunai"},{"floor":23,"key":"Nunchaku"},{"floor":25,"key":"Art of War"},{"floor":25,"key":"Gremlin Horn"},{"floor":29,"key":"Lizard Tail"},{"floor":29,"key":"Bag of Marbles"},{"floor":41,"key":"Toy Ornithopter"},{"floor":41,"key":"Darkstone Periapt"},{"floor":43,"key":"Strawberry"},{"floor":48,"key":"MawBank"},{"floor":48,"key":"Boot"},{"floor":55,"key":"Thread and Needle"},{"floor":55,"key":"Whetstone"}],"event_choices":[{"damage_healed":0,"gold_gain":0,"player_choice":"Success","damage_taken":26,"relics_obtained":["Omamori"],"max_hp_gain":0,"max_hp_loss":0,"event_name":"Scrap Ooze","floor":2,"gold_loss":0},{"cards_removed":["Defend_P"],"damage_healed":0,"gold_gain":0,"player_choice":"Card Removal","damage_taken":0,"max_hp_gain":0,"max_hp_loss":0,"event_name":"The Cleric","floor":5,"gold_loss":75},{"damage_healed":0,"gold_gain":0,"player_choice":"Lose Max HP","damage_taken":0,"relics_obtained":["Golden Idol"],"max_hp_gain":0,"max_hp_loss":6,"event_name":"Golden Idol","floor":12,"gold_loss":0},{"cards_removed":["Strike_P"],"damage_healed":0,"gold_gain":0,"player_choice":"Elegance","damage_taken":0,"max_hp_gain":0,"max_hp_loss":0,"event_name":"Back to Basics","floor":22,"gold_loss":0},{"damage_healed":0,"gold_gain":0,"player_choice":"Shed Blood","damage_taken":22,"max_hp_gain":5,"max_hp_loss":0,"event_name":"Forgotten Altar","floor":31,"gold_loss":0},{"cards_removed":["Strike_P"],"damage_healed":0,"gold_gain":0,"player_choice":"Removed Attack","damage_taken":0,"max_hp_gain":0,"max_hp_loss":0,"event_name":"Falling","floor":36,"gold_loss":0}],"is_beta":false,"boss_relics":[{"not_picked":["Sozu","SacredBark"],"picked":"Black Star"},{"not_picked":["Tiny House","Snecko Eye"],"picked":"Philosopher\u0027s Stone"}],"items_purged_floors":[8,19,37,54],"is_endless":false,"potions_floor_spawned":[3,4,11,13,18,24,27,29,33,38,39,42,48,55],"ascension_level":20}}