{"host":"9zznonz1olisd4fd","time":1613984665,"event":{"mods":["BaseMod","Keyboard Shortcuts","Minty Spire (QoL Compilation)","StSLib","SuperFastMode"],"gold_per_floor":[111,124,124,124,124,124,149,149,176,176,203,47,57,72,72,149,149,161,13,13,13,25,25,55,55,55,71,71,71,86,86,86,161,161,178,178,178,21,21,21,35,51,77,77,104,104,122,137,137,137],"floor_reached":51,"language":"KOR","playtime":2069,"items_purged":["Strike_B"],"score":1377,"play_id":"90fb5800-c174-45aa-b0eb-561c911f435c","local_time":"20210222180425","is_ascension_mode":true,"campfire_choices":[{"data":"Redo","floor":6,"key":"SMITH"},{"floor":8,"key":"RECALL"},{"floor":15,"key":"REST"},{"data":"Electrodynamics","floor":23,"key":"SMITH"},{"floor":25,"key":"REST"},{"floor":28,"key":"REST"},{"data":"Ghostly","floor":32,"key":"SMITH"},{"data":"Ghostly","floor":40,"key":"SMITH"},{"data":"Defragment","floor":44,"key":"SMITH"},{"data":"Ghostly","floor":46,"key":"SMITH"},{"data":"Ghostly","floor":49,"key":"SMITH"}],"circlet_count":0,"master_deck":["AscendersBane","Defend_B+1","Defend_B","Defend_B","Zap","Dualcast+1","Redo+1","Core Surge+1","Undo","Skim","Electrodynamics+1","White Noise+1","Ghostly+1","Ghostly+1","Ghostly","Ghostly+1","Ghostly+1","Reboot","Compile Driver+1","Coolheaded+1","Chaos+1","Ghostly+1","Defragment+1","Multi-Cast","Parasite","Recycle+1"],"relics":["FrozenCore","NeowsBlessing","Bronze Scales","Oddly Smooth Stone","Toy Ornithopter","Odd Mushroom","Runic Capacitor","Incense Burner","Eternal Feather","Astrolabe","Membership Card","Art of War","Sundial"],"acts_visited":["Exordium","TheCity","TheBeyond"],"potions_floor_usage":[16,16,50],"damage_taken":[{"damage":0,"enemies":"Jaw Worm","floor":1,"turns":1},{"damage":0,"enemies":"Small Slimes","floor":2,"turns":1},{"damage":0,"enemies":"Lagavulin","floor":7,"turns":1},{"damage":20,"enemies":"The Mushroom Lair","floor":11,"turns":4},{"damage":0,"enemies":"2 Louse","floor":13,"turns":1},{"damage":0,"enemies":"Large Slime","floor":14,"turns":5},{"damage":44,"enemies":"Hexaghost","floor":16,"turns":10},{"damage":11,"enemies":"Shell Parasite","floor":18,"turns":7},{"damage":1,"enemies":"Chosen","floor":22,"turns":5},{"damage":32,"enemies":"Book of Stabbing","floor":24,"turns":6},{"damage":18,"enemies":"Centurion and Healer","floor":27,"turns":6},{"damage":22,"enemies":"Cultist and Chosen","floor":30,"turns":5},{"damage":0,"enemies":"Collector","floor":33,"turns":12},{"damage":0,"enemies":"3 Darklings","floor":35,"turns":5},{"damage":0,"enemies":"Orb Walker","floor":41,"turns":6},{"damage":0,"enemies":"Transient","floor":42,"turns":5},{"damage":5,"enemies":"Giant Head","floor":45,"turns":11},{"damage":0,"enemies":"4 Shapes","floor":47,"turns":7},{"damage":0,"enemies":"Writhing Mass","floor":48,"turns":9},{"damage":0,"enemies":"Time Eater","floor":50,"turns":9}],"seed_played":"6521593120343938","potions_obtained":[{"floor":13,"key":"SpeedPotion"},{"floor":14,"key":"ColorlessPotion"},{"floor":16,"key":"Strength Potion"},{"floor":22,"key":"BlessingOfTheForge"},{"floor":24,"key":"GamblersBrew"},{"floor":27,"key":"SpeedPotion"},{"floor":45,"key":"LiquidMemories"}],"is_trial":false,"path_per_floor":["M","M","?","?","T","R","E","R","T","?","?","$","M","M","R","B",null,"M","$","?","$","M","R","E","R","T","M","R","?","M","?","R","B",null,"M","?","?","$","?","R","M","M","T","R","E","R","M","M","R","B",null],"character_chosen":"DEFECT","items_purchased":["Capacitor","Runic Capacitor","Membership Card"],"campfire_rested":3,"item_purchase_floors":[12,19,38],"current_hp_per_floor":[64,64,57,57,57,57,57,57,57,43,23,23,23,23,44,10,56,45,45,45,45,44,44,12,33,33,15,45,45,23,23,35,35,35,35,33,33,33,33,33,33,33,33,33,28,33,33,33,33,33],"gold":137,"neow_bonus":"THREE_ENEMY_KILL","is_daily":false,"chose_seed":false,"campfire_upgraded":7,"win_rate":0.0,"timestamp":1613984665,"path_taken":["M","M","?","?","?","R","E","R","T","?","?","$","M","M","R","BOSS","M","$","?","$","M","R","E","R","T","M","R","?","M","?","R","BOSS","M","?","?","$","?","R","?","M","T","R","E","R","M","?","R","BOSS"],"items_purchased_type":["Card","Relic","Relic"],"build_version":"2020-12-22","purchased_purges":1,"victory":true,"max_hp_per_floor":[71,71,71,71,71,71,71,71,71,71,71,71,71,71,71,71,71,71,71,71,71,71,71,71,71,71,71,71,71,71,35,35,35,35,35,33,33,33,33,33,33,33,33,33,33,33,33,33,33,33],"card_choices":[{"not_picked":["Turbo","Heatsinks"],"picked":"Redo","floor":1},{"not_picked":["Barrage","Sweeping Beam"],"picked":"Core Surge","floor":2},{"not_picked":["Consume","Barrage","Auto Shields"],"picked":"SKIP","floor":7},{"not_picked":["Hello World","Beam Cell"],"picked":"Undo","floor":11},{"not_picked":["Reprogram","Hello World"],"picked":"Skim","floor":13},{"not_picked":["Conserve Battery","Double Energy","Stack"],"picked":"SKIP","floor":14},{"not_picked":["Rainbow","Multi-Cast"],"picked":"Electrodynamics","floor":16},{"not_picked":["Steam","Cold Snap","Go for the Eyes"],"picked":"SKIP","floor":18},{"not_picked":["Chill","Go for the Eyes"],"picked":"White Noise+1","floor":22},{"not_picked":["Rebound+1","Blizzard","Meteor Strike"],"picked":"SKIP","floor":24},{"not_picked":["Turbo","Capacitor","Steam"],"picked":"SKIP","floor":27},{"not_picked":["Cold Snap","Rebound","Undo"],"picked":"SKIP","floor":30},{"not_picked":["Creative AI","Core Surge"],"picked":"Reboot","floor":33},{"not_picked":["Streamline","Skim+1","Leap"],"picked":"SKIP","floor":35},{"not_picked":["Redo","Steam+1","Coolheaded"],"picked":"SKIP","floor":41},{"not_picked":["Lockon","Hologram"],"picked":"Defragment","floor":42},{"not_picked":["Coolheaded","Rebound"],"picked":"Multi-Cast","floor":45},{"not_picked":["Redo+1","Stack","FTL"],"picked":"SKIP","floor":47},{"not_picked":["Sweeping Beam","Hologram"],"picked":"Recycle+1","floor":48}],"player_experience":562218,"relics_obtained":[{"floor":7,"key":"Oddly Smooth Stone"},{"floor":9,"key":"Toy Ornithopter"},{"floor":11,"key":"Odd Mushroom"},{"floor":24,"key":"Incense Burner"},{"floor":26,"key":"Eternal Feather"},{"floor":43,"key":"Art of War"},{"floor":45,"key":"Sundial"}],"event_choices":[{"damage_healed":0,"gold_gain":0,"player_choice":"Success","damage_taken":7,"relics_obtained":["Bronze Scales"],"max_hp_gain":0,"max_hp_loss":0,"event_name":"Scrap Ooze","floor":3,"gold_loss":0},{"damage_healed":0,"gold_gain":0,"player_choice":"Grow","damage_taken":0,"max_hp_gain":0,"max_hp_loss":0,"event_name":"Living Wall","floor":4,"gold_loss":0,"cards_upgraded":["Dualcast"]},{"damage_healed":0,"gold_gain":0,"player_choice":"Entered Light","damage_taken":14,"max_hp_gain":0,"max_hp_loss":0,"event_name":"Shining Light","floor":10,"gold_loss":0,"cards_upgraded":["Core Surge","Defend_B"]},{"damage_healed":0,"gold_gain":0,"player_choice":"Fought Mushrooms","damage_taken":0,"max_hp_gain":0,"max_hp_loss":0,"event_name":"Mushrooms","floor":11,"gold_loss":0},{"cards_removed":["Strike_B"],"damage_healed":0,"gold_gain":0,"player_choice":"Elegance","damage_taken":0,"max_hp_gain":0,"max_hp_loss":0,"event_name":"Back to Basics","floor":29,"gold_loss":0},{"damage_healed":0,"gold_gain":0,"player_choice":"Became a Ghost","damage_taken":0,"max_hp_gain":0,"max_hp_loss":36,"event_name":"Ghosts","floor":31,"gold_loss":0,"cards_obtained":["Ghostly","Ghostly","Ghostly","Ghostly","Ghostly"]},{"damage_healed":0,"gold_gain":0,"player_choice":"Max HP","damage_taken":0,"max_hp_gain":0,"max_hp_loss":2,"event_name":"Winding Halls","floor":36,"gold_loss":0},{"cards_removed":["Capacitor"],"damage_healed":0,"gold_gain":0,"player_choice":"Removed Power","damage_taken":0,"max_hp_gain":0,"max_hp_loss":0,"event_name":"Falling","floor":37,"gold_loss":0},{"damage_healed":0,"gold_gain":0,"player_choice":"Copied","damage_taken":0,"max_hp_gain":0,"max_hp_loss":0,"event_name":"Duplicator","floor":39,"gold_loss":0,"cards_obtained":["Ghostly"]}],"is_beta":false,"boss_relics":[{"not_picked":["Fusion Hammer","Velvet Choker"],"picked":"FrozenCore"},{"not_picked":["Calling Bell","Tiny House"],"picked":"Astrolabe"}],"items_purged_floors":[12],"is_endless":false,"potions_floor_spawned":[13,14,16,22,24,27,30,42,45,47],"ascension_level":14}}