{"host":"dt8tt9y5uobrbn6j","time":1613973440,"event":{"mods":["Act Like it!","BaseMod","Better Third Choice","BetterRewards","Bossed Relics","Card Forge","Colored Powertips","Conspire","Dota2Spire","Minty Spire (QoL Compilation)","Quick Restart","Relic Stats","Reliquary","Retaliation","Ruina","Shop Mod","StSLib","¡¾ÒÅÎï¿¨ÅÆ¡¿REMEMod","óô»ðÖ¸ÄÏ"],"gold_per_floor":[129,145,141,172,184,219,119,133,187,174,49,63,63,68,68,142,142,157,7,27,25,1059,431,441,563,586,615,633,651,661,681,416,489,489,504,515,515,515,790,804,834,834,859,689,701,734,421,449,449,409,369,369,307,407,440,10],"floor_reached":57,"language":"ZHS","playtime":3708,"items_purged":["Strike_R","Strike_R","Armaments","Bash","Strike_R","Strike_R","Strike_R"],"score":4375,"play_id":"d9693a61-e67c-45f1-b604-c164dc18e05f","local_time":"20210222135720","is_ascension_mode":true,"campfire_choices":[{"floor":15.0,"key":"RECALL"}],"circlet_count":0,"master_deck":["AscendersBane","Defend_R","Defend_R","Defend_R","Defend_R","Apotheosis+1","conspire:Banana","Whirlwind","Havoc","Shockwave","Berserk","Body Slam+1","Burning Pact+1","REME_Scribble+1","Entrench+1","Sentinel+1"],"relics":["Burning Blood","Hammer of Thor","Seething Fire","Anvil of the Gods","REME_ComplimentaryCards","Strange Spoon","Dota2Spire:PhaseBoots","conspire:TreasureMap","Chemical X","TheAbacus","Potion Belt","reliquary:BrokenClock","PreservedInsect","REME_OnlineShoppingPlatform","MerchantsRug","Omamori","Toy Ornithopter","Anchor","Meat on the Bone","Blue Candle","TungstenRod","Dota2Spire:MagicBottle","Bird Faced Urn","reliquary:Knoch","reliquary:RosewoodLute","Mark of Pain","The Courier","HandDrill","MealTicket","WingedGreaves","reliquary:SharkskinSheath","Dota2Spire:ArcaneBoots","Dota2Spire:DrumOfEndurance","conspire:DeflatedDodgeball","Membership Card","Turnip","Philosopher\u0027s Stone","DDmod:BarbedSlagRelic","Dota2Spire:Desolator","Dota2Spire:CrimsonGuard","Oddly Smooth Stone","reliquary:Vitrine","Lizard Tail","Mango","Dota2Spire:EchoSabre","reliquary:Bookmark","Shovel","Bag of Preparation","War Paint","Frozen Eye","Happy Flower","REME_LimitBreaker","Vajra","reliquary:RoseTintedGlasses","reliquary:MedicineBall","Bag of Preparation","conspire:BottledYoYo"],"acts_visited":["Exordium","ruina:Briah","TheBeyond","TheEnding"],"potions_floor_usage":[56,56,56,56,56,56,56,56,56,56,56,56,56,56,56,56,56,56,56,56,56,56,56,56,56,56,56,56,56],"damage_taken":[{"damage":2.0,"enemies":"Cultist","floor":1.0,"turns":3.0},{"damage":2.0,"enemies":"Jaw Worm","floor":2.0,"turns":2.0},{"damage":3.0,"enemies":"Small Slimes","floor":3.0,"turns":3.0},{"damage":35.0,"enemies":"3 Louse","floor":5.0,"turns":4.0},{"damage":16.0,"enemies":"Lagavulin","floor":6.0,"turns":4.0},{"damage":12.0,"enemies":"3 Sentries","floor":8.0,"turns":3.0},{"damage":1.0,"enemies":"Gremlin Nob","floor":10.0,"turns":2.0},{"damage":0.0,"enemies":"Gremlin Gang","floor":12.0,"turns":1.0},{"damage":0.0,"enemies":"3 Sentries","floor":14.0,"turns":2.0},{"damage":4.0,"enemies":"Slime Boss","floor":16.0,"turns":4.0},{"damage":2.0,"enemies":"ruina:2_Scarecrows","floor":18.0,"turns":3.0},{"damage":83.0,"enemies":"ruina:3_Bats","floor":20.0,"turns":7.0},{"damage":52.0,"enemies":"ruina:QueenOfHate","floor":21.0,"turns":9.0},{"damage":9.0,"enemies":"ruina:Mountain","floor":24.0,"turns":6.0},{"damage":15.0,"enemies":"ruina:ServantOfWrath","floor":27.0,"turns":3.0},{"damage":15.0,"enemies":"ruina:KingOfGreed","floor":28.0,"turns":4.0},{"damage":63.0,"enemies":"ruina:KnightOfDespair","floor":29.0,"turns":5.0},{"damage":3.0,"enemies":"ruina:RoadHome","floor":30.0,"turns":2.0},{"damage":9.0,"enemies":"ruina:3_Scarecrows","floor":31.0,"turns":3.0},{"damage":9.0,"enemies":"ruina:JesterOfNihil","floor":33.0,"turns":7.0},{"damage":4.0,"enemies":"Orb Walker","floor":35.0,"turns":2.0},{"damage":83.0,"enemies":"3 Darklings","floor":36.0,"turns":4.0},{"damage":37.0,"enemies":"Transient","floor":40.0,"turns":6.0},{"damage":7.0,"enemies":"Giant Head","floor":41.0,"turns":4.0},{"damage":10.0,"enemies":"Sphere and 2 Shapes","floor":45.0,"turns":5.0},{"damage":38.0,"enemies":"Nemesis","floor":46.0,"turns":5.0},{"damage":4.0,"enemies":"Reptomancer","floor":48.0,"turns":2.0},{"damage":14.0,"enemies":"Donu and Deca","floor":50.0,"turns":4.0},{"damage":4.0,"enemies":"Awakened One","floor":51.0,"turns":9.0},{"damage":4.0,"enemies":"Shield and Spear","floor":55.0,"turns":2.0},{"damage":8,"enemies":"The Heart","floor":56,"turns":6}],"seed_played":"-7381655010761143452","potions_obtained":[],"is_trial":false,"path_per_floor":["M","M","M","$","M","E","R","E","T","E","R","M","?","E","R","B",null,"M","$","M","M","$","R","E","$","T","E","M","M","E","M","R","B",null,"M","M","$","?","?","M","E","?","T","$","M","E","R","E","R","B","B",null,"R","$","E","B",null],"character_chosen":"IRONCLAD","items_purchased":["Strange Spoon","Armaments","REME_Scribble","Dota2Spire:PhaseBoots","conspire:TreasureMap","Body Slam","Apotheosis","Chemical X","TheAbacus","Potion Belt","conspire:Banana","reliquary:BrokenClock","PreservedInsect","Whirlwind","REME_OnlineShoppingPlatform","MerchantsRug","Omamori","Toy Ornithopter","Anchor","Meat on the Bone","Blue Candle","TungstenRod","The Courier","HandDrill","Burning Pact","WingedGreaves","reliquary:SharkskinSheath","Membership Card","Turnip","Oddly Smooth Stone","reliquary:Vitrine","Mango","Dota2Spire:EchoSabre","reliquary:Bookmark","Shovel","Bag of Preparation","Frozen Eye","Happy Flower","REME_LimitBreaker","Vajra","reliquary:RoseTintedGlasses","reliquary:MedicineBall","Bag of Preparation","conspire:BottledYoYo"],"campfire_rested":0,"item_purchase_floors":[0,0,0,0,0,0,0,0,0,0,0,0,0,0,0,0,0,0,0,0,0,0,23,23,23,25,25,32,32,44,44,47,47,47,47,47,53,53,53,53,53,53,54,54],"current_hp_per_floor":[56,63,76,76,64,59,59,63,63,81,81,87,87,98,98,107,112,117,117,62,47,47,47,68,83,83,84,98,64,94,99,99,111,176,188,122,137,137,137,130,144,191,191,206,220,197,211,222,222,248,274,305,315,320,327,346],"gold":10,"neow_bonus":"","is_daily":false,"chose_seed":false,"campfire_upgraded":0,"win_rate":0.0,"timestamp":1613973440,"path_taken":["M","?","M","$","M","E","R","E","T","E","R","M","?","E","R","BOSS","M","$","M","?","$","R","E","$","T","E","M","M","E","M","R","BOSS","M","?","$","?","?","?","E","?","T","$","M","E","R","E","R","BOSS","BOSS","R","$","E","BOSS"],"items_purchased_type":["Relic","Card","Card","Relic","Relic","Card","Card","Relic","Relic","Relic","Card","Relic","Relic","Card","Relic","Relic","Relic","Relic","Relic","Relic","Relic","Relic","Relic","Relic","Card","Relic","Relic","Relic","Relic","Relic","Relic","Relic","Relic","Relic","Relic","Relic","Relic","Relic","Relic","Relic","Relic","Relic","Relic","Relic"],"build_version":"2020-12-22","purchased_purges":7,"victory":true,"max_hp_per_floor":[80,83,88,88,93,98,98,103,103,106,106,106,106,106,106,113,113,117,117,125,139,139,139,144,144,144,152,161,170,178,184,184,197,197,205,214,214,214,214,224,237,237,237,237,253,260,274,281,281,303,315,315,320,320,327,346],"relic_stats":{"Happy Flower":[2],"counters":[99,460],"Blue Candle":[32],"PreservedInsect":642,"Bag of Preparation":[14],"War Paint":["Entrench","Burning Pact"],"Burning Blood":487,"Strange Spoon":[116],"Lizard Tail":0,"TheAbacus":[618],"Shovel":6,"Bird Faced Urn":[37],"MealTicket":50,"Turnip":[7],"HandDrill":[100],"Chemical X":[126],"obtain_stats":[{"Dota2Spire:PowerTreads":55,"reliquary:Tamtam":0,"Bottled Tornado":36,"Old Coin":42,"Sundial":0,"MealTicket":24,"HandDrill":0,"reliquary:FingerTrap":0,"MerchantsRug":36,"conspire:TreasureMap":0,"Blue Candle":0,"REME_LimitBreaker":45,"Akabeko":10,"reliquary:Bookmark":0,"DDmod:StuhbiRelic":22,"Bird Faced Urn":8,"reliquary:SculptingSteel":43,"Mark of Pain":17,"reliquary:BrokenClock":0,"conspire:BottledYoYo":54,"Dota2Spire:PhaseBoots":22,"Dota2Spire:EchoSabre":47,"Lantern":0,"Regal Pillow":7,"Dota2Spire:OrchidMalevolence":31,"Bag of Preparation":47,"Smiling Mask":48,"Burning Blood":0,"reliquary:TridentHead":0,"Shovel":0,"reliquary:Buckler":0,"WingedGreaves":25,"Dota2Spire:AssaultCuirass":49,"Chemical X":0,"Dota2Spire:ArcaneBoots":26,"InkBottle":17,"Potion Belt":11,"Lee\u0027s Waffle":45,"Dota2Spire:MantaStyle":9,"The Courier":40,"PreservedInsect":0,"Omamori":0,"Seething Fire":0,"reliquary:RosewoodLute":14,"Turnip":32,"Dota2Spire:OctarineCore":38,"Champion Belt":32,"conspire:DeflatedDodgeball":30,"Toy Ornithopter":0,"REME_ComplimentaryCards":0,"Dota2Spire:MaskOfMadness":23,"Gremlin Horn":3,"Dota2Spire:ArmletOfMordiggian":14,"Vajra":53,"Hammer of Thor":0,"Dota2Spire:RefresherOrb":34,"Dota2Spire:ShadowBlade":53,"reliquary:QuartzCube":0,"Dota2Spire:MagicBottle":6,"Lizard Tail":46,"Dota2Spire:CrimsonGuard":8,"Philosopher\u0027s Stone":34,"reliquary:Vitrine":15,"REME_OnlineShoppingPlatform":36,"reliquary:SharkskinSheath":25,"Dota2Spire:HandOfMidas":31,"Girya":23,"Happy Flower":46,"Dead Branch":17,"Oddly Smooth Stone":44,"War Paint":48,"Question Card":0,"Bottled Flame":45,"conspire:GiftBox":40,"reliquary:PorcupineQuills":27,"Anvil of the Gods":0,"Brimstone":0,"reliquary:MedicineBall":53,"reliquary:Knoch":10,"Dota2Spire:MonkeyKingBar":53,"Meat on the Bone":0,"Dota2Spire:Desolator":41,"reliquary:Firecrackers":25,"Mango":0,"Dota2Spire:DrumOfEndurance":46,"PrismaticShard":0,"Frozen Eye":20,"reliquary:HotPoker":43,"TheAbacus":37,"Mummified Hand":48,"Gambling Chip":12,"reliquary:RoseTintedGlasses":53,"Red Skull":55,"Runic Pyramid":17,"Medical Kit":45,"reliquary:IridiumChain":7,"Calling Bell":17,"Strange Spoon":0,"CaptainsWheel":26,"Anchor":0,"Dota2Spire:LinkenSphere":14,"Coffee Dripper":34,"Bag of Marbles":49,"Membership Card":32,"DDmod:BarbedSlagRelic":36,"TungstenRod":0},{"Dota2Spire:PowerTreads":33,"reliquary:Tamtam":0,"Bottled Tornado":55,"Old Coin":27,"Sundial":34,"MealTicket":82,"HandDrill":0,"reliquary:FingerTrap":0,"MerchantsRug":55,"conspire:TreasureMap":68,"Blue Candle":34,"REME_LimitBreaker":61,"Akabeko":6,"reliquary:Bookmark":34,"DDmod:StuhbiRelic":46,"Bird Faced Urn":74,"reliquary:SculptingSteel":60,"Mark of Pain":78,"reliquary:BrokenClock":0,"conspire:BottledYoYo":97,"Dota2Spire:PhaseBoots":14,"Dota2Spire:EchoSabre":94,"Lantern":0,"Regal Pillow":5,"Dota2Spire:OrchidMalevolence":53,"Bag of Preparation":94,"Smiling Mask":30,"Burning Blood":0,"reliquary:TridentHead":0,"Shovel":0,"reliquary:Buckler":0,"WingedGreaves":82,"Dota2Spire:AssaultCuirass":30,"Chemical X":34,"Dota2Spire:ArcaneBoots":82,"InkBottle":42,"Potion Belt":39,"Lee\u0027s Waffle":28,"Dota2Spire:MantaStyle":37,"The Courier":25,"PreservedInsect":68,"Omamori":68,"Seething Fire":0,"reliquary:RosewoodLute":77,"Turnip":87,"Dota2Spire:OctarineCore":24,"Champion Belt":21,"conspire:DeflatedDodgeball":86,"Toy Ornithopter":68,"REME_ComplimentaryCards":0,"Dota2Spire:MaskOfMadness":15,"Gremlin Horn":2,"Dota2Spire:ArmletOfMordiggian":10,"Vajra":97,"Hammer of Thor":0,"Dota2Spire:RefresherOrb":22,"Dota2Spire:ShadowBlade":66,"reliquary:QuartzCube":0,"Dota2Spire:MagicBottle":73,"Lizard Tail":94,"Dota2Spire:CrimsonGuard":5,"Philosopher\u0027s Stone":88,"reliquary:Vitrine":10,"REME_OnlineShoppingPlatform":55,"reliquary:SharkskinSheath":82,"Dota2Spire:HandOfMidas":21,"Girya":47,"Happy Flower":29,"Dead Branch":42,"Oddly Smooth Stone":92,"War Paint":95,"Question Card":34,"Bottled Flame":28,"conspire:GiftBox":59,"reliquary:PorcupineQuills":17,"Anvil of the Gods":0,"Brimstone":34,"reliquary:MedicineBall":97,"reliquary:Knoch":75,"Dota2Spire:MonkeyKingBar":32,"Meat on the Bone":68,"Dota2Spire:Desolator":92,"reliquary:Firecrackers":16,"Mango":0,"Dota2Spire:DrumOfEndurance":62,"PrismaticShard":0,"Frozen Eye":12,"reliquary:HotPoker":27,"TheAbacus":23,"Mummified Hand":64,"Gambling Chip":8,"reliquary:RoseTintedGlasses":97,"Red Skull":67,"Runic Pyramid":11,"Medical Kit":61,"reliquary:IridiumChain":37,"Calling Bell":42,"Strange Spoon":68,"CaptainsWheel":16,"Anchor":68,"Dota2Spire:LinkenSphere":41,"Coffee Dripper":54,"Bag of Marbles":64,"Membership Card":87,"DDmod:BarbedSlagRelic":23,"TungstenRod":68},{"Dota2Spire:PowerTreads":110,"reliquary:Tamtam":0,"Bottled Tornado":205,"Old Coin":91,"Sundial":119,"MealTicket":387,"HandDrill":0,"reliquary:FingerTrap":0,"MerchantsRug":205,"conspire:TreasureMap":334,"Blue Candle":119,"REME_LimitBreaker":218,"Akabeko":17,"reliquary:Bookmark":119,"DDmod:StuhbiRelic":164,"Bird Faced Urn":353,"reliquary:SculptingSteel":216,"Mark of Pain":362,"reliquary:BrokenClock":0,"conspire:BottledYoYo":452,"Dota2Spire:PhaseBoots":49,"Dota2Spire:EchoSabre":437,"Lantern":0,"Regal Pillow":11,"Dota2Spire:OrchidMalevolence":194,"Bag of Preparation":437,"Smiling Mask":100,"Burning Blood":0,"reliquary:TridentHead":0,"Shovel":0,"reliquary:Buckler":0,"WingedGreaves":387,"Dota2Spire:AssaultCuirass":100,"Chemical X":119,"Dota2Spire:ArcaneBoots":387,"InkBottle":147,"Potion Belt":131,"Lee\u0027s Waffle":94,"Dota2Spire:MantaStyle":128,"The Courier":85,"PreservedInsect":334,"Omamori":334,"Seething Fire":0,"reliquary:RosewoodLute":358,"Turnip":404,"Dota2Spire:OctarineCore":83,"Champion Belt":70,"conspire:DeflatedDodgeball":401,"Toy Ornithopter":334,"REME_ComplimentaryCards":0,"Dota2Spire:MaskOfMadness":53,"Gremlin Horn":2,"Dota2Spire:ArmletOfMordiggian":29,"Vajra":452,"Hammer of Thor":0,"Dota2Spire:RefresherOrb":79,"Dota2Spire:ShadowBlade":253,"reliquary:QuartzCube":0,"Dota2Spire:MagicBottle":350,"Lizard Tail":437,"Dota2Spire:CrimsonGuard":11,"Philosopher\u0027s Stone":411,"reliquary:Vitrine":29,"REME_OnlineShoppingPlatform":205,"reliquary:SharkskinSheath":387,"Dota2Spire:HandOfMidas":70,"Girya":168,"Happy Flower":97,"Dead Branch":147,"Oddly Smooth Stone":427,"War Paint":439,"Question Card":119,"Bottled Flame":94,"conspire:GiftBox":213,"reliquary:PorcupineQuills":58,"Anvil of the Gods":0,"Brimstone":119,"reliquary:MedicineBall":452,"reliquary:Knoch":355,"Dota2Spire:MonkeyKingBar":109,"Meat on the Bone":334,"Dota2Spire:Desolator":427,"reliquary:Firecrackers":56,"Mango":0,"Dota2Spire:DrumOfEndurance":220,"PrismaticShard":0,"Frozen Eye":45,"reliquary:HotPoker":91,"TheAbacus":82,"Mummified Hand":225,"Gambling Chip":24,"reliquary:RoseTintedGlasses":452,"Red Skull":254,"Runic Pyramid":42,"Medical Kit":218,"reliquary:IridiumChain":128,"Calling Bell":147,"Strange Spoon":334,"CaptainsWheel":56,"Anchor":334,"Dota2Spire:LinkenSphere":139,"Coffee Dripper":200,"Bag of Marbles":225,"Membership Card":404,"DDmod:BarbedSlagRelic":82,"TungstenRod":334}],"Toy Ornithopter":88,"TungstenRod":121,"Meat on the Bone":108},"card_choices":[{"not_picked":["Flex","DDmod:EasePowerCard"],"picked":"Havoc","floor":1.0},{"not_picked":["Thunderclap","Pommel Strike","Heavy Blade"],"picked":"SKIP","floor":2.0},{"not_picked":["DDmod:AllInSkill","Havoc"],"picked":"Shockwave","floor":3.0},{"not_picked":["DDmod:CallousedSkill","Havoc","Cleave"],"picked":"SKIP","floor":5.0},{"not_picked":["Perfected Strike","Intimidate","Twin Strike"],"picked":"SKIP","floor":6.0},{"not_picked":["DDmod:EasePowerCard","DDmod:SpikedSkill","Thunderclap"],"picked":"SKIP","floor":8.0},{"not_picked":["DDmod:EasePowerCard","Inflame","Reaper"],"picked":"SKIP","floor":10.0},{"not_picked":["Perfected Strike","DDmod:SpikedSkill","Flex"],"picked":"SKIP","floor":12.0},{"not_picked":["Flex","Intimidate","Uppercut"],"picked":"SKIP","floor":14.0},{"not_picked":["Reaper","Juggernaut"],"picked":"Berserk","floor":16.0},{"not_picked":["Perfected Strike","conspire:ExplosiveBarrier","conspire:Charge"],"picked":"SKIP","floor":18.0},{"not_picked":["Disarm","Headbutt","Twin Strike"],"picked":"SKIP","floor":20.0},{"not_picked":["Heavy Blade","Warcry"],"picked":"Body Slam+1","floor":21.0},{"not_picked":["Twin Strike+1","Hemokinesis","DDmod:RapidStrikeAttack"],"picked":"SKIP","floor":24.0},{"not_picked":["Flex","DDmod:BurningFumesPowerCard","Clothesline"],"picked":"SKIP","floor":27.0},{"not_picked":["DDmod:SpikedSkill+1","Wild Strike+1"],"picked":"REME_Scribble+1","floor":28.0},{"not_picked":["True Grit","Cleave","Havoc+1"],"picked":"SKIP","floor":29.0},{"not_picked":["Clash","Power Through","DDmod:CallousedSkill"],"picked":"SKIP","floor":30.0},{"not_picked":["Hemokinesis+1","Sword Boomerang","Feel No Pain"],"picked":"SKIP","floor":31.0},{"not_picked":["DDmod:UnstoppableAttack","True Grit","Thunderclap+1"],"picked":"SKIP","floor":35.0},{"not_picked":["Disarm","Sword Boomerang","Pommel Strike"],"picked":"SKIP","floor":36.0},{"not_picked":["Flex+1","Body Slam"],"picked":"Entrench","floor":40.0},{"not_picked":["Body Slam","REME_Scribble","REME_TheLastStrike"],"picked":"SKIP","floor":41.0},{"not_picked":["Metallicize","Uppercut+1","Bloodletting"],"picked":"SKIP","floor":45.0},{"not_picked":["DDmod:RapidStrikeAttack","Bloodletting","Sword Boomerang"],"picked":"SKIP","floor":46.0},{"not_picked":["Whirlwind","Armaments","Heavy Blade"],"picked":"SKIP","floor":48.0},{"not_picked":["Disarm","REME_Fury"],"picked":"Sentinel+1","floor":55.0}],"player_experience":917166,"relics_obtained":[{"floor":6.0,"key":"Dota2Spire:MagicBottle"},{"floor":8.0,"key":"Bird Faced Urn"},{"floor":10.0,"key":"reliquary:Knoch"},{"floor":14.0,"key":"reliquary:RosewoodLute"},{"floor":24.0,"key":"MealTicket"},{"floor":26.0,"key":"Dota2Spire:ArcaneBoots"},{"floor":27.0,"key":"Dota2Spire:DrumOfEndurance"},{"floor":30.0,"key":"conspire:DeflatedDodgeball"},{"floor":41.0,"key":"Dota2Spire:Desolator"},{"floor":43.0,"key":"Dota2Spire:CrimsonGuard"},{"floor":46.0,"key":"Lizard Tail"},{"floor":48.0,"key":"War Paint"}],"event_choices":[{"damage_healed":0.0,"max_hp_gain":0.0,"max_hp_loss":0.0,"gold_gain":0.0,"event_name":"Upgrade Shrine","player_choice":"Upgraded","floor":13.0,"gold_loss":0.0,"damage_taken":0.0,"cards_upgraded":["Apotheosis"]},{"damage_healed":0.0,"max_hp_gain":0.0,"max_hp_loss":0.0,"gold_gain":275.0,"event_name":"Golden Shrine","player_choice":"Desecrate","floor":39.0,"gold_loss":0.0,"damage_taken":0.0,"cards_obtained":["Regret"]},{"damage_healed":47.0,"max_hp_gain":0.0,"max_hp_loss":0.0,"gold_gain":0.0,"event_name":"Winding Halls","player_choice":"Writhe","floor":42.0,"gold_loss":0.0,"damage_taken":0.0,"cards_obtained":["Writhe"]}],"is_beta":false,"boss_relics":[{"not_picked":["conspire:SeveredTorchhead","REME_LowDesire"],"picked":"Mark of Pain"},{"not_picked":["conspire:SlowCooker","reliquary:RedCape"],"picked":"Philosopher\u0027s Stone"}],"items_purged_floors":[4,7,11,19,22,23,25],"is_endless":false,"potions_floor_spawned":[2,6,10,14,18,20,28,30,33,40,41,48,55],"ascension_level":20}}