{"host":"nptej036rrbiurf5","time":1613974619,"event":{"mods":["BaseMod","Colored Map","Colored Powertips","DeckTracker","Minty Spire (QoL Compilation)","StSLib","SuperFastMode"],"gold_per_floor":[115,115,40,66,85,85,111,111,111,123,137,172,189,222,222,293,293,305,316,327,339,19,19,30,30,53,53,63,93,107,133,133,207,207,217,60,60,60,83,83,95,110,110,110,110],"floor_reached":44,"language":"KOR","playtime":1045,"items_purged":[],"score":1065,"play_id":"43f00fe6-25aa-4650-9ea7-68bf87e6b3ab","local_time":"20210222151659","is_ascension_mode":true,"campfire_choices":[{"data":"Zap","floor":6.0,"key":"SMITH"},{"data":"Biased Cognition","floor":8.0,"key":"SMITH"},{"data":"Tempest","floor":15.0,"key":"SMITH"},{"floor":23.0,"key":"REST"},{"floor":25.0,"key":"REST"},{"data":"Defragment","floor":27.0,"key":"SMITH"},{"floor":32.0,"key":"REST"},{"data":"Panacea","floor":40,"key":"SMITH"}],"circlet_count":0,"master_deck":["AscendersBane","Strike_B+1","Defend_B","Defend_B","Zap+1","Dualcast","Ball Lightning+1","Glacier","Coolheaded","Biased Cognition+1","FTL","Tempest+1","Go for the Eyes","Thunder Strike","Leap+1","Skim+1","All For One+1","Defragment+1","Capacitor","Turbo+1","Lockon","Electrodynamics","Turbo+1","Aggregate","Fusion+1","Panacea+1","Capacitor"],"relics":["Cracked Core","NeowsBlessing","DataDisk","Singing Bowl","Ornamental Fan","Whetstone","StoneCalendar","Astrolabe","Calipers","Toy Ornithopter","Strawberry","Orichalcum","Runic Pyramid","Orrery","PreservedInsect"],"acts_visited":["Exordium","TheCity","TheBeyond"],"potions_floor_usage":[],"damage_taken":[{"damage":0.0,"enemies":"Small Slimes","floor":1.0,"turns":1.0},{"damage":0.0,"enemies":"Jaw Worm","floor":5.0,"turns":1.0},{"damage":0.0,"enemies":"Gremlin Nob","floor":7.0,"turns":1.0},{"damage":0.0,"enemies":"2 Louse","floor":10.0,"turns":2.0},{"damage":0.0,"enemies":"Blue Slaver","floor":11.0,"turns":3.0},{"damage":0.0,"enemies":"Lagavulin","floor":12.0,"turns":5.0},{"damage":0.0,"enemies":"Gremlin Gang","floor":13.0,"turns":3.0},{"damage":7.0,"enemies":"3 Sentries","floor":14.0,"turns":6.0},{"damage":2.0,"enemies":"Hexaghost","floor":16.0,"turns":7.0},{"damage":16.0,"enemies":"3 Byrds","floor":18.0,"turns":3.0},{"damage":19.0,"enemies":"2 Thieves","floor":19.0,"turns":4.0},{"damage":0.0,"enemies":"Snake Plant","floor":20.0,"turns":4.0},{"damage":23.0,"enemies":"Shelled Parasite and Fungi","floor":21.0,"turns":4.0},{"damage":15.0,"enemies":"Chosen and Byrds","floor":24.0,"turns":4.0},{"damage":6.0,"enemies":"Centurion and Healer","floor":28.0,"turns":3.0},{"damage":18.0,"enemies":"Gremlin Leader","floor":29.0,"turns":3.0},{"damage":15.0,"enemies":"Snake Plant","floor":30.0,"turns":3.0},{"damage":12.0,"enemies":"Book of Stabbing","floor":31.0,"turns":4.0},{"damage":22.0,"enemies":"Collector","floor":33.0,"turns":6.0},{"damage":0.0,"enemies":"3 Shapes","floor":35.0,"turns":2.0},{"damage":42,"enemies":"3 Darklings","floor":41,"turns":4},{"damage":35,"enemies":"Jaw Worm Horde","floor":42,"turns":4},{"damage":8,"enemies":"Transient","floor":44,"turns":1}],"seed_played":"-8968292461664490182","potions_obtained":[{"floor":1.0,"key":"Swift Potion"},{"floor":7.0,"key":"Dexterity Potion"},{"floor":12.0,"key":"AttackPotion"},{"floor":14.0,"key":"GamblersBrew"},{"floor":18.0,"key":"FearPotion"},{"floor":20.0,"key":"Energy Potion"},{"floor":29.0,"key":"LiquidBronze"},{"floor":31.0,"key":"Swift Potion"},{"floor":33.0,"key":"LiquidBronze"},{"floor":35.0,"key":"Strength Potion"}],"is_trial":false,"path_per_floor":["M","?","?","T","M","R","E","R","T","M","M","E","M","E","R","B",null,"M","M","M","M","$","R","M","R","T","R","M","E","M","E","R","B",null,"M","$","?","?","T","R","M","M","T","M"],"character_chosen":"DEFECT","items_purchased":["Calipers","Orrery"],"campfire_rested":3,"item_purchase_floors":[22,36],"current_hp_per_floor":[64,64,64,64,64,64,64,64,64,64,66,66,66,61,61,59,71,55,36,36,15,15,38,25,48,48,48,49,40,27,15,42,30,77,79,83,77,77,77,77,37,2,2,0,0],"gold":110,"neow_bonus":"THREE_ENEMY_KILL","is_daily":false,"chose_seed":false,"campfire_upgraded":5,"win_rate":0.0,"timestamp":1613974619,"path_taken":["M","?","?","?","M","R","E","R","T","M","M","E","M","E","R","BOSS","M","M","M","M","$","R","M","R","T","R","M","E","M","E","R","BOSS","M","$","?","?","?","R","?","M","T","M"],"items_purchased_type":["Relic","Relic"],"build_version":"2020-12-22","purchased_purges":0,"victory":false,"max_hp_per_floor":[71,71,71,71,71,71,71,71,71,71,73,73,73,75,75,75,75,75,75,75,77,77,77,79,79,79,79,81,90,92,92,92,92,92,94,98,102,97,97,97,99,99,99,99,99],"card_choices":[{"not_picked":["Sweeping Beam","Go for the Eyes"],"picked":"Ball Lightning","floor":1.0},{"not_picked":["Stack","FTL"],"picked":"Coolheaded","floor":5.0},{"not_picked":["Machine Learning","Aggregate"],"picked":"Biased Cognition","floor":7.0},{"not_picked":["Gash","Compile Driver"],"picked":"FTL","floor":10.0},{"not_picked":["Leap","Skim","Scrape"],"picked":"Singing Bowl","floor":11.0},{"not_picked":["Gash","Conserve Battery"],"picked":"Tempest","floor":12.0},{"not_picked":["Reprogram","Coolheaded"],"picked":"Go for the Eyes","floor":13.0},{"not_picked":["Streamline","Coolheaded","Conserve Battery"],"picked":"Singing Bowl","floor":14.0},{"not_picked":["Machine Learning","Creative AI"],"picked":"Thunder Strike","floor":16.0},{"not_picked":["Force Field","Turbo"],"picked":"Defragment","floor":18.0},{"not_picked":["Ball Lightning","Compile Driver+1"],"picked":"Capacitor","floor":19.0},{"not_picked":["Streamline","Redo"],"picked":"Turbo+1","floor":20.0},{"not_picked":["Loop","Genetic Algorithm","Conserve Battery"],"picked":"Singing Bowl","floor":21.0},{"not_picked":["Hologram","Chaos","Beam Cell"],"picked":"Singing Bowl","floor":24.0},{"not_picked":["Turbo","Hologram","Ball Lightning"],"picked":"Singing Bowl","floor":28.0},{"not_picked":["Meteor Strike","Go for the Eyes","Cold Snap"],"picked":"Singing Bowl","floor":29.0},{"not_picked":["FTL","Go for the Eyes","Leap"],"picked":"Singing Bowl","floor":30.0},{"not_picked":["Stack","Conserve Battery+1"],"picked":"Lockon","floor":31.0},{"not_picked":["Fission","Multi-Cast"],"picked":"Electrodynamics","floor":33.0},{"not_picked":["Reinforced Body+1","Barrage","Hologram"],"picked":"Singing Bowl","floor":35.0},{"not_picked":["Conserve Battery","Steam"],"picked":"Turbo+1","floor":36},{"not_picked":["Cold Snap","Sweeping Beam","Streamline"],"picked":"Singing Bowl","floor":36},{"not_picked":["Beam Cell","Thunder Strike"],"picked":"Aggregate","floor":36},{"not_picked":["Turbo","Go for the Eyes+1"],"picked":"Fusion+1","floor":36},{"not_picked":["Redo","Self Repair","Turbo+1"],"picked":"Singing Bowl","floor":36},{"not_picked":["Madness","Good Instincts","Secret Weapon"],"picked":"Singing Bowl","floor":37},{"not_picked":["Madness","Dramatic Entrance","Sadistic Nature"],"picked":"Singing Bowl","floor":37},{"not_picked":["Madness","Jack Of All Trades"],"picked":"Panacea","floor":37},{"not_picked":["Ball Lightning","Auto Shields","Sunder"],"picked":"Singing Bowl","floor":41},{"not_picked":["Consume","Conserve Battery+1"],"picked":"Capacitor","floor":42}],"player_experience":1005688,"relics_obtained":[{"floor":4.0,"key":"DataDisk"},{"floor":7.0,"key":"Singing Bowl"},{"floor":9.0,"key":"Ornamental Fan"},{"floor":12.0,"key":"Whetstone"},{"floor":14.0,"key":"StoneCalendar"},{"floor":26.0,"key":"Toy Ornithopter"},{"floor":29.0,"key":"Strawberry"},{"floor":31.0,"key":"Orichalcum"},{"floor":43,"key":"PreservedInsect"}],"event_choices":[{"damage_healed":0.0,"max_hp_gain":0.0,"max_hp_loss":0.0,"gold_gain":0.0,"cards_transformed":["Strike_B"],"event_name":"Living Wall","player_choice":"Change","floor":2.0,"gold_loss":0.0,"damage_taken":0.0,"cards_obtained":["Glacier"]},{"cards_removed":["Strike_B"],"damage_healed":0.0,"max_hp_gain":0.0,"max_hp_loss":0.0,"gold_gain":0.0,"event_name":"The Cleric","player_choice":"Card Removal","floor":3.0,"gold_loss":75.0,"damage_taken":0.0},{"damage_healed":0,"gold_gain":0,"player_choice":"Memory 3","damage_taken":10,"max_hp_gain":0,"max_hp_loss":0,"event_name":"SensoryStone","floor":37,"gold_loss":0},{"damage_healed":0,"gold_gain":0,"player_choice":"Max HP","damage_taken":0,"max_hp_gain":0,"max_hp_loss":5,"event_name":"Winding Halls","floor":38,"gold_loss":0}],"is_beta":false,"boss_relics":[{"not_picked":["Coffee Dripper","Busted Crown"],"picked":"Astrolabe"},{"not_picked":["Snecko Eye","Tiny House"],"picked":"Runic Pyramid"}],"items_purged_floors":[],"is_endless":false,"potions_floor_spawned":[1,7,12,14,18,20,21,29,31,33,35,42],"killed_by":"Transient","ascension_level":20}}