{"host":"aceejw9th3i5ney6","time":1613970651,"event":{"mods":["2.2 Compatiblity","A Penny For Your Troubles","AchievementEnabler","Act Like it!","Alarm Clock","Ascension Unlocker","Aspiration","BaseMod","Better Synergies","Better-Laid Plans","Block Reminder","CapriCore","Colored Map","Colored Powertips","Conspire","Curses Come First","Defuse TimeMaze Blight","Downfall","Duelist Mod","Emptier Cage","Energized Spire","Evolution","Exacting","Fox Events","Gensokyo","Gold Saver","Googly Eyes","Halation","Hallownest","Hubris","Minty Spire (QoL Compilation)","MostiFishMod","Permanent Neow","Poor People Problems","Quick Restart","Random Character Button","Random Character Mod","Rare Cards Sparkle","Red Circlet Mod","Relic Sorter","Relic Stats","Reliquary","Reorder Act Four","Replay The Spire","SacredBarkPlus","Shop Mod","Spikes Relics","StSLib","Trackpad","Treasure Hunter","Uncapped","Unceasing Turn Reminder","Virulent Crown","everything is the same but u backflip on backflip","slay the spire mod where everything is the same but ironclad has a cowboy hat","??????REMEMod"],"gold_per_floor":[1380,1393,1404,1404,1404,1404,1439,1389,1389,1419,1444,1479,1479,512,512,613,613,630,151,170,170,170,170,203,223,248,248,248,264,279,293,293,398,398,418,418,454,69,69,96,96,96,96,96,121,140,192,216,216,287,287,60,60,100,100],"floor_reached":56,"language":"ENG","playtime":6051,"items_purged":["MostiFishMod:Hijack"],"score":1360,"play_id":"f2a47b9f-0f23-4056-becb-dd1595a201b5","local_time":"20210222001051","is_ascension_mode":false,"campfire_choices":[{"floor":6,"key":"RECALL"},{"floor":15,"key":"REST"},{"data":"theDuelist:Metronome","floor":23,"key":"SMITH"},{"floor":28,"key":"REST"},{"floor":32,"key":"DIG"},{"data":"theDuelist:DragonMetronome","floor":42,"key":"SMITH"},{"data":"Discovery","floor":53,"key":"SMITH"}],"circlet_count":0,"master_deck":["theDuelist:ZombieCorpse","theDuelist:BlockGolem+1","theDuelist:DarkSpider+1","theDuelist:YellowBelliedOni+1","theDuelist:Aztekipede+1","theDuelist:BetaMagnet+1","theDuelist:BusterBladerDDS+1","theDuelist:CastleDragonSouls+1","theDuelist:CorrosiveScales+1","theDuelist:DarkBlade+1","theDuelist:MillenniumShield+1","theDuelist:NaturiaEggplant+1","theDuelist:Polymerization+1","theDuelist:SoldierLady+1","theDuelist:RareAttackMetronome+1","theDuelist:DecayedCommander+1","theDuelist:FishDepthCharge+1","theDuelist:Skystarray","conspire:SpireCoStock","theDuelist:RainbowKuriboh+1","theDuelist:Hyosube","theDuelist:RainbowKuriboh+1","theDuelist:CallAtlanteans","theDuelist:CallAtlanteans","theDuelist:RareAttackMetronome+1","theDuelist:ColdEnchanter+1","theDuelist:ShallowGrave+1","theDuelist:Metronome+1","theDuelist:MudGolem+1","theDuelist:WightLady+1","theDuelist:GraydleEagle+1","theDuelist:ZombieMetronome+1","theDuelist:RainbowOverdragon+1","theDuelist:Wingedtortoise+1","theDuelist:GraydleEagle+1","theDuelist:MarkRose","theDuelist:MagicCylinder+1","theDuelist:GridRod+1","Magnetism+1","theDuelist:NaturiaMarron+1","theDuelist:BookTaiyou+1","Discovery+1","MostiFishMod:Kaleido","theDuelist:RainbowKuriboh+1","theDuelist:Wingedtortoise+1","theDuelist:DragonMetronome+1","theDuelist:GracefulCharity","theDuelist:GilfordLegend+1","theDuelist:WormApocalypse+1","theDuelist:AttackTheMoon+1","hubris:Greed","theDuelist:WightLady+1","theDuelist:NaturiaMetronome+1","hubris:Greed","theDuelist:ObeliskTormentor+1","theDuelist:SphereKuriboh+1","theDuelist:CommonSpireMetronome","theDuelist:AttackMetronome+1","theDuelist:GraydleEagle+1","theDuelist:SoulAbsorbingBone+1","theDuelist:MetalDragon+1","theDuelist:WeepingIdol+1"],"relics":["theDuelist:MillenniumPuzzle","reliquary:Boomerang","REME_ComplimentaryCards","DaveBox","EVO:Axolotl","SynthV:TestCard","ReplayTheSpireMod:Ring of Addiction","hubris:EmptyBottle","Potion Belt","hubris:SphereOfDissonance","MerchantsRug","hubris:HollowSoul","Toy Ornithopter","LugNut","reliquary:IridiumChain","Juzu Bracelet","Philosopher\u0027s Stone","trackpad:Mousetrap","reliquary:Stiletto","reliquary:RosewoodLute","King of Hearts","Incense Burner","BlackRope","WizardHat","SynthV:C4","Bird Faced Urn","theDuelist:ZoneToken"],"acts_visited":["Exordium","TheCity","TheBeyond","TheEnding"],"potions_floor_usage":[7,10,12,12,16,16,16,16,18,20,24,24,25,25,29,30,33,33,33,35,37,40,45,45,46,47,48,50,50,50,50,54,54,54,54,54,55,55,55,55],"damage_taken":[{"damage":10,"enemies":"Small Slimes","floor":1,"turns":4},{"damage":0,"enemies":"conspire:RoseBush","floor":2,"turns":3},{"damage":0,"enemies":"2 Louse","floor":3,"turns":1},{"damage":18,"enemies":"Gremlin Nob","floor":7,"turns":4},{"damage":0,"enemies":"Exordium Thugs","floor":10,"turns":3},{"damage":5,"enemies":"Replay:BlueRogue","floor":11,"turns":5},{"damage":3,"enemies":"2 Fungi Beasts","floor":12,"turns":4},{"damage":23,"enemies":"The Guardian","floor":16,"turns":6},{"damage":0,"enemies":"Shell Parasite","floor":18,"turns":1},{"damage":3,"enemies":"3 Byrds","floor":20,"turns":5},{"damage":29,"enemies":"theDuelist:KaibaA2","floor":24,"turns":6},{"damage":24,"enemies":"Snake Plant","floor":25,"turns":3},{"damage":0,"enemies":"Cultist and Chosen","floor":29,"turns":5},{"damage":20,"enemies":"Centurion and Healer","floor":30,"turns":3},{"damage":0,"enemies":"conspire:HollyBat","floor":31,"turns":7},{"damage":28,"enemies":"conspire:MysteriousRune","floor":33,"turns":7},{"damage":1,"enemies":"3 Shapes","floor":35,"turns":4},{"damage":10,"enemies":"Orb Walker","floor":37,"turns":5},{"damage":11,"enemies":"R_Hoarder","floor":40,"turns":7},{"damage":0,"enemies":"Giant Head","floor":45,"turns":6},{"damage":1,"enemies":"Transient","floor":46,"turns":5},{"damage":31,"enemies":"Transient","floor":47,"turns":6},{"damage":0,"enemies":"Spire Growth","floor":48,"turns":4},{"damage":60,"enemies":"Awakened One","floor":50,"turns":10},{"damage":64,"enemies":"Shield and Spear","floor":54,"turns":5},{"damage":21,"enemies":"The Heart","floor":55,"turns":3}],"seed_played":"-6376398906504799072","potions_obtained":[{"floor":1,"key":"theDuelist:WaterBottle"},{"floor":5,"key":"LiquidBronze"},{"floor":5,"key":"theDuelist:BottledKuriboh"},{"floor":5,"key":"theDuelist:LavaBottle"},{"floor":7,"key":"theDuelist:SummonArmorPotion"},{"floor":12,"key":"Fire Potion"},{"floor":16,"key":"Fruit Juice"},{"floor":20,"key":"theDuelist:DebuffFuryPotion"},{"floor":25,"key":"theDuelist:TokenPotionB"},{"floor":33,"key":"Adrenaline Potion"},{"floor":35,"key":"theDuelist:ExtraOrbsBottle"},{"floor":39,"key":"theDuelist:StunPotion"},{"floor":39,"key":"theDuelist:WaterBottle"},{"floor":47,"key":"AttackPotion"},{"floor":54,"key":"theDuelist:WhiteBottle"}],"is_trial":false,"path_per_floor":["M","M","M","?","?","R","E","?","T","M","E","M","?","$","R","B",null,"M","$","M","?","?","R","E","M","T","?","R","M","M","M","R_BF","B",null,"M","?","M","$","?","E","T","R","T","?","E","M","?","M","R_BF","B",null,"$","R","E","B",null],"character_chosen":"THE_DUELIST","items_purchased":["theDuelist:BoosterPackMonsterEgg","Molten Egg 2","theDuelist:RainbowKuriboh","theDuelist:CallAtlanteans","MerchantsRug","theDuelist:MillenniumStone","Toy Ornithopter","LugNut","theDuelist:Metronome","theDuelist:BookTaiyou+1","Discovery","MostiFishMod:Kaleido","Adrenaline Potion","Bird Faced Urn","theDuelist:MillenniumElixir","theDuelist:OrbBottle","theDuelist:ObeliskTormentor+1","theDuelist:SphereKuriboh+1","Weak Potion","theDuelist:CommonSpireMetronome","theDuelist:AttackMetronome+1","theDuelist:GraydleEagle+1"],"campfire_rested":2,"item_purchase_floors":[14,14,14,14,14,14,19,19,19,38,38,38,38,52,52,52,52,52,52,52,52,52],"current_hp_per_floor":[70,70,70,54,54,54,36,36,36,36,31,28,28,28,48,25,66,66,66,68,68,68,68,52,38,38,27,50,55,40,40,40,27,77,76,77,67,70,73,66,69,69,69,47,57,61,38,43,71,31,95,95,95,43,92],"gold":100,"neow_bonus":"HUNDRED_GOLD","is_daily":false,"chose_seed":false,"campfire_upgraded":3,"win_rate":0.0,"timestamp":1613970651,"path_taken":["M","M","M","?","?","R","E","?","T","M","E","M","?","$","R","BOSS","M","$","M","?","?","R","E","?","T","?","R","M","M","M","R_BF","BOSS","M","?","M","?","?","E","?","R","T","?","E","M","?","M","R_BF","BOSS","$","R","E","BOSS"],"items_purchased_type":["Relic","Relic","Card","Card","Relic","Relic","Relic","Relic","Card","Card","Card","Card","Potion","Relic","Potion","Potion","Card","Card","Potion","Card","Card","Card"],"build_version":"2020-12-22","purchased_purges":1,"victory":true,"max_hp_per_floor":[80,80,80,80,80,80,80,80,80,80,80,80,80,68,68,66,66,66,66,71,71,71,71,74,74,74,79,79,77,77,77,77,77,77,77,77,77,77,77,77,77,77,77,95,95,95,95,95,95,95,95,95,95,93,93],"relic_stats":{"counters":[26,120],"Bird Faced Urn":[58],"Juzu Bracelet":1,"obtain_stats":[{"WizardHat":47,"trackpad:Mousetrap":40,"reliquary:Boomerang":7,"DaveBox":0,"King of Hearts":45,"Juzu Bracelet":26,"Incense Burner":47,"EVO:Axolotl":0,"theDuelist:MillenniumPuzzle":0,"hubris:EmptyBottle":5,"SynthV:C4":52,"Frozen Eye":48,"theDuelist:BoosterPackPoolRelic":0,"theDuelist:ZoneToken":54,"Philosopher\u0027s Stone":34,"theDuelist:CardPoolAddRelic":0,"theDuelist:CardPoolOptionsRelic":0,"theDuelist:BoosterPackMonsterEgg":14,"LugNut":19,"theDuelist:CardPoolRelic":0,"Potion Belt":5,"MerchantsRug":14,"ReplayTheSpireMod:Ring of Addiction":5,"hubris:SphereOfDissonance":11,"hubris:HollowSoul":17,"theDuelist:CardPoolSaveRelic":0,"BlackRope":47,"Frozen Egg 2":32,"reliquary:RosewoodLute":43,"reliquary:IridiumChain":24,"theDuelist:CardPoolMinusRelic":0,"SynthV:TestCard":1,"theDuelist:CardPoolBasicRelic":0,"Bird Faced Urn":52,"Molten Egg 2":14,"theDuelist:MillenniumStone":14,"reliquary:Stiletto":41,"Toy Ornithopter":19,"REME_ComplimentaryCards":0},{"WizardHat":22,"trackpad:Mousetrap":19,"reliquary:Boomerang":4,"DaveBox":0,"King of Hearts":20,"Juzu Bracelet":12,"Incense Burner":22,"EVO:Axolotl":0,"theDuelist:MillenniumPuzzle":0,"hubris:EmptyBottle":3,"SynthV:C4":24,"Frozen Eye":23,"theDuelist:BoosterPackPoolRelic":0,"theDuelist:ZoneToken":25,"Philosopher\u0027s Stone":16,"theDuelist:CardPoolAddRelic":0,"theDuelist:CardPoolOptionsRelic":0,"theDuelist:BoosterPackMonsterEgg":7,"LugNut":9,"theDuelist:CardPoolRelic":0,"Potion Belt":3,"MerchantsRug":7,"ReplayTheSpireMod:Ring of Addiction":3,"hubris:SphereOfDissonance":6,"hubris:HollowSoul":8,"theDuelist:CardPoolSaveRelic":0,"BlackRope":22,"Frozen Egg 2":15,"reliquary:RosewoodLute":19,"reliquary:IridiumChain":11,"theDuelist:CardPoolMinusRelic":0,"SynthV:TestCard":1,"theDuelist:CardPoolBasicRelic":0,"Bird Faced Urn":24,"Molten Egg 2":7,"theDuelist:MillenniumStone":7,"reliquary:Stiletto":19,"Toy Ornithopter":9,"REME_ComplimentaryCards":0},{"WizardHat":98,"trackpad:Mousetrap":81,"reliquary:Boomerang":12,"DaveBox":0,"King of Hearts":87,"Juzu Bracelet":44,"Incense Burner":98,"EVO:Axolotl":0,"theDuelist:MillenniumPuzzle":0,"hubris:EmptyBottle":8,"SynthV:C4":112,"Frozen Eye":101,"theDuelist:BoosterPackPoolRelic":0,"theDuelist:ZoneToken":117,"Philosopher\u0027s Stone":66,"theDuelist:CardPoolAddRelic":0,"theDuelist:CardPoolOptionsRelic":0,"theDuelist:BoosterPackMonsterEgg":23,"LugNut":30,"theDuelist:CardPoolRelic":0,"Potion Belt":8,"MerchantsRug":23,"ReplayTheSpireMod:Ring of Addiction":8,"hubris:SphereOfDissonance":19,"hubris:HollowSoul":29,"theDuelist:CardPoolSaveRelic":0,"BlackRope":98,"Frozen Egg 2":59,"reliquary:RosewoodLute":81,"reliquary:IridiumChain":41,"theDuelist:CardPoolMinusRelic":0,"SynthV:TestCard":4,"theDuelist:CardPoolBasicRelic":0,"Bird Faced Urn":112,"Molten Egg 2":23,"theDuelist:MillenniumStone":23,"reliquary:Stiletto":81,"Toy Ornithopter":30,"REME_ComplimentaryCards":0}],"Toy Ornithopter":118},"card_choices":[{"not_picked":["theDuelist:BlastAsmodian","theDuelist:BlastWithChain","theDuelist:MammothGraveyard","theDuelist:FlyingPegasus"],"picked":"theDuelist:RareAttackMetronome","floor":1},{"not_picked":["theDuelist:HammerShot","theDuelist:NaturiaPumpkin"],"picked":"theDuelist:DecayedCommander","floor":2},{"not_picked":["theDuelist:Kasha","theDuelist:BullBlader","theDuelist:CoreBlaster","theDuelist:RainbowNeos"],"picked":"theDuelist:FishDepthCharge","floor":3},{"not_picked":["theDuelist:ClearKuriboh","theDuelist:GemArmadillo","theDuelist:RedMedicine","theDuelist:WingedKuriboh"],"picked":"theDuelist:BlockGolem","floor":7},{"not_picked":["theDuelist:NaturiaPumpkin","theDuelist:Hyosube","theDuelist:DarkMagician","theDuelist:BattleFootballer"],"picked":"theDuelist:Skystarray","floor":7},{"not_picked":["theDuelist:BlackRoseDragon","theDuelist:SliferSky","theDuelist:RainbowNeos","theDuelist:Lancephorhynchus"],"picked":"theDuelist:RainbowKuriboh","floor":9},{"not_picked":["theDuelist:NaturiaSacredTree","theDuelist:EndlessDecay","theDuelist:WaterHazard","theDuelist:Doomdog"],"picked":"theDuelist:SoulAbsorbingBone","floor":10},{"not_picked":["theDuelist:HazyFlameHydra","theDuelist:GiantTrapHole","theDuelist:DestructPotion","theDuelist:SuperheavyScales"],"picked":"theDuelist:Hyosube","floor":11},{"not_picked":["theDuelist:RainbowNeos","theDuelist:RainbowLife","theDuelist:InsectPrincess","theDuelist:DragonCaptureJar"],"picked":"theDuelist:DarkSpider","floor":11},{"not_picked":["theDuelist:AttackTheMoon","theDuelist:BigEye","theDuelist:Mathematician","theDuelist:SolemnStrike"],"picked":"theDuelist:YellowBelliedOni","floor":12},{"not_picked":["theDuelist:FusionGuard","theDuelist:Lancephorhynchus+1","theDuelist:ColdEnchanter+1","theDuelist:OverpoweringEye"],"picked":"theDuelist:RareAttackMetronome+1","floor":16},{"not_picked":["theDuelist:SeismicShockwave+1","theDuelist:EvigishkiSoulOgre+1","theDuelist:OrbMetronome","theDuelist:Lancephorhynchus+1"],"picked":"theDuelist:ColdEnchanter+1","floor":16},{"not_picked":["theDuelist:WightLady+1","theDuelist:TriWight+1","theDuelist:OjamaYellow+1","theDuelist:RevendreadOrigin"],"picked":"theDuelist:ShallowGrave+1","floor":18},{"not_picked":["theDuelist:DummyGolem+1","theDuelist:GiantSoldierSteel+1","theDuelist:GraniteLoyalist+1","theDuelist:RainbowKuriboh+1"],"picked":"theDuelist:MudGolem+1","floor":20},{"not_picked":["theDuelist:GhostrickJackfrost+1","theDuelist:ShallowGrave","theDuelist:YellowGadget+1","theDuelist:DeepDiver+1"],"picked":"theDuelist:WightLady+1","floor":24},{"not_picked":["theDuelist:OjamaYellow+1","theDuelist:DarkTinker+1","theDuelist:GateBlocker+1","theDuelist:FuryFire+1"],"picked":"theDuelist:GraydleEagle+1","floor":24},{"not_picked":["theDuelist:SkullFlame+1","theDuelist:CommonSpireMetronome+1","theDuelist:Boneheimer+1","theDuelist:AttackMetronome+1"],"picked":"theDuelist:ZombieMetronome+1","floor":25},{"not_picked":["theDuelist:DarkMagicianGirl+1","theDuelist:GeminiElf+1","theDuelist:GhostrickNekomusume+1","theDuelist:FrontierWiseman+1"],"picked":"theDuelist:RainbowOverdragon+1","floor":26},{"not_picked":["theDuelist:ArmedDragon10+1","theDuelist:AllyJustice+1","theDuelist:MagicalGhost+1","theDuelist:EvigishkiLevianima+1"],"picked":"theDuelist:Wingedtortoise+1","floor":29},{"not_picked":["theDuelist:GhostrickJackfrost+1","theDuelist:SkullFlame+1","theDuelist:WightLady+1","theDuelist:CosmicHorrorGangiel+1"],"picked":"theDuelist:GraydleEagle+1","floor":30},{"not_picked":["theDuelist:GhostrickJackfrost+1","theDuelist:Biofalcon+1","theDuelist:GeminiElf+1","theDuelist:GateBlocker+1"],"picked":"theDuelist:MarkRose","floor":31},{"not_picked":["theDuelist:Metronome","theDuelist:FiveHeaded+1","theDuelist:ObsidianDragon+1","theDuelist:BlossomBombardment"],"picked":"theDuelist:MagicCylinder+1","floor":33},{"not_picked":["theDuelist:DragonMetronome","theDuelist:PlatinumGadget+1","theDuelist:FiveHeaded+1","theDuelist:Overworked+1"],"picked":"theDuelist:GridRod+1","floor":33},{"not_picked":["Impatience","Panacea","Thinking Ahead"],"picked":"Magnetism+1","floor":35},{"not_picked":["theDuelist:AttackMetronome+1","theDuelist:TriWight+1","theDuelist:CommonSpireMetronome","theDuelist:EndlessDecay+1"],"picked":"theDuelist:NaturiaMarron+1","floor":37},{"not_picked":["theDuelist:SuperancientDinobeast+1","theDuelist:RainbowOverdragon+1"],"picked":"theDuelist:RainbowKuriboh+1","floor":40},{"not_picked":["theDuelist:PredaplantChlamydosundew+1","theDuelist:SuperheavyMagnet+1","theDuelist:DecayedCommander+1","theDuelist:Skystarray+1"],"picked":"theDuelist:Wingedtortoise+1","floor":40},{"not_picked":["theDuelist:EvigishkiLevianima+1","theDuelist:ArmedDragon10+1","theDuelist:GridRod+1","theDuelist:ObsidianDragon+1"],"picked":"theDuelist:DragonMetronome","floor":41},{"not_picked":["theDuelist:Boneheimer+1","theDuelist:WightLady+1","theDuelist:NaturiaMetronome","theDuelist:UmbralHorrorGhoul+1"],"picked":"theDuelist:GracefulCharity","floor":43},{"not_picked":["theDuelist:LightningRodLord+1","theDuelist:WormWarlord+1","theDuelist:EarthquakeGiant+1","theDuelist:Mathematician+1"],"picked":"theDuelist:GilfordLegend+1","floor":45},{"not_picked":["theDuelist:InfernoFireBlast+1","theDuelist:HarmonicWaves","theDuelist:BigDesFrog+1","theDuelist:BeserkDragon+1"],"picked":"theDuelist:WormApocalypse+1","floor":45},{"not_picked":["theDuelist:HammerShot+1","theDuelist:LabyrinthWall+1","theDuelist:GilfordLegend+1","theDuelist:Mudora+1"],"picked":"theDuelist:AttackTheMoon+1","floor":46},{"not_picked":["theDuelist:GhostrickJackfrost+1","theDuelist:DarkTinker+1","theDuelist:Biofalcon+1","theDuelist:InfernoFireBlast+1"],"picked":"theDuelist:WightLady+1","floor":47},{"not_picked":["theDuelist:GhostrickJackfrost+1","theDuelist:Boneheimer+1","theDuelist:GeminiElf+1","theDuelist:GateBlocker+1"],"picked":"theDuelist:NaturiaMetronome+1","floor":48},{"not_picked":["theDuelist:BeserkDragon+1","theDuelist:Vandalgyon+1","theDuelist:BlueBloodedOni+1","theDuelist:PurplePainOni+1"],"picked":"theDuelist:MetalDragon+1","floor":54},{"not_picked":["theDuelist:BattleguardKing+1","theDuelist:Hinotama+5","theDuelist:Reload+1","theDuelist:Kuriboh+1"],"picked":"theDuelist:WeepingIdol+1","floor":54}],"player_experience":224193,"relics_obtained":[{"floor":1,"key":"SynthV:TestCard"},{"floor":5,"key":"ReplayTheSpireMod:Ring of Addiction"},{"floor":5,"key":"hubris:EmptyBottle"},{"floor":5,"key":"Potion Belt"},{"floor":7,"key":"reliquary:Boomerang"},{"floor":11,"key":"hubris:SphereOfDissonance"},{"floor":24,"key":"reliquary:IridiumChain"},{"floor":26,"key":"Juzu Bracelet"},{"floor":32,"key":"Frozen Egg 2"},{"floor":40,"key":"trackpad:Mousetrap"},{"floor":41,"key":"reliquary:Stiletto"},{"floor":43,"key":"reliquary:RosewoodLute"},{"floor":45,"key":"King of Hearts"},{"floor":47,"key":"Incense Burner"},{"floor":47,"key":"BlackRope"},{"floor":47,"key":"WizardHat"},{"floor":54,"key":"theDuelist:ZoneToken"}],"event_choices":[{"damage_healed":0,"gold_gain":0,"player_choice":"Entered Light","damage_taken":16,"max_hp_gain":0,"max_hp_loss":0,"event_name":"Shining Light","floor":4,"gold_loss":0,"cards_upgraded":["theDuelist:DecayedCommander","theDuelist:RareAttackMetronome"]},{"damage_healed":0,"gold_gain":0,"player_choice":"Invest 1","damage_taken":0,"max_hp_gain":0,"max_hp_loss":0,"event_name":"conspire:Investor","floor":8,"gold_loss":0},{"damage_healed":0,"gold_gain":0,"player_choice":"Leave","duelist":true,"damage_taken":0,"max_hp_gain":0,"max_hp_loss":0,"event_name":"Card Trader","floor":13,"gold_loss":0},{"damage_healed":0,"gold_gain":0,"player_choice":"Leave","duelist":true,"damage_taken":0,"max_hp_gain":0,"max_hp_loss":0,"event_name":"Relic Duplicator","floor":22,"gold_loss":0},{"damage_healed":0,"gold_gain":0,"player_choice":"Shed Blood","damage_taken":19,"max_hp_gain":5,"max_hp_loss":0,"event_name":"Forgotten Altar","floor":27,"gold_loss":0},{"cards_removed":["Voices"],"damage_healed":0,"gold_gain":0,"player_choice":"Card Removal","damage_taken":0,"max_hp_gain":0,"max_hp_loss":0,"event_name":"Wheel of Change","floor":36,"gold_loss":0},{"damage_healed":0,"gold_gain":0,"player_choice":"Got Potions","damage_taken":0,"max_hp_gain":0,"max_hp_loss":0,"event_name":"Lab","floor":39,"gold_loss":0},{"total_magic_score":188,"gold_gain":0,"duelist":true,"damage_taken":45,"relics_obtained":[],"points":4,"max_hp_gain":20,"max_hp_loss":0,"spent_points":{"magic":1,"greed":0,"war":0,"power":1,"hunger":2},"event_name":"Nameless Tomb","hunger_reward":2,"floor":44,"gold_loss":0,"cards_obtained":[]},{"damage_healed":0,"gold_gain":0,"player_choice":"Fight","duelist":true,"damage_taken":0,"max_hp_gain":0,"max_hp_loss":0,"event_name":"Battle City","floor":47,"gold_loss":0}],"is_beta":false,"boss_relics":[{"not_picked":["halation:CatFaceCupcake","aspiration:RunicSpoon"],"picked":"hubris:HollowSoul"},{"not_picked":["Replay:Drink Me","hubris:CrackedHourglass"],"picked":"Philosopher\u0027s Stone"}],"items_purged_floors":[52],"is_endless":false,"potions_floor_spawned":[1,7,11,12,16,20,25,33,35,47],"ascension_level":0}}