{"host":"vx488ommchhibo3k","time":1613959004,"event":{"mods":["BaseMod","BetterRewards","Colored Map","Colored Powertips","Highlight Path","Minty Spire (QoL Compilation)","Quick Restart","Rare Cards Sparkle","Shop Mod","StSLib","SuperFastMode"],"gold_per_floor":[119,131,131,144,20,49,49,14,39,39,56,56,73,73,73,172,172,186,186,202,117,117,117,152,152,177,108,120,134,134,159,159,263,263,274,110,160,176,190,190,190,190,214,234,37,37,37],"floor_reached":46,"language":"JPN","playtime":2928,"items_purged":["Strike_P","Strike_P"],"score":536,"play_id":"b666d55a-91f3-4b25-af72-ec137167bdb3","local_time":"20210222105644","is_ascension_mode":false,"campfire_choices":[{"data":"LikeWater","floor":7,"key":"SMITH"},{"data":"ClearTheMind","floor":10,"key":"SMITH"},{"floor":15,"key":"RECALL"},{"data":"MasterReality","floor":23,"key":"SMITH"},{"data":"Vigilance","floor":25,"key":"SMITH"},{"data":"Crescendo","floor":30,"key":"SMITH"},{"floor":32,"key":"REST"},{"data":"Establishment","floor":40,"key":"SMITH"},{"data":"Apotheosis","floor":42,"key":"SMITH"}],"circlet_count":0,"master_deck":["Defend_P","Defend_P+1","Defend_P","Defend_P","Eruption+1","Vigilance+1","CutThroughFate+1","Weave+1","Nirvana","Conclude+1","CutThroughFate+1","BowlingBash+1","FollowUp+1","Weave+1","ClearTheMind+1","LikeWater+1","WheelKick+1","Wallop+1","BowlingBash+1","MasterReality+1","BattleHymn+1","CrushJoints+1","Consecrate+1","Bite+1","Bite+1","Bite+1","Bite+1","Bite+1","ThirdEye+1","LessonLearned+1","SashWhip+1","Devotion","Pray+1","Crescendo+1","Adaptation+1","Establishment+1","Ragnarok+1","ClearTheMind+1","SashWhip+1","CutThroughFate+1","Crescendo","CarveReality+1","Crescendo","Apotheosis+1","Decay","Indignation+1","CrushJoints+1"],"relics":["PureWater","Prayer Wheel","Molten Egg 2","MerchantsRug","Bottled Tornado","Blue Candle","Ornamental Fan","Damaru","Red Mask","Cursed Key","Du-Vu Doll","Orichalcum","Mummified Hand"],"acts_visited":["Exordium","TheCity","TheBeyond"],"potions_floor_usage":[6,6,29,33],"damage_taken":[{"damage":7,"enemies":"Small Slimes","floor":1,"turns":3},{"damage":3,"enemies":"Cultist","floor":2,"turns":3},{"damage":0,"enemies":"2 Louse","floor":4,"turns":1},{"damage":1,"enemies":"Lagavulin","floor":6,"turns":6},{"damage":6,"enemies":"Blue Slaver","floor":11,"turns":3},{"damage":0,"enemies":"Large Slime","floor":13,"turns":4},{"damage":0,"enemies":"Slime Boss","floor":16,"turns":4},{"damage":10,"enemies":"Chosen","floor":18,"turns":3},{"damage":0,"enemies":"Spheric Guardian","floor":20,"turns":3},{"damage":19,"enemies":"Book of Stabbing","floor":24,"turns":4},{"damage":17,"enemies":"Cultist and Chosen","floor":28,"turns":5},{"damage":0,"enemies":"Snake Plant","floor":29,"turns":2},{"damage":10,"enemies":"Masked Bandits","floor":31,"turns":2},{"damage":11,"enemies":"Champ","floor":33,"turns":8},{"damage":19,"enemies":"3 Darklings","floor":35,"turns":6},{"damage":31,"enemies":"Mind Bloom Boss Battle","floor":37,"turns":5},{"damage":27,"enemies":"3 Shapes","floor":38,"turns":4},{"damage":1,"enemies":"Sphere and 2 Shapes","floor":39,"turns":5},{"damage":23,"enemies":"Jaw Worm Horde","floor":44,"turns":3},{"damage":91,"enemies":"Writhing Mass","floor":46,"turns":2}],"seed_played":"-6995101218109552882","potions_obtained":[{"floor":4,"key":"EssenceOfSteel"},{"floor":11,"key":"BlessingOfTheForge"},{"floor":18,"key":"Ambrosia"},{"floor":24,"key":"BlessingOfTheForge"},{"floor":28,"key":"Strength Potion"},{"floor":44,"key":"Fire Potion"}],"is_trial":false,"path_per_floor":["M","M","?","M","$","E","R","?","T","R","M","T","M","?","R","B",null,"M","?","M","?","?","R","E","R","T","$","M","M","R","?","R","B",null,"M","$","?","M","M","R","?","R","T","M","$","M"],"character_chosen":"WATCHER","items_purchased":["Molten Egg 2","CutThroughFate+1","Weave+1","Nirvana","MerchantsRug","BlessingOfTheForge","ClearTheMind","LessonLearned+1","SashWhip+1","CutThroughFate+1","Art of War","Mummified Hand"],"campfire_rested":1,"item_purchase_floors":[0,0,0,0,0,0,5,27,27,36,36,45],"current_hp_per_floor":[33,30,30,30,30,36,36,55,55,55,49,49,49,37,37,39,79,69,54,56,56,56,56,43,43,43,43,29,29,29,22,47,63,84,70,70,51,27,35,35,35,35,35,18,18,0,0],"gold":37,"neow_bonus":"","is_daily":false,"chose_seed":false,"campfire_upgraded":7,"win_rate":0.0,"timestamp":1613959004,"path_taken":["M","M","?","?","$","E","R","?","T","R","M","?","M","?","R","BOSS","M","?","M","?","?","R","E","R","T","$","M","M","R","?","R","BOSS","M","$","?","M","M","R","?","R","T","M","$","M"],"items_purchased_type":["Relic","Card","Card","Card","Relic","Potion","Card","Card","Card","Card","Relic","Relic"],"build_version":"2020-12-22","purchased_purges":2,"victory":false,"max_hp_per_floor":[72,72,72,72,72,79,79,79,79,79,79,79,79,79,79,79,79,79,84,84,84,84,84,84,84,84,84,84,84,84,84,84,84,84,84,84,84,84,84,84,84,84,84,84,84,84,84],"card_choices":[{"not_picked":["Omniscience","WreathOfFlame"],"picked":"Conclude+1","floor":1},{"not_picked":["Protect","FlurryOfBlows+1","Prostrate"],"picked":"SKIP","floor":1},{"not_picked":["Evaluate","JustLucky+1"],"picked":"CutThroughFate+1","floor":2},{"not_picked":["PathToVictory","FearNoEvil+1"],"picked":"BowlingBash+1","floor":2},{"not_picked":["FlurryOfBlows+1","Halt"],"picked":"FollowUp+1","floor":4},{"not_picked":["FlyingSleeves+1","Worship"],"picked":"Weave+1","floor":4},{"not_picked":["Sanctity","EmptyBody"],"picked":"LikeWater","floor":6},{"not_picked":["FlurryOfBlows+1","PathToVictory"],"picked":"WheelKick+1","floor":11},{"not_picked":["TalkToTheHand+1","Indignation"],"picked":"Wallop+1","floor":11},{"not_picked":["FlurryOfBlows+1","Protect"],"picked":"BowlingBash+1","floor":13},{"not_picked":["FlurryOfBlows+1","FlyingSleeves+1","Nirvana"],"picked":"SKIP","floor":13},{"not_picked":["Devotion","Alpha"],"picked":"MasterReality","floor":16},{"not_picked":["CutThroughFate+1","SandsOfTime+1"],"picked":"BattleHymn+1","floor":18},{"not_picked":["Prostrate","EmptyFist+1","ReachHeaven+1"],"picked":"SKIP","floor":18},{"not_picked":["Crescendo","Evaluate"],"picked":"CrushJoints+1","floor":20},{"not_picked":["ClearTheMind","Fasting2"],"picked":"Consecrate+1","floor":20},{"not_picked":["Consecrate+1","Halt"],"picked":"ThirdEye","floor":24},{"not_picked":["MentalFortress","Pray+1"],"picked":"Devotion","floor":28},{"not_picked":["ReachHeaven+1","SashWhip+1"],"picked":"Pray+1","floor":28},{"not_picked":["BowlingBash+1","Evaluate"],"picked":"Crescendo","floor":29},{"not_picked":["ReachHeaven+1","WindmillStrike+1"],"picked":"Adaptation+1","floor":29},{"not_picked":["Protect","CutThroughFate+1"],"picked":"Establishment","floor":31},{"not_picked":["Wish","ConjureBlade"],"picked":"Ragnarok+1","floor":33},{"not_picked":["Halt+1","Crescendo"],"picked":"ClearTheMind+1","floor":35},{"not_picked":["Perseverance","Protect"],"picked":"SashWhip+1","floor":35},{"not_picked":["EmptyBody+1","ReachHeaven+1"],"picked":"Crescendo","floor":38},{"not_picked":["BowlingBash+1","FlyingSleeves+1","Study+1"],"picked":"SKIP","floor":38},{"not_picked":["Pray+1","Ragnarok+1"],"picked":"CarveReality+1","floor":39},{"not_picked":["BowlingBash+1","EmptyBody+1"],"picked":"Crescendo","floor":39},{"not_picked":["Impatience","Magnetism"],"picked":"Apotheosis","floor":41},{"not_picked":["Nirvana+1","FlurryOfBlows+1"],"picked":"Indignation+1","floor":44},{"not_picked":["BowlingBash+1","ReachHeaven+1"],"picked":"CrushJoints+1","floor":44}],"player_experience":146987,"relics_obtained":[{"floor":6,"key":"Strawberry"},{"floor":12,"key":"Bottled Tornado"},{"floor":24,"key":"Ornamental Fan"},{"floor":26,"key":"Damaru"},{"floor":31,"key":"Red Mask"},{"floor":37,"key":"Du-Vu Doll"},{"floor":43,"key":"Orichalcum"}],"event_choices":[{"damage_healed":0,"gold_gain":0,"player_choice":"Upgraded","damage_taken":0,"max_hp_gain":0,"max_hp_loss":0,"event_name":"Upgrade Shrine","floor":3,"gold_loss":0,"cards_upgraded":["Eruption"]},{"damage_healed":19,"gold_gain":0,"player_choice":"Healed","damage_taken":0,"max_hp_gain":0,"max_hp_loss":0,"event_name":"The Cleric","floor":8,"gold_loss":35},{"damage_healed":0,"gold_gain":0,"player_choice":"Success","damage_taken":12,"relics_obtained":["Blood Vial"],"max_hp_gain":0,"max_hp_loss":0,"event_name":"Scrap Ooze","floor":14,"gold_loss":0},{"damage_healed":0,"gold_gain":0,"player_choice":"Shed Blood","damage_taken":20,"max_hp_gain":5,"max_hp_loss":0,"event_name":"Forgotten Altar","floor":19,"gold_loss":0},{"damage_healed":0,"gold_gain":0,"player_choice":"Obtained Relic","damage_taken":0,"relics_obtained":["Blue Candle"],"max_hp_gain":0,"max_hp_loss":0,"event_name":"Addict","floor":21,"gold_loss":85},{"damage_healed":0,"gold_gain":0,"player_choice":"Became a vampire (Vial)","damage_taken":0,"max_hp_gain":0,"max_hp_loss":0,"event_name":"Vampires","floor":22,"relics_lost":["Blood Vial"],"gold_loss":0,"cards_obtained":["Bite","Bite","Bite","Bite","Bite"]},{"damage_healed":0,"gold_gain":0,"player_choice":"Fought Bandits","damage_taken":0,"max_hp_gain":0,"max_hp_loss":0,"event_name":"Masked Bandits","floor":31,"gold_loss":0},{"damage_healed":0,"gold_gain":0,"player_choice":"Fight","damage_taken":0,"max_hp_gain":0,"max_hp_loss":0,"event_name":"MindBloom","floor":37,"gold_loss":0},{"damage_healed":0,"gold_gain":0,"player_choice":"Memory 1","damage_taken":0,"max_hp_gain":0,"max_hp_loss":0,"event_name":"SensoryStone","floor":41,"gold_loss":0}],"is_beta":false,"boss_relics":[{"not_picked":["Coffee Dripper","Busted Crown"],"picked":"Runic Pyramid"},{"not_picked":["Fusion Hammer","Black Star"],"picked":"Cursed Key"}],"items_purged_floors":[0,5],"is_endless":false,"potions_floor_spawned":[4,11,18,24,28,44],"killed_by":"Writhing Mass","ascension_level":0}}