{"host":"f7rb14kzcw8hx1r1","time":1613999024,"event":{"mods":["BaseMod","Better Note","Better Third Choice","Colored Map","Curses Come First","Highlight Path","Hubris","Minty Spire (QoL Compilation)","Reliquary","Replay The Spire","StSLib","The Forsaken"],"gold_per_floor":[119,119,119,119,134,161,161,187,257,267,15,35,53,70,70,167,167,186,202,202,216,270,295,311,311,337,337,352,379,397,44,44,139,139,156,171,189,13,33,33,33,33,59,59,0,18,18,32,32,32],"floor_reached":51,"language":"ENG","playtime":2302,"items_purged":["Strike_G","Strike_G","Strike_G"],"score":726,"play_id":"bfbeb2bf-35cb-47ca-b83d-d69ecc624877","local_time":"20210222140344","is_ascension_mode":false,"campfire_choices":[{"data":"Neutralize","floor":7,"key":"SMITH"},{"data":"Accuracy","floor":15,"key":"SMITH"},{"data":"A Thousand Cuts","floor":25,"key":"SMITH"},{"data":"Footwork","floor":27,"key":"SMITH"},{"data":"Infinite Blades","floor":32,"key":"SMITH"},{"data":"ReplayTheSpireMod:Scrap Shanks","floor":41,"key":"SMITH"},{"data":"Survivor","floor":44,"key":"SMITH"},{"floor":47,"key":"REST"},{"floor":49,"key":"REST"}],"circlet_count":0,"master_deck":["Strike_G","Strike_G","Defend_G","Defend_G","Defend_G","Defend_G","Defend_G","Survivor+1","Neutralize+1","Acrobatics","Second Wind+1","Footwork+1","Blade Dance","Accuracy+1","Dagger Throw","Infinite Blades+1","Backflip","Infinite Blades","A Thousand Cuts+1","BasicCrystalCard+1","Flying Knee","Underhanded Strike","ReplayTheSpireMod:Scrap Shanks+1","Accuracy+1","PiercingWail"],"relics":["NeowsBlessing","hubris:Icosahedron","Pen Nib","Sizzling Blood","Potion Belt","Bag of Preparation","hubris:DeckOfHolding","Busted Crown","TungstenRod","reliquary:PorcupineQuills","reliquary:Knoch","theForsaken:Gavel","hubris:HollowSoul","Snake Skull","Red Mask"],"acts_visited":["Exordium","TheCity","TheBeyond"],"potions_floor_usage":[21,23,23,23,23,39,39,48,50],"damage_taken":[{"damage":0,"enemies":"Small Slimes","floor":1,"turns":1},{"damage":0,"enemies":"Jaw Worm","floor":5,"turns":1},{"damage":0,"enemies":"Gremlin Nob","floor":6,"turns":1},{"damage":25,"enemies":"3 Sentries","floor":8,"turns":13},{"damage":0,"enemies":"2 Louse","floor":10,"turns":4},{"damage":0,"enemies":"2 Fungi Beasts","floor":12,"turns":3},{"damage":0,"enemies":"Red Slaver","floor":13,"turns":5},{"damage":7,"enemies":"Exordium Wildlife","floor":14,"turns":5},{"damage":23,"enemies":"The Guardian","floor":16,"turns":11},{"damage":0,"enemies":"Shell Parasite","floor":18,"turns":5},{"damage":8,"enemies":"Spheric Guardian","floor":19,"turns":4},{"damage":3,"enemies":"Snake Plant","floor":21,"turns":7},{"damage":21,"enemies":"Slavers","floor":23,"turns":6},{"damage":1,"enemies":"Snecko","floor":24,"turns":5},{"damage":3,"enemies":"Centurion and Healer","floor":28,"turns":5},{"damage":4,"enemies":"Book of Stabbing","floor":29,"turns":6},{"damage":4,"enemies":"Cultist and Chosen","floor":30,"turns":5},{"damage":12,"enemies":"Collector","floor":33,"turns":8},{"damage":1,"enemies":"Orb Walker","floor":35,"turns":4},{"damage":26,"enemies":"3 Darklings","floor":36,"turns":4},{"damage":9,"enemies":"4 Shapes","floor":37,"turns":7},{"damage":11,"enemies":"Writhing Mass","floor":39,"turns":8},{"damage":31,"enemies":"Maw","floor":46,"turns":5},{"damage":29,"enemies":"4 Shapes","floor":48,"turns":9},{"damage":22,"enemies":"Time Eater","floor":50,"turns":11}],"seed_played":"1003941353431691257","potions_obtained":[{"floor":5,"key":"CunningPotion"},{"floor":8,"key":"Fire Potion"},{"floor":12,"key":"ColorlessPotion"},{"floor":16,"key":"Block Potion"},{"floor":18,"key":"Dexterity Potion"},{"floor":21,"key":"Poison Potion"},{"floor":30,"key":"Languid Potion"},{"floor":33,"key":"EssenceOfSteel"},{"floor":46,"key":"Languid Potion"}],"is_trial":false,"path_per_floor":["M","?","?","?","M","E","R","E","T","M","$","M","M","M","R","B",null,"M","M","?","M","T","E","M","R","T","R","M","E","M","$","R","B",null,"M","M","M","$","M","?","R","$","T","R","?","M","R","M","R","B",null],"character_chosen":"THE_SILENT","items_purchased":["Blade Dance","Accuracy","Dagger Throw","Underhanded Strike","ReplayTheSpireMod:Scrap Shanks","theForsaken:Gavel","Accuracy+1"],"campfire_rested":2,"item_purchase_floors":[11,11,11,31,31,31,38],"current_hp_per_floor":[70,70,58,62,66,70,70,49,49,53,53,57,61,58,58,39,74,74,70,70,71,71,54,57,57,57,57,58,58,58,58,58,50,74,74,52,47,47,40,40,40,40,40,40,40,13,35,10,32,14],"gold":32,"neow_bonus":"THREE_ENEMY_KILL","is_daily":false,"chose_seed":false,"campfire_upgraded":7,"win_rate":0.0,"timestamp":1613999024,"path_taken":["M","?","?","?","M","E","R","E","T","M","$","M","M","M","R","BOSS","M","M","?","M","?","E","M","R","T","R","M","E","?","$","R","BOSS","M","M","M","$","?","?","R","?","T","R","?","M","R","M","R","BOSS"],"items_purchased_type":["Card","Card","Card","Card","Card","Relic","Card"],"build_version":"2020-12-22","purchased_purges":3,"victory":true,"max_hp_per_floor":[70,70,70,74,74,74,74,74,74,74,74,74,74,74,74,74,74,74,74,74,74,74,74,74,74,74,74,74,74,74,74,74,74,74,74,74,74,74,74,74,74,74,74,74,74,74,74,74,74,74],"card_choices":[{"not_picked":["Outmaneuver","Bane"],"picked":"Acrobatics","floor":1},{"not_picked":["Acrobatics","Expertise","Sucker Punch"],"picked":"SKIP","floor":5},{"not_picked":["ReplayTheSpireMod:Exploit Weakness","Unload"],"picked":"Footwork","floor":6},{"not_picked":["Prepared","Heel Hook","Eviscerate"],"picked":"SKIP","floor":8},{"not_picked":["Outmaneuver","hubris:TrickCloak","hubris:SlightOfHand"],"picked":"SKIP","floor":10},{"not_picked":["Dagger Spray","Dagger Throw"],"picked":"Infinite Blades","floor":12},{"not_picked":["PiercingWail","Deadly Poison"],"picked":"Backflip","floor":13},{"not_picked":["Skewer","Slice"],"picked":"Infinite Blades","floor":14},{"not_picked":["Burst","ReplayTheSpireMod:From All Sides"],"picked":"A Thousand Cuts","floor":16},{"not_picked":["Bane"],"picked":"SKIP","floor":18},{"not_picked":["Tactician"],"picked":"SKIP","floor":19},{"not_picked":["Toxin Wave"],"picked":"SKIP","floor":21},{"not_picked":["Atom Bomb"],"picked":"SKIP","floor":23},{"not_picked":["ReplayTheSpireMod:Tripwire+1"],"picked":"SKIP","floor":24},{"not_picked":[],"picked":"Flying Knee","floor":28},{"not_picked":["Slice"],"picked":"SKIP","floor":29},{"not_picked":["Dodge and Roll"],"picked":"SKIP","floor":30},{"not_picked":["Bane+1"],"picked":"SKIP","floor":35},{"not_picked":["Bane+1"],"picked":"SKIP","floor":36},{"not_picked":["Tactician+1"],"picked":"SKIP","floor":37},{"not_picked":["Fluid Movement"],"picked":"SKIP","floor":39},{"not_picked":["Sucker Punch"],"picked":"SKIP","floor":46},{"not_picked":[],"picked":"PiercingWail","floor":48}],"player_experience":987077,"relics_obtained":[{"floor":6,"key":"Potion Belt"},{"floor":8,"key":"Bag of Preparation"},{"floor":9,"key":"hubris:DeckOfHolding"},{"floor":22,"key":"reliquary:FerryPass"},{"floor":23,"key":"TungstenRod"},{"floor":26,"key":"reliquary:PorcupineQuills"},{"floor":29,"key":"reliquary:Knoch"},{"floor":43,"key":"Snake Skull"}],"event_choices":[{"cards_removed":["Neutralize"],"damage_healed":0,"gold_gain":0,"player_choice":"Take \u0026 Give","damage_taken":0,"max_hp_gain":0,"max_hp_loss":0,"event_name":"betterNote:BetterNote","floor":20,"gold_loss":0,"cards_obtained":["BasicCrystalCard"]},{"damage_healed":0,"gold_gain":0,"player_choice":"Ignored","damage_taken":0,"max_hp_gain":0,"max_hp_loss":0,"event_name":"betterThird:BetterPortal","floor":40,"gold_loss":0},{"damage_healed":0,"gold_gain":0,"player_choice":"Paid","damage_taken":0,"relics_obtained":["Red Mask"],"max_hp_gain":0,"max_hp_loss":0,"event_name":"Tomb of Lord Red Mask","floor":45,"gold_loss":59}],"is_beta":false,"boss_relics":[{"not_picked":["Calling Bell","SacredBark"],"picked":"Busted Crown"},{"not_picked":["Replay:Bronze Core","Fusion Hammer"],"picked":"hubris:HollowSoul"}],"items_purged_floors":[11,31,38],"is_endless":false,"potions_floor_spawned":[5,8,12,16,18,21,30,33,46],"ascension_level":0}}