{"host":"6bfiq9sgomorosoy","time":1613988309,"event":{"mods":["2.2 Compatiblity","AchievementEnabler","BaseMod","Better Note","Better Third Choice","BetterRewards","Conspire","Downfall","Googly Eyes","Highlight Path","Hubris","Minty Spire (QoL Compilation)","Quick Restart","Rare Cards Sparkle","Reliquary","Replay The Spire","StSLib"],"gold_per_floor":[111,124,124,140,157,157,157,157,157,5,62,14,43,43,43,142,142,155,175,75,175,189,189,222,222,222,222,239,239,239,239],"floor_reached":30,"language":"ENG","playtime":1068,"items_purged":[],"score":236,"play_id":"d28d321d-0dc7-4f1d-b09b-8ebe435cdcf4","local_time":"20210222230509","is_ascension_mode":false,"campfire_choices":[{"data":"Survivor","floor":6,"key":"SMITH"},{"data":"Poisoned Stab","floor":8,"key":"SMITH"},{"floor":15,"key":"REST"},{"floor":23,"key":"REST"},{"floor":25,"key":"REST"},{"floor":27,"key":"REST"}],"circlet_count":0,"master_deck":["Strike_G","Strike_G","Strike_G","Strike_G+1","Strike_G","Defend_G","Defend_G","Defend_G","Defend_G","Defend_G","Survivor+1","Neutralize","Poisoned Stab","Leg Sweep","hubris:Sniper+1","Poisoned Stab+1","Atom Bomb","conspire:PoisonWeapons+1","Cloak And Dagger","Prepared","Replay:Bag of Tricks","hubris:SlightOfHand+1","ReplayTheSpireMod:Shiv Toss","Terror","Deflect","Calculated Gamble+1","Prepared","Acrobatics"],"relics":["Ring of the Snake","CaptainsWheel","Replay:Kaleidoscope","reliquary:WeakTea","Busted Crown","WingedGreaves","Question Card"],"acts_visited":["Exordium","TheCity"],"potions_floor_usage":[16,28],"damage_taken":[{"damage":0,"enemies":"Jaw Worm","floor":1,"turns":4},{"damage":0,"enemies":"2 Louse","floor":2,"turns":3},{"damage":0,"enemies":"Small Slimes","floor":4,"turns":3},{"damage":0,"enemies":"2 Fungi Beasts","floor":5,"turns":5},{"damage":28,"enemies":"3 Sentries","floor":11,"turns":10},{"damage":34,"enemies":"conspire:MimicChest","floor":13,"turns":6},{"damage":26,"enemies":"The Guardian","floor":16,"turns":10},{"damage":19,"enemies":"2 Thieves","floor":18,"turns":4},{"damage":6,"enemies":"Chosen","floor":19,"turns":6},{"damage":10,"enemies":"Snecko","floor":22,"turns":4},{"damage":53,"enemies":"Book of Stabbing","floor":24,"turns":7},{"damage":36,"enemies":"Chosen and Byrds","floor":28,"turns":7},{"damage":9,"enemies":"Cultist and Chosen","floor":30,"turns":3}],"seed_played":"-3168351424239892995","potions_obtained":[{"floor":4,"key":"Energy Potion"},{"floor":16,"key":"Dexterity Potion"},{"floor":19,"key":"Block Potion"},{"floor":22,"key":"Reflective Coating"}],"is_trial":false,"path_per_floor":["M","M","?","M","M","R","?","R","T","$","?","$","?","$","R","B",null,"M","M","$","?","M","R","E","R","T","R","M","?","M"],"character_chosen":"THE_SILENT","items_purchased":["Atom Bomb","Cloak And Dagger","Terror","Deflect"],"campfire_rested":4,"item_purchase_floors":[10,12,20,20],"current_hp_per_floor":[70,70,70,70,70,70,70,70,70,70,42,42,8,8,29,3,70,51,45,45,45,35,56,3,24,24,45,9,9,0,0],"gold":239,"neow_bonus":"RANDOM_EVENT","is_daily":false,"chose_seed":false,"campfire_upgraded":2,"win_rate":0.0,"timestamp":1613988309,"path_taken":["M","M","?","M","M","R","?","R","T","$","?","$","?","$","R","BOSS","M","M","$","?","M","R","E","R","T","R","?","?","M"],"items_purchased_type":["Card","Card","Card","Card"],"build_version":"2020-12-22","purchased_purges":0,"victory":false,"max_hp_per_floor":[70,70,70,70,70,70,70,70,70,70,70,70,70,70,70,70,70,70,70,70,70,70,70,70,70,70,70,70,70,70,70],"card_choices":[{"not_picked":["Acrobatics","Sucker Punch"],"picked":"Poisoned Stab","floor":1},{"not_picked":["Dagger Throw","Acrobatics"],"picked":"Leg Sweep","floor":2},{"not_picked":["Endless Agony","Hidden Blade"],"picked":"hubris:Sniper","floor":4},{"not_picked":["Dodge and Roll","hubris:SlightOfHand"],"picked":"Poisoned Stab","floor":5},{"not_picked":["Slice","conspire:DoublingDagger"],"picked":"conspire:PoisonWeapons","floor":11},{"not_picked":["Predator","Hidden Blade"],"picked":"Prepared","floor":13},{"not_picked":["Venomology","Glass Knife"],"picked":"Replay:Bag of Tricks","floor":16},{"not_picked":[],"picked":"hubris:SlightOfHand+1","floor":18},{"not_picked":[],"picked":"ReplayTheSpireMod:Shiv Toss","floor":19},{"not_picked":[],"picked":"Calculated Gamble+1","floor":22},{"not_picked":[],"picked":"Prepared","floor":24},{"not_picked":["Quick Slash"],"picked":"Acrobatics","floor":28}],"player_experience":143976,"relics_obtained":[{"floor":9,"key":"CaptainsWheel"},{"floor":11,"key":"Replay:Kaleidoscope"},{"floor":13,"key":"reliquary:WeakTea"},{"floor":24,"key":"WingedGreaves"},{"floor":26,"key":"Question Card"}],"event_choices":[{"damage_healed":0,"gold_gain":0,"player_choice":"Leave","damage_taken":0,"max_hp_gain":0,"max_hp_loss":0,"event_name":"conspire:Investor","floor":3,"gold_loss":0},{"damage_healed":0,"gold_gain":0,"player_choice":"Grow","damage_taken":0,"max_hp_gain":0,"max_hp_loss":0,"event_name":"Living Wall","floor":7,"gold_loss":0,"cards_upgraded":["hubris:Sniper"]},{"damage_healed":0,"gold_gain":0,"player_choice":"Searched \u00271\u0027 times","damage_taken":0,"max_hp_gain":0,"max_hp_loss":0,"event_name":"Dead Adventurer","floor":11,"gold_loss":0},{"damage_healed":0,"gold_gain":100,"player_choice":"Pray","damage_taken":0,"max_hp_gain":0,"max_hp_loss":0,"event_name":"Golden Shrine","floor":21,"gold_loss":0},{"damage_healed":0,"gold_gain":0,"player_choice":"Upgraded","damage_taken":0,"max_hp_gain":0,"max_hp_loss":0,"event_name":"Upgrade Shrine","floor":29,"gold_loss":0,"cards_upgraded":["conspire:PoisonWeapons"]}],"is_beta":false,"boss_relics":[{"not_picked":["Philosopher\u0027s Stone","hubris:VirtuousBlindfold"],"picked":"Busted Crown"}],"items_purged_floors":[],"is_endless":false,"potions_floor_spawned":[4,16,19,22],"killed_by":"Cultist and Chosen","ascension_level":0}}