{"host":"2d926qfvvz477zl6","time":1613967218,"event":{"mods":["Aspiration","BaseMod","Challenge The Spire","Conspire","Downfall","GifTheSpireLib","GungeonMod","Halation","Hermit","Hubris","Infinite Spire","Minty Spire (QoL Compilation)","Morshu Shopkeeper","Permanent Neow","Quick Restart","Rare Cards Sparkle","Reliquary","Replay The Spire","Shedinja","Somnambulant","Spicy Shops","StSLib","Stuff the Spire","Td1madao Mod","The Blue Laboratory","The Bug Knight","The Construct","The Cursed","The Disciple","The Forsaken","The Hierophant","TheFirefly","Wandering Minibosses","Wide Potions","everything is the same but u backflip on backflip","slay the spire mod where everything is the same but ironclad has a cowboy hat"],"gold_per_floor":[111,304,479,21,48,48,89,89,89,89,121,121,139,156,156,261,261,281,206,206,206,206,206,206,236,260,271,271,290,290,301,301,409,409,427,427,77,98,111,111,111,131,131,131,131],"floor_reached":44,"language":"ENG","playtime":1218,"items_purged":["ReplayTheSpireMod:Splinters"],"score":564,"play_id":"87e54ef6-a739-4305-aed5-23766a8c1ea1","local_time":"20210221231338","is_ascension_mode":true,"campfire_choices":[{"data":"hermit:Manifest","floor":6.0,"key":"SMITH"},{"floor":10.0,"key":"REST"},{"floor":12.0,"key":"REST"},{"data":"hermit:Determination","floor":15.0,"key":"SMITH"},{"data":"hermit:Showdown","floor":23.0,"key":"SMITH"},{"floor":28.0,"key":"REST"},{"floor":32.0,"key":"REST"},{"floor":40,"key":"REST"}],"circlet_count":0,"master_deck":["hermit:Strike_Hermit","hermit:Strike_Hermit","hermit:Strike_Hermit","hermit:Strike_Hermit","hermit:Defend_Hermit","hermit:Defend_Hermit","hermit:Defend_Hermit","hermit:Snapshot","hermit:Covet","hermit:Determination+1","hermit:Scavenge+1","Doubt","Shame","hermit:Horror+1","hermit:Glare","hermit:Showdown+1","hermit:Manifest+1","hermit:Dive","hermit:PistolWhip","hermit:Desperado","hermit:PistolWhip","hermit:Gambit+1","hermit:Showdown+1","infinitespire:FinalStrike","hermit:Gestalt","hermit:SprayPray","hermit:Quickdraw+1","hermit:Roughhouse","hermit:WideOpen+1","hermit:Virtue","hermit:WideOpen"],"relics":["hermit:Momento","hermit:CharredGlove","conspire:TopHat","reliquary:CitrusReamer","War Paint","Pocketwatch","conspire:Flyswatter","StuffTheSpire:MayFlowers","reliquary:WritOfMandamus","Replay:Bottled Steam","hubris:RunicObelisk","infinitespire:EmpoweringShard","aspiration:ChemicalBlood","Pen Nib","halation:Risk","Membership Card","StuffTheSpire:Gunfinga","Kunai","halation:RedSoulGem","infinitespire:Satchel"],"acts_visited":["Exordium","TheCity","TheBeyond"],"potions_floor_usage":[38,39,39],"damage_taken":[{"damage":6.0,"enemies":"2 Louse","floor":1.0,"turns":3.0},{"damage":2.0,"enemies":"Small Slimes","floor":5.0,"turns":3.0},{"damage":27.0,"enemies":"Lagavulin","floor":7.0,"turns":7.0},{"damage":10.0,"enemies":"Gremlin Nob","floor":11.0,"turns":3.0},{"damage":0.0,"enemies":"Jaw Worm","floor":13.0,"turns":3.0},{"damage":5.0,"enemies":"2 Fungi Beasts","floor":14.0,"turns":3.0},{"damage":27.0,"enemies":"Slime Boss","floor":16.0,"turns":4.0},{"damage":8.0,"enemies":"3 Byrds","floor":18.0,"turns":5.0},{"damage":26.0,"enemies":"conspire:SneckoGhost","floor":25.0,"turns":5.0},{"damage":11.0,"enemies":"Shell Parasite","floor":27.0,"turns":2.0},{"damage":23.0,"enemies":"Centurion and Healer","floor":29.0,"turns":4.0},{"damage":11.0,"enemies":"3 Cultists","floor":31.0,"turns":4.0},{"damage":3.0,"enemies":"Automaton","floor":33.0,"turns":6.0},{"damage":0.0,"enemies":"Orb Walker","floor":35.0,"turns":1.0},{"damage":61,"enemies":"3 Shapes","floor":38,"turns":5},{"damage":0,"enemies":"Sphere and 2 Shapes","floor":39,"turns":1},{"damage":11,"enemies":"Writhing Mass","floor":42,"turns":2},{"damage":22,"enemies":"Giant Head","floor":44,"turns":3}],"seed_played":"-5695668019898497336","potions_obtained":[{"floor":5.0,"key":"blueLaboratory:HorrorPotion"},{"floor":7.0,"key":"blueLaboratory:FruitPunch"},{"floor":13.0,"key":"champ:CounterPotion"},{"floor":16.0,"key":"blueLaboratory:FruitPunch"},{"floor":18.0,"key":"DemoMod:LeadSkinPotion"},{"floor":27.0,"key":"Explosive Potion"},{"floor":35.0,"key":"PowerPotion"},{"floor":42,"key":"hermit:Tonic"}],"is_trial":false,"path_per_floor":["M","?","?","$","M","R","E","?","T","R","E","R","M","M","R","B",null,"M","?","T","?","?","R","AVR","E","T","M","R","M","?","M","R","B",null,"M","?","$","M","M","R","?","M","T","E"],"character_chosen":"HERMIT","items_purchased":["conspire:TopHat","reliquary:CitrusReamer","hermit:Horror","hermit:Glare","hermit:Showdown","War Paint","Membership Card","StuffTheSpire:Gunfinga","Kunai"],"campfire_rested":5,"item_purchase_floors":[4,4,4,4,4,4,37,37,37],"current_hp_per_floor":[44,44,44,44,42,42,15,15,15,37,29,52,52,47,47,20,63,57,57,57,57,57,57,57,31,31,20,43,20,20,9,32,32,67,67,67,67,6,6,29,29,18,18,0,0],"gold":131,"neow_bonus":"ONE_RARE_RELIC","is_daily":false,"chose_seed":false,"campfire_upgraded":3,"win_rate":0.0,"timestamp":1613967218,"path_taken":["M","?","?","$","M","R","E","?","T","R","E","R","M","M","R","BOSS","M","?","?","?","?","R","AVR","E","T","M","R","M","?","M","R","BOSS","M","?","$","?","M","R","?","M","T","E"],"items_purchased_type":["Relic","Relic","Card","Card","Card","Relic","Relic","Relic","Relic"],"build_version":"2020-12-22","purchased_purges":1,"victory":false,"max_hp_per_floor":[75,75,75,75,75,75,75,75,75,75,77,77,77,77,77,77,77,79,79,79,79,79,79,79,79,79,79,79,79,79,79,79,79,79,79,79,79,79,79,79,79,79,79,79,79],"card_choices":[{"not_picked":["hermit:Malice","hermit:Midnight"],"picked":"hermit:Determination","floor":1.0},{"not_picked":["hermit:Coalescence","hermit:LoneWolf"],"picked":"hermit:Scavenge","floor":2.0},{"not_picked":["hermit:Roulette","hermit:WideOpen"],"picked":"hermit:Manifest","floor":5.0},{"not_picked":["hermit:Feint","hermit:TrackingShot"],"picked":"hermit:Dive","floor":7.0},{"not_picked":["hermit:Vantage","hermit:Purgatory"],"picked":"hermit:PistolWhip","floor":11.0},{"not_picked":["hermit:DeadMansHand","hermit:SprayPray"],"picked":"hermit:Desperado","floor":13.0},{"not_picked":["hermit:Roulette","hermit:DeadMansHand"],"picked":"hermit:PistolWhip","floor":14.0},{"not_picked":["hermit:Purgatory","hermit:EternalForm"],"picked":"hermit:Gambit","floor":16.0},{"not_picked":["hermit:Enervate","hermit:ItchyTrigger"],"picked":"hermit:Showdown","floor":18.0},{"not_picked":["hermit:HighCaliber","hermit:CursedWeapon"],"picked":"hermit:Gestalt","floor":25.0},{"not_picked":["hermit:Determination+1","hermit:Dissolve"],"picked":"hermit:SprayPray","floor":27.0},{"not_picked":["hermit:BodyArmor","hermit:Roulette"],"picked":"hermit:Quickdraw+1","floor":29.0},{"not_picked":["hermit:Headshot+1","hermit:Misfire","hermit:Manifest"],"picked":"SKIP","floor":31.0},{"not_picked":["hermit:FinalCanter","hermit:OverwhelmingPower"],"picked":"hermit:Roughhouse","floor":33.0},{"not_picked":["hermit:Combo+1","hermit:LowProfile+1"],"picked":"hermit:WideOpen+1","floor":35.0},{"not_picked":["hermit:ItchyTrigger+1","hermit:Horror+1"],"picked":"hermit:Virtue","floor":38},{"not_picked":["hermit:EternalForm","hermit:Virtue","hermit:Quickdraw+1"],"picked":"SKIP","floor":39},{"not_picked":["hermit:Shortfuse","hermit:Manifest+1"],"picked":"hermit:WideOpen","floor":42}],"player_experience":500972,"relics_obtained":[{"floor":7.0,"key":"Pocketwatch"},{"floor":9.0,"key":"conspire:Flyswatter"},{"floor":11.0,"key":"StuffTheSpire:MayFlowers"},{"floor":20.0,"key":"Replay:Bottled Steam"},{"floor":25.0,"key":"aspiration:ChemicalBlood"},{"floor":26.0,"key":"Pen Nib"},{"floor":43,"key":"infinitespire:Satchel"}],"event_choices":[{"damage_healed":0.0,"max_hp_gain":0.0,"max_hp_loss":0.0,"gold_gain":175.0,"event_name":"Liars Game","player_choice":"AGREE","floor":3.0,"gold_loss":0.0,"damage_taken":0.0,"cards_obtained":["Doubt"]},{"cards_removed":["hermit:Defend_Hermit"],"damage_healed":0.0,"max_hp_gain":0.0,"max_hp_loss":0.0,"gold_gain":0.0,"event_name":"Beggar","player_choice":"Gave Gold","floor":19.0,"gold_loss":75.0,"damage_taken":0.0},{"damage_healed":0.0,"max_hp_gain":0.0,"max_hp_loss":0.0,"gold_gain":0.0,"event_name":"Vampires","player_choice":"Ignored","floor":22.0,"gold_loss":0.0,"damage_taken":0.0},{"damage_healed":0.0,"max_hp_gain":0.0,"max_hp_loss":0.0,"gold_gain":0.0,"event_name":"conspire:Investor","player_choice":"Leave","floor":30.0,"gold_loss":0.0,"damage_taken":0.0},{"damage_healed":0.0,"max_hp_gain":0.0,"max_hp_loss":0.0,"gold_gain":0.0,"event_name":"Upgrade Shrine","player_choice":"Upgraded","floor":36.0,"gold_loss":0.0,"damage_taken":0.0,"cards_upgraded":["hermit:Gambit"]}],"is_beta":false,"boss_relics":[{"not_picked":["infinitespire:Cupcake","halation:LoveArrow"],"picked":"reliquary:WritOfMandamus"},{"not_picked":["hubris:GrandSneckoEye","reliquary:KinkedSpring"],"picked":"halation:Risk"}],"items_purged_floors":[24],"is_endless":false,"potions_floor_spawned":[5,7,13,16,18,27,35,42],"killed_by":"Giant Head","ascension_level":6}}