{"host":"eaiphzh066bwqdh7","time":1613954330,"event":{"mods":["AchievementEnabler","Aspiration","BaseMod","Bestiary","Better Note","Better Third Choice","Colored Powertips","Curses Come First","GifTheSpireLib","Halation","Highlight Path","Hubris","Infinite Spire","Minty Spire (QoL Compilation)","Quick Restart","Reliquary","Replay The Spire","StSLib","Stuff the Spire"],"gold_per_floor":[118,118,130,140,140,140,175,198,278,322,322,322,322,322,322,450,450,464,489,512,551,183,183,183,29,100,100,199,199,199,217,217,337,337,356,43,58,58,79,79,79,79,158,158,171,171,207,207,207,207],"floor_reached":51,"language":"ENG","playtime":1356,"items_purged":["Injury"],"score":865,"play_id":"b43f1ab2-808b-4ce1-a1c9-2b76641906ad","local_time":"20210221193850","is_ascension_mode":true,"campfire_choices":[{"data":"WindmillStrike","floor":6,"key":"SMITH"},{"floor":11,"key":"REST"},{"data":"Prostrate","floor":12,"key":"SMITH"},{"data":"Prostrate","floor":13,"key":"SMITH"},{"floor":15,"key":"REST"},{"floor":23,"key":"REST"},{"floor":30,"key":"REST"},{"floor":32,"key":"REST"},{"floor":40,"key":"REST"},{"floor":42,"key":"REST"},{"data":"Devotion","floor":46,"key":"SMITH"}],"circlet_count":0,"master_deck":["Strike_P","Strike_P","Strike_P","Strike_P","Defend_P","Defend_P","Defend_P","Eruption","Vigilance","WindmillStrike+1","Prostrate+1","Prostrate+1","StuffTheSpire:Innocence","Brilliance","Prostrate","Protect","Protect","Vault","CurseOfTheBell","Devotion+1","Study+1","Panacea","PathToVictory+1"],"relics":["PureWater","hubris:ToyBattleship","Golden Idol","WingedGreaves","hubris:MysteriousPyramids","Replay:Kaleidoscope","hubris:Stopwatch","Red Mask","Pocketwatch","hubris:EmptyBottle","reliquary:Firecrackers","aspiration:RitualStick","Calling Bell","reliquary:Boomerang","Iron Hammer","halation:QuantumPhysicsTextbook","Blood Vial","hubris:Towel","Mirror","hubris:SlimyHat","FossilizedHelix"],"acts_visited":["Exordium","TheCity","TheBeyond"],"potions_floor_usage":[7,8,16,16,31,31,31,33,33,33,47,47,50,50,50,50,50,50],"damage_taken":[{"damage":0,"enemies":"Small Slimes","floor":1,"turns":2},{"damage":0,"enemies":"Cultist","floor":3,"turns":2},{"damage":0,"enemies":"2 Louse","floor":4,"turns":2},{"damage":0,"enemies":"Lagavulin","floor":7,"turns":1},{"damage":0,"enemies":"Large Slime","floor":8,"turns":4},{"damage":32,"enemies":"Gremlin Nob","floor":10,"turns":3},{"damage":61,"enemies":"Slime Boss","floor":16,"turns":6},{"damage":0,"enemies":"Spheric Guardian","floor":18,"turns":3},{"damage":0,"enemies":"Chosen","floor":19,"turns":4},{"damage":33,"enemies":"Shelled Parasite and Fungi","floor":20,"turns":7},{"damage":0,"enemies":"Masked Bandits","floor":21,"turns":3},{"damage":2,"enemies":"Centurion and Healer","floor":31,"turns":3},{"damage":3,"enemies":"Automaton","floor":33,"turns":6},{"damage":20,"enemies":"3 Shapes","floor":35,"turns":4},{"damage":0,"enemies":"Orb Walker","floor":37,"turns":4},{"damage":14,"enemies":"Writhing Mass","floor":39,"turns":3},{"damage":0,"enemies":"4 Shapes","floor":45,"turns":5},{"damage":2,"enemies":"Reptomancer","floor":47,"turns":5},{"damage":39,"enemies":"Awakened One","floor":50,"turns":9}],"seed_played":"-813253058823602005","potions_obtained":[{"floor":2,"key":"infinitespire:BlackPotion"},{"floor":2,"key":"Dexterity Potion"},{"floor":2,"key":"Reflective Coating"},{"floor":3,"key":"infinitespire:BlackPotion"},{"floor":7,"key":"CultistPotion"},{"floor":10,"key":"Elixir"},{"floor":20,"key":"PowerPotion"},{"floor":21,"key":"Dexterity Potion"},{"floor":31,"key":"LiquidBronze"},{"floor":45,"key":"Energy Potion"},{"floor":47,"key":"Toxic Potion"},{"floor":49,"key":"Languid Potion"},{"floor":49,"key":"AttackPotion"}],"is_trial":false,"path_per_floor":["M","?","M","M","?","R","E","M","T","E","R","R","R","?","R","B",null,"M","M","M","?","$","R","R","$","T","?","?","?","R","M","R","B",null,"M","$","M","?","M","R","?","R","T","?","M","R","E","?","R","B",null],"character_chosen":"WATCHER","items_purchased":["Pocketwatch","hubris:EmptyBottle","Blood Vial","Devotion"],"campfire_rested":7,"item_purchase_floors":[22,25,36,36],"current_hp_per_floor":[72,72,72,72,72,72,72,72,72,40,61,61,61,54,72,11,72,72,72,39,39,39,60,60,60,60,60,60,46,67,65,72,69,72,52,52,54,54,42,63,63,72,72,72,72,72,70,70,70,33],"gold":207,"neow_bonus":"RANDOM_COMMON_RELIC","is_daily":false,"chose_seed":false,"campfire_upgraded":4,"win_rate":0.0,"timestamp":1613954330,"path_taken":["M","?","?","M","?","R","E","M","T","E","R","R","R","?","R","BOSS","M","M","M","?","$","R","R","$","T","?","?","?","R","M","R","BOSS","M","$","M","?","M","R","?","R","T","?","?","R","E","?","R","BOSS"],"items_purchased_type":["Relic","Relic","Relic","Card"],"build_version":"2020-12-22","purchased_purges":1,"victory":true,"max_hp_per_floor":[72,72,72,72,72,72,72,72,72,72,72,72,72,72,72,72,72,72,72,72,72,72,72,72,72,72,72,72,72,72,72,72,72,72,72,72,72,72,72,72,72,72,72,72,72,72,72,72,72,72],"card_choices":[{"not_picked":["Evaluate","EmptyFist","Crescendo"],"picked":"SKIP","floor":1},{"not_picked":["FlyingSleeves","SandsOfTime","InnerPeace"],"picked":"SKIP","floor":3},{"not_picked":["ConjureBlade","Nirvana"],"picked":"WindmillStrike","floor":4},{"not_picked":["Crescendo","EmptyFist"],"picked":"Prostrate","floor":7},{"not_picked":["InnerPeace","EmptyFist","Replay:BluntJabs"],"picked":"SKIP","floor":8},{"not_picked":["Replay:Battleflow","EmptyFist"],"picked":"Prostrate","floor":10},{"not_picked":["Blasphemy","Ragnarok"],"picked":"Brilliance","floor":16},{"not_picked":["Replay:BluntJabs","InnerPeace","Replay:Battleflow+1"],"picked":"SKIP","floor":18},{"not_picked":["Weave","Evaluate","Fasting2+1"],"picked":"SKIP","floor":19},{"not_picked":["Pray","InnerPeace"],"picked":"Prostrate","floor":20},{"not_picked":["InnerPeace+1","Evaluate"],"picked":"Protect","floor":21},{"not_picked":["FearNoEvil","CutThroughFate+1"],"picked":"Protect","floor":31},{"not_picked":["Blasphemy","Omniscience"],"picked":"Vault","floor":33},{"not_picked":["EmptyBody","Protect","Replay:BluntJabs"],"picked":"SKIP","floor":35},{"not_picked":["FlyingSleeves+1","Replay:AllIn","Replay:AtTheReady"],"picked":"SKIP","floor":37},{"not_picked":["BowlingBash","EmptyFist"],"picked":"Study+1","floor":39},{"not_picked":["Secret Technique","Discovery"],"picked":"Panacea","floor":41},{"not_picked":["Evaluate+1","FlyingSleeves+1","Replay:ManipulateFuture"],"picked":"SKIP","floor":45},{"not_picked":["Indignation+1","FlyingSleeves+1"],"picked":"PathToVictory+1","floor":47}],"player_experience":343766,"relics_obtained":[{"floor":7,"key":"WingedGreaves"},{"floor":9,"key":"hubris:MysteriousPyramids"},{"floor":10,"key":"Replay:Kaleidoscope"},{"floor":21,"key":"Red Mask"},{"floor":26,"key":"reliquary:Firecrackers"},{"floor":34,"key":"reliquary:Boomerang"},{"floor":34,"key":"Iron Hammer"},{"floor":34,"key":"halation:QuantumPhysicsTextbook"},{"floor":43,"key":"Mirror"},{"floor":47,"key":"FossilizedHelix"}],"event_choices":[{"damage_healed":0,"gold_gain":0,"player_choice":"Got Potions","damage_taken":0,"max_hp_gain":0,"max_hp_loss":0,"event_name":"Lab","floor":2,"gold_loss":0},{"damage_healed":0,"gold_gain":0,"player_choice":"Take Wound","damage_taken":0,"relics_obtained":["Golden Idol"],"max_hp_gain":0,"max_hp_loss":0,"event_name":"Golden Idol","floor":5,"gold_loss":0,"cards_obtained":["Injury"]},{"damage_healed":0,"gold_gain":0,"player_choice":"Fought Bandits","damage_taken":0,"max_hp_gain":0,"max_hp_loss":0,"event_name":"Masked Bandits","floor":21,"gold_loss":0},{"damage_healed":0,"gold_gain":99,"player_choice":"Steal","damage_taken":0,"max_hp_gain":0,"max_hp_loss":0,"event_name":"betterThird:BetterNest","floor":28,"gold_loss":0},{"damage_healed":0,"gold_gain":0,"player_choice":"Memory 1","damage_taken":0,"max_hp_gain":0,"max_hp_loss":0,"event_name":"SensoryStone","floor":41,"gold_loss":0},{"damage_healed":0,"gold_gain":0,"player_choice":"Gave Potion","damage_taken":0,"relics_obtained":["hubris:SlimyHat"],"max_hp_gain":0,"max_hp_loss":0,"event_name":"WeMeetAgain","floor":44,"gold_loss":0},{"cards_removed":["Defend_P"],"damage_healed":0,"gold_gain":0,"player_choice":"Removed Skill","damage_taken":0,"max_hp_gain":0,"max_hp_loss":0,"event_name":"Falling","floor":48,"gold_loss":0}],"is_beta":false,"boss_relics":[{"not_picked":["Sozu","Replay:Drink Me"],"picked":"hubris:Stopwatch"},{"not_picked":["hubris:CrackedHourglass","reliquary:RustamsPendant"],"picked":"Calling Bell"}],"items_purged_floors":[22],"is_endless":false,"potions_floor_spawned":[3,7,10,20,21,31,45,47],"ascension_level":4}}