{"host":"19r1ww88x2tc73i0","time":1613977369,"event":{"mods":["BaseMod","BetterRewards","Colored Map","Minty Spire (QoL Compilation)","Relic Stats","StSLib","SuperFastMode","slay the spire mod where everything is the same but ironclad has a cowboy hat"],"gold_per_floor":[118,118,138,156,174,174,200,200,200,232,507,536,536,210,210,282,282,295,312,178,178,112,112,141,141,141,141,175,225,225,239,239,311,311,329,329,256,309,325,357,357,386,409,451,451,469,13,42,42,42,42,42,42,17,54,54,54],"floor_reached":56,"language":"ENG","playtime":2449,"items_purged":["Strike_B","Regret"],"score":2793,"play_id":"7f829f5a-806a-4a77-bba7-20b3512c6723","local_time":"25640222140249","is_ascension_mode":true,"campfire_choices":[{"data":"Defragment","floor":6.0,"key":"SMITH"},{"data":"Capacitor","floor":8.0,"key":"SMITH"},{"data":"Dualcast","floor":13.0,"key":"SMITH"},{"data":"Heatsinks","floor":15.0,"key":"SMITH"},{"data":"Static Discharge","floor":23.0,"key":"SMITH"},{"data":"Loop","floor":32.0,"key":"SMITH"},{"floor":45.0,"key":"REST"},{"floor":49.0,"key":"RECALL"},{"floor":53.0,"key":"REST"}],"circlet_count":0,"master_deck":["AscendersBane","Defend_B","Defend_B","Defend_B+1","Defend_B+1","Zap+1","Dualcast+1","Compile Driver","BootSequence+1","Hologram+1","Defragment+1","Capacitor+1","Reinforced Body+1","Reboot+1","Electrodynamics","Loop+1","Heatsinks+1","Echo Form","Leap+1","Stack+1","Defragment+1","Static Discharge+1","Necronomicurse","Steam Power+1","Sunder","Scrape","Tempest+1","Rainbow+1","Tempest+1","Panacea+1","Chill+1","Reprogram+1","Coolheaded+1","Storm","Defragment","Defragment","Defragment","Apotheosis+1","Capacitor","Conserve Battery+1","Self Repair","Force Field+1"],"relics":["Cracked Core","Cables","Bag of Preparation","Juzu Bracelet","PreservedInsect","Bronze Scales","HornCleat","Art of War","Toxic Egg 2","Mummified Hand","Ancient Tea Set","The Courier","Shuriken","Philosopher\u0027s Stone","DollysMirror","Ornamental Fan","Necronomicon","Gremlin Horn","Pen Nib","Fusion Hammer","DataDisk","CeramicFish","Bag of Marbles","War Paint","StrikeDummy"],"acts_visited":["Exordium","TheCity","TheBeyond","TheEnding"],"potions_floor_usage":[55,55],"damage_taken":[{"damage":0.0,"enemies":"2 Louse","floor":1.0,"turns":3.0},{"damage":0.0,"enemies":"Cultist","floor":3.0,"turns":2.0},{"damage":0.0,"enemies":"Jaw Worm","floor":4.0,"turns":2.0},{"damage":0.0,"enemies":"Large Slime","floor":5.0,"turns":3.0},{"damage":5.0,"enemies":"3 Sentries","floor":7.0,"turns":4.0},{"damage":0.0,"enemies":"Gremlin Nob","floor":10.0,"turns":2.0},{"damage":7.0,"enemies":"Lagavulin","floor":12.0,"turns":4.0},{"damage":16.0,"enemies":"Hexaghost","floor":16.0,"turns":6.0},{"damage":0.0,"enemies":"3 Byrds","floor":18.0,"turns":3.0},{"damage":0.0,"enemies":"Spheric Guardian","floor":19.0,"turns":3.0},{"damage":0.0,"enemies":"Book of Stabbing","floor":24.0,"turns":3.0},{"damage":0.0,"enemies":"Slavers","floor":28.0,"turns":1.0},{"damage":0.0,"enemies":"Snake Plant","floor":31.0,"turns":2.0},{"damage":18.0,"enemies":"Champ","floor":33.0,"turns":6.0},{"damage":0.0,"enemies":"Orb Walker","floor":35.0,"turns":3.0},{"damage":0.0,"enemies":"3 Darklings","floor":39.0,"turns":3.0},{"damage":10.0,"enemies":"Nemesis","floor":40.0,"turns":5.0},{"damage":0.0,"enemies":"Sphere and 2 Shapes","floor":42.0,"turns":3.0},{"damage":0.0,"enemies":"Reptomancer","floor":44.0,"turns":3.0},{"damage":0.0,"enemies":"Writhing Mass","floor":46.0,"turns":3.0},{"damage":0.0,"enemies":"Spire Growth","floor":48.0,"turns":3.0},{"damage":6.0,"enemies":"Time Eater","floor":50.0,"turns":8.0},{"damage":7.0,"enemies":"Donu and Deca","floor":51.0,"turns":4.0},{"damage":0,"enemies":"Shield and Spear","floor":55,"turns":1},{"damage":69,"enemies":"The Heart","floor":56,"turns":3}],"seed_played":"4599433206357419542","potions_obtained":[{"floor":3.0,"key":"GamblersBrew"},{"floor":4.0,"key":"Regen Potion"},{"floor":5.0,"key":"FocusPotion"},{"floor":18.0,"key":"SkillPotion"},{"floor":31.0,"key":"DuplicationPotion"}],"is_trial":false,"path_per_floor":["M","?","M","M","M","R","E","R","T","E","?","E","R","$","R","B",null,"M","M","$","?","$","R","E","?","T","?","E","?","?","M","R","B",null,"M","?","$","T","M","E","?","M","T","E","R","M","$","M","R","B","B",null,"R","$","E","B"],"character_chosen":"DEFECT","items_purchased":["Cables","Bag of Preparation","Juzu Bracelet","PreservedInsect","Bronze Scales","HornCleat","Art of War","Toxic Egg 2","Mummified Hand","Electrodynamics","Loop","Heatsinks","DollysMirror","Static Discharge","Panacea+1","Coolheaded+1","Storm","Defragment","Defragment","Defragment","Apotheosis+1","Capacitor","Self Repair"],"campfire_rested":2,"item_purchase_floors":[0,0,0,0,0,0,0,0,0,14,14,14,20,22,37,47,47,47,47,47,47,47,54],"current_hp_per_floor":[64,64,64,64,64,64,59,59,59,59,59,52,52,52,52,36,62,62,62,62,62,62,62,62,41,41,41,41,41,41,41,41,23,59,59,55,55,55,55,45,45,45,45,45,65,65,65,65,65,59,52,63,67,67,67,0,0],"gold":54,"neow_bonus":"","is_daily":false,"chose_seed":false,"campfire_upgraded":6,"win_rate":0.0,"timestamp":1613977369,"path_taken":["M","?","M","M","M","R","E","R","T","E","?","E","R","$","R","BOSS","M","M","$","?","$","R","E","?","T","?","E","?","?","M","R","BOSS","M","?","$","?","M","E","?","M","T","E","R","M","$","M","R","BOSS","BOSS","R","$","E","BOSS"],"items_purchased_type":["Relic","Relic","Relic","Relic","Relic","Relic","Relic","Relic","Relic","Card","Card","Card","Relic","Card","Card","Card","Card","Card","Card","Card","Card","Card","Card"],"build_version":"2020-12-22","purchased_purges":2,"victory":false,"max_hp_per_floor":[71,71,71,71,71,71,71,71,71,71,71,71,71,71,71,71,71,71,71,71,71,71,71,71,71,71,71,71,71,71,71,71,71,71,71,71,71,71,71,71,67,67,67,67,67,67,67,67,67,67,67,67,67,67,67,67,67],"relic_stats":{"Gremlin Horn":[12,12],"counters":[117,519],"CeramicFish":270,"PreservedInsect":952,"Pen Nib":[18],"Bag of Preparation":[52],"Juzu Bracelet":5,"War Paint":["Defend_B","Defend_B"],"Cables":[75,64,7,4,0],"Mummified Hand":[215],"Shuriken":[2],"Ornamental Fan":[564],"Bronze Scales":[511],"Art of War":[22],"Necronomicon":[7],"obtain_stats":[{"Ice Cream":0,"Gremlin Horn":28,"CeramicFish":24,"Vajra":14,"Runic Capacitor":0,"Boot":30,"FrozenCore":17,"Blood Vial":43,"Centennial Puzzle":0,"HornCleat":0,"Sundial":12,"DollysMirror":20,"MealTicket":40,"Philosopher\u0027s Stone":17,"Fusion Hammer":34,"Necronomicon":25,"Toxic Egg 2":32,"Happy Flower":0,"Astrolabe":17,"Dead Branch":7,"Oddly Smooth Stone":0,"Eternal Feather":47,"Pen Nib":0,"War Paint":44,"Question Card":7,"Cables":0,"SlaversCollar":17,"Bottled Flame":42,"Shuriken":9,"Bronze Scales":45,"StrikeDummy":55,"Meat on the Bone":27,"Regal Pillow":31,"Lantern":3,"Singing Bowl":14,"SacredBark":34,"Enchiridion":24,"Incense Burner":0,"Juzu Bracelet":13,"Bag of Preparation":55,"PrismaticShard":27,"Smiling Mask":9,"Ancient Tea Set":7,"ClockworkSouvenir":12,"Shovel":0,"Matryoshka":12,"Mummified Hand":0,"Pantograph":0,"Tiny Chest":26,"WingedGreaves":6,"Red Mask":20,"Chemical X":4,"Cracked Core":0,"Potion Belt":14,"Lee\u0027s Waffle":0,"Inserter":34,"Golden Idol":2,"Thread and Needle":0,"PreservedInsect":0,"The Courier":10,"Omamori":26,"White Beast Statue":0,"Mercury Hourglass":8,"Strange Spoon":37,"DataDisk":9,"Anchor":0,"Ornamental Fan":24,"Orrery":54,"Turnip":30,"Coffee Dripper":34,"Art of War":54,"Bag of Marbles":43,"Membership Card":31,"Toy Ornithopter":5},{"Ice Cream":66,"Gremlin Horn":20,"CeramicFish":19,"Vajra":33,"Runic Capacitor":27,"Boot":21,"FrozenCore":15,"Blood Vial":84,"Centennial Puzzle":6,"HornCleat":47,"Sundial":32,"DollysMirror":102,"MealTicket":46,"Philosopher\u0027s Stone":100,"Fusion Hammer":106,"Necronomicon":103,"Toxic Egg 2":78,"Happy Flower":27,"Astrolabe":34,"Dead Branch":57,"Oddly Smooth Stone":6,"Eternal Feather":87,"Pen Nib":47,"War Paint":111,"Question Card":68,"Cables":92,"SlaversCollar":72,"Bottled Flame":84,"Shuriken":30,"Bronze Scales":85,"StrikeDummy":116,"Meat on the Bone":75,"Regal Pillow":21,"Lantern":67,"Singing Bowl":71,"SacredBark":42,"Enchiridion":75,"Incense Burner":27,"Juzu Bracelet":59,"Bag of Preparation":91,"PrismaticShard":38,"Smiling Mask":58,"Ancient Tea Set":97,"ClockworkSouvenir":58,"Shovel":6,"Matryoshka":13,"Mummified Hand":51,"Pantograph":51,"Tiny Chest":19,"WingedGreaves":11,"Red Mask":74,"Chemical X":67,"Cracked Core":0,"Potion Belt":14,"Lee\u0027s Waffle":6,"Inserter":22,"Golden Idol":67,"Thread and Needle":27,"PreservedInsect":92,"The Courier":98,"Omamori":19,"White Beast Statue":66,"Mercury Hourglass":13,"Strange Spoon":44,"DataDisk":13,"Anchor":47,"Ornamental Fan":103,"Orrery":90,"Turnip":77,"Coffee Dripper":79,"Art of War":90,"Bag of Marbles":110,"Membership Card":21,"Toy Ornithopter":67},{"Ice Cream":294,"Gremlin Horn":92,"CeramicFish":87,"Vajra":156,"Runic Capacitor":137,"Boot":97,"FrozenCore":65,"Blood Vial":384,"Centennial Puzzle":22,"HornCleat":222,"Sundial":152,"DollysMirror":469,"MealTicket":220,"Philosopher\u0027s Stone":464,"Fusion Hammer":480,"Necronomicon":472,"Toxic Egg 2":354,"Happy Flower":137,"Astrolabe":164,"Dead Branch":254,"Oddly Smooth Stone":22,"Eternal Feather":402,"Pen Nib":222,"War Paint":497,"Question Card":301,"Cables":438,"SlaversCollar":322,"Bottled Flame":384,"Shuriken":145,"Bronze Scales":391,"StrikeDummy":516,"Meat on the Bone":335,"Regal Pillow":97,"Lantern":297,"Singing Bowl":310,"SacredBark":194,"Enchiridion":335,"Incense Burner":137,"Juzu Bracelet":261,"Bag of Preparation":431,"PrismaticShard":173,"Smiling Mask":256,"Ancient Tea Set":452,"ClockworkSouvenir":256,"Shovel":22,"Matryoshka":53,"Mummified Hand":235,"Pantograph":235,"Tiny Chest":87,"WingedGreaves":43,"Red Mask":330,"Chemical X":297,"Cracked Core":0,"Potion Belt":57,"Lee\u0027s Waffle":22,"Inserter":105,"Golden Idol":297,"Thread and Needle":137,"PreservedInsect":438,"The Courier":454,"Omamori":87,"White Beast Statue":294,"Mercury Hourglass":53,"Strange Spoon":202,"DataDisk":53,"Anchor":222,"Ornamental Fan":472,"Orrery":425,"Turnip":348,"Coffee Dripper":363,"Art of War":425,"Bag of Marbles":494,"Membership Card":97,"Toy Ornithopter":297}]},"card_choices":[{"not_picked":["Self Repair","Blizzard"],"picked":"Compile Driver","floor":1.0},{"not_picked":["Compile Driver","Sweeping Beam"],"picked":"BootSequence+1","floor":3.0},{"not_picked":["Ball Lightning","Streamline"],"picked":"Hologram+1","floor":4.0},{"not_picked":["Cold Snap","BootSequence+1"],"picked":"Defragment","floor":5.0},{"not_picked":["Compile Driver","Loop"],"picked":"Capacitor","floor":7.0},{"not_picked":["Turbo+1","Steam Power+1"],"picked":"Reinforced Body+1","floor":10.0},{"not_picked":["Aggregate+1","Blizzard"],"picked":"Reboot+1","floor":12.0},{"not_picked":["Rainbow+1","Electrodynamics"],"picked":"Echo Form","floor":16.0},{"not_picked":["Gash","Streamline"],"picked":"Leap+1","floor":18.0},{"not_picked":["Loop","Sweeping Beam"],"picked":"Stack+1","floor":19.0},{"not_picked":["Reprogram+1","Rebound","Sunder"],"picked":"SKIP","floor":24.0},{"not_picked":["Loop","Beam Cell"],"picked":"Steam Power+1","floor":28.0},{"not_picked":["Go for the Eyes","Stack+1"],"picked":"Tempest+1","floor":31.0},{"not_picked":["Meteor Strike","Machine Learning"],"picked":"Rainbow+1","floor":33.0},{"not_picked":["Cold Snap","Stack+1"],"picked":"Tempest+1","floor":35.0},{"not_picked":["Sweeping Beam","Tempest+1","Consume+1"],"picked":"SKIP","floor":39.0},{"not_picked":["Redo+1","Melter","Stack+1"],"picked":"SKIP","floor":40.0},{"not_picked":["Hello World","Compile Driver+1"],"picked":"Chill+1","floor":42.0},{"not_picked":["Sweeping Beam","Sunder"],"picked":"Reprogram+1","floor":44.0},{"not_picked":["Chaos+1","Meteor Strike","Rebound"],"picked":"SKIP","floor":46.0},{"not_picked":["Chaos+1","Meteor Strike","Rebound"],"picked":"SKIP","floor":46.0},{"not_picked":["Barrage","Steam Power+1"],"picked":"Conserve Battery+1","floor":48.0},{"not_picked":["Undo+1","Sweeping Beam"],"picked":"Force Field+1","floor":55}],"player_experience":1139539,"relics_obtained":[{"floor":7.0,"key":"Ancient Tea Set"},{"floor":10.0,"key":"The Courier"},{"floor":12.0,"key":"Shuriken"},{"floor":24.0,"key":"Ornamental Fan"},{"floor":25.0,"key":"Necronomicon"},{"floor":26.0,"key":"Gremlin Horn"},{"floor":28.0,"key":"Pen Nib"},{"floor":38.0,"key":"DataDisk"},{"floor":40.0,"key":"CeramicFish"},{"floor":43.0,"key":"Bag of Marbles"},{"floor":44.0,"key":"War Paint"},{"floor":55,"key":"StrikeDummy"}],"event_choices":[{"damage_healed":0.0,"max_hp_gain":0.0,"max_hp_loss":0.0,"gold_gain":0.0,"event_name":"Living Wall","player_choice":"Grow","floor":2.0,"gold_loss":0.0,"damage_taken":0.0,"cards_upgraded":["Zap"]},{"damage_healed":0.0,"max_hp_gain":0.0,"max_hp_loss":0.0,"gold_gain":275.0,"event_name":"Golden Shrine","player_choice":"Desecrate","floor":11.0,"gold_loss":0.0,"damage_taken":0.0,"cards_obtained":["Regret"]},{"cards_removed":["Strike_B"],"damage_healed":0.0,"max_hp_gain":0.0,"max_hp_loss":0.0,"gold_gain":0.0,"event_name":"Bonfire Elementals","player_choice":"Offered Basic","floor":21.0,"gold_loss":0.0,"damage_taken":0.0},{"damage_healed":0.0,"max_hp_gain":0.0,"max_hp_loss":0.0,"gold_gain":0.0,"event_name":"Cursed Tome","player_choice":"Obtained Book","floor":25.0,"gold_loss":0.0,"damage_taken":21.0},{"damage_healed":0.0,"max_hp_gain":0.0,"max_hp_loss":0.0,"gold_gain":0.0,"event_name":"Ghosts","player_choice":"Ignored","floor":27.0,"gold_loss":0.0,"damage_taken":0.0},{"damage_healed":0.0,"max_hp_gain":0.0,"max_hp_loss":0.0,"gold_gain":100.0,"event_name":"The Joust","player_choice":"Bet on Murderer","floor":29.0,"gold_loss":50.0,"damage_taken":0.0},{"damage_healed":0.0,"max_hp_gain":0.0,"max_hp_loss":0.0,"gold_gain":0.0,"cards_transformed":["Strike_B","Strike_B"],"event_name":"Drug Dealer","player_choice":"Became Test Subject","floor":30.0,"gold_loss":0.0,"damage_taken":0.0,"cards_obtained":["Sunder","Scrape"]},{"damage_healed":0.0,"max_hp_gain":0.0,"max_hp_loss":0.0,"gold_gain":0.0,"event_name":"The Woman in Blue","player_choice":"Bought 0 Potions","floor":36.0,"gold_loss":0.0,"damage_taken":0.0},{"damage_healed":0.0,"max_hp_gain":0.0,"max_hp_loss":4.0,"gold_gain":0.0,"event_name":"Winding Halls","player_choice":"Max HP","floor":41.0,"gold_loss":0.0,"damage_taken":0.0}],"is_beta":false,"boss_relics":[{"not_picked":["Runic Dome","Cursed Key"],"picked":"Philosopher\u0027s Stone"},{"not_picked":["Astrolabe","SlaversCollar"],"picked":"Fusion Hammer"}],"items_purged_floors":[0,14],"is_endless":false,"potions_floor_spawned":[3,4,5,18,31,39,40,44,46],"killed_by":"The Heart","ascension_level":20}}