{"host":"m2qkn877fkm57m2k","time":1613953611,"event":{"mods":["AchievementEnabler","Bartender","BaseMod","Colored Map","Magitek Elite","Minty Spire (QoL Compilation)","Permanent Neow","Relic Sorter","StSLib"],"gold_per_floor":[11,31,43,54,54,54,54],"floor_reached":6,"language":"ENG","playtime":730,"items_purged":[],"score":38,"play_id":"39483727-2276-4e79-ad0f-67120a22eb40","local_time":"20210222012651","is_ascension_mode":false,"campfire_choices":[],"circlet_count":0,"master_deck":["Strike_Bartender","Strike_Bartender","Strike_Bartender","Defend_Bartender","Defend_Bartender","Defend_Bartender","Defend_Bartender","Somersault","Apotheosis","Bouncer","Press_Forward","Glare","Fading_Blow"],"relics":["Sneakers"],"acts_visited":["Exordium"],"potions_floor_usage":[],"damage_taken":[{"damage":0,"enemies":"Cultist","floor":1,"turns":5},{"damage":3,"enemies":"Jaw Worm","floor":2,"turns":4},{"damage":2,"enemies":"2 Louse","floor":3,"turns":4},{"damage":24,"enemies":"Exordium Thugs","floor":4,"turns":9},{"damage":47,"enemies":"Gremlin Nob","floor":6,"turns":4}],"seed_played":"-5778768102242137082","potions_obtained":[{"floor":1,"key":"Dexterity Potion"},{"floor":2,"key":"LiquidMemories"}],"is_trial":false,"path_per_floor":["M","M","M","M","?","E"],"character_chosen":"BARTENDER","items_purchased":[],"campfire_rested":0,"item_purchase_floors":[],"current_hp_per_floor":[70,67,65,41,34,0,0],"gold":54,"neow_bonus":"RANDOM_COLORLESS_2","is_daily":false,"chose_seed":false,"campfire_upgraded":0,"win_rate":0.0,"timestamp":1613953611,"path_taken":["M","?","M","M","?","E"],"items_purchased_type":[],"build_version":"2020-12-22","purchased_purges":0,"victory":false,"max_hp_per_floor":[70,70,70,70,70,70,70],"card_choices":[{"not_picked":["Transmutation","Chrysalis"],"picked":"Apotheosis","floor":0},{"not_picked":["Dancing_Jab","Power_Up_Punch"],"picked":"Bouncer","floor":1},{"not_picked":["Stick_and_Move","Dragonkick"],"picked":"Press_Forward","floor":2},{"not_picked":["Greased_Lightning","Tornado_Kick"],"picked":"Glare","floor":3},{"not_picked":["Scoop","Axe_Heel_Kick"],"picked":"Fading_Blow","floor":4}],"player_experience":13218,"relics_obtained":[],"event_choices":[{"cards_removed":["Strike_Bartender"],"damage_healed":0,"gold_gain":0,"player_choice":"Card Removal","damage_taken":7,"max_hp_gain":0,"max_hp_loss":0,"event_name":"Golden Wing","floor":5,"gold_loss":0}],"is_beta":false,"boss_relics":[],"items_purged_floors":[],"is_endless":false,"potions_floor_spawned":[1,2],"killed_by":"Gremlin Nob","ascension_level":0}}