{"host":"hqxy2g3i5ker09hc","time":1613954286,"event":{"mods":["2.2 Compatiblity","AlwaysNeverKeys","Aspiration","BaseMod","Beaked The Cultist","Better Match","Better Note","Better Sensory Stone","Better Silent Start","Better Third Choice","Better-Laid Plans","CCEM2","CatGirl Mod","Chen","Conspire","Downfall","GifTheSpireLib","Gold Saver","GungeonMod","Hermit","Hubris","Ironclad Rager","Jorbs\u0027s Wanderer Trilogy","Minty Spire (QoL Compilation)","MostiFishMod","Permanent Neow","Quarter Circle Forward PUNCH!","Quick Restart","Replay The Spire","Shop Mod","Small Relic Pack","Spikes Relics","StSLib","Stuff the Spire","The Animator","The Bug Knight","The Forsaken","The Wild Card"],"gold_per_floor":[449,449,73,91,109,109,109,141,190,190,190,223,243,243,243,345,345,355,630,649,661,0,0,10,23,23,42,42,142,142,142,142,238,238,257,157,107,118,43,72,83,83,160,160,213,213,213,248,248,248,248,248,63,103,60],"floor_reached":56,"language":"ENG","playtime":7893,"items_purged":[],"score":1285,"play_id":"78550e7a-ef2c-4844-8c9f-27637d30fc62","local_time":"20210222013806","is_ascension_mode":false,"campfire_choices":[{"floor":11.0,"key":"REST"},{"floor":15.0,"key":"DIG"},{"floor":23.0,"key":"REST"},{"floor":28.0,"key":"REST"},{"floor":32.0,"key":"REST"},{"data":"hermit:Maintenance","floor":42.0,"key":"SMITH"},{"data":"hermit:HighNoon","floor":44.0,"key":"SMITH"},{"data":"hermit:Dive","floor":46.0,"key":"SMITH"},{"data":"Discovery","floor":52,"key":"SMITH"}],"circlet_count":0,"master_deck":["hermit:Strike_Hermit","hermit:Strike_Hermit","hermit:Strike_Hermit","hermit:Strike_Hermit","hermit:Defend_Hermit","hermit:Defend_Hermit","hermit:Defend_Hermit","hermit:Defend_Hermit","hermit:Snapshot","hermit:Covet+1","hermit:Brawl","hermit:Deadeye","hermit:Determination","hermit:Dive","hermit:Maintenance+1","hermit:Shortfuse","hermit:HeroicBravado","hermit:Magnum","hermit:DeadOrAlive","Discovery+1","hermit:HighNoon+1","hermit:LoneWolf","hermit:Dissolve","hermit:ShadowCloak","hermit:Dive","Midas Touch","hermit:Headshot","hermit:LowProfile+1","hermit:Feint","hermit:Reprieve","theWildCard:Sakuya","Shrug It Off","beaked:Insight","Prostrate","conspire:SpireCoStock","hermit:Virtue","hermit:GhostlyPresence","hermit:Dive+1","hermit:Snipe+1","hermit:HeroicBravado","StuffTheSpire:CuriosityCurse","hermit:Coalescence+1","MostiFishMod:StoryBook","hermit:Glare+1"],"relics":["hermit:Momento","DaveBox","SynthV:TestCard","Replay:Wax Seal","hubris:OldNail","hubris:Towel","Omamori","DemoMod:WhiteGuonStone","aspiration:FrozenJewel","DemoMod:Relodestone","Replay:Ancient Bell","Happy Flower","Replay:Ringing Soul","TungstenRod","hubris:SlimyHat","StuffTheSpire:Gunfinga","CCEMRelics:SpiritsEdge","CCEMRelics:Sandal","qcfpunch:Combat_Fatigues","qcfpunch:Killian_Engine_Alpha","DemoMod:RingOfEthereal","qcfpunch:Chain_With_Nametags","Strawberry","hubris:Icosahedron","theForsaken:Gavel"],"acts_visited":["Exordium","TheCity","TheBeyond","TheEnding"],"potions_floor_usage":[50,54,55],"damage_taken":[{"damage":2.0,"enemies":"2 Louse","floor":1.0,"turns":3.0},{"damage":4.0,"enemies":"Small Slimes","floor":4.0,"turns":3.0},{"damage":10.0,"enemies":"Jaw Worm","floor":5.0,"turns":4.0},{"damage":25.0,"enemies":"3 Sentries","floor":8.0,"turns":10.0},{"damage":27.0,"enemies":"HollowMod:MossKnight","floor":12.0,"turns":14.0},{"damage":0.0,"enemies":"3 Louse","floor":13.0,"turns":3.0},{"damage":31.0,"enemies":"The Guardian","floor":16.0,"turns":13.0},{"damage":26.0,"enemies":"conspire:FuzzyDice","floor":18.0,"turns":6.0},{"damage":15.0,"enemies":"Spheric Guardian","floor":20.0,"turns":6.0},{"damage":25.0,"enemies":"Snake Plant","floor":21.0,"turns":6.0},{"damage":3.0,"enemies":"conspire:HollyBat","floor":24.0,"turns":10.0},{"damage":23.0,"enemies":"Cultist and Chosen","floor":25.0,"turns":11.0},{"damage":6.0,"enemies":"Snake Plant","floor":27.0,"turns":7.0},{"damage":0.0,"enemies":"Colosseum Slavers","floor":29.0,"turns":6.0},{"damage":7.0,"enemies":"Colosseum Nobs","floor":29.0,"turns":7.0},{"damage":10.0,"enemies":"Champ","floor":33.0,"turns":9.0},{"damage":3.0,"enemies":"Orb Walker","floor":35.0,"turns":3.0},{"damage":0.0,"enemies":"3 Shapes","floor":38.0,"turns":2.0},{"damage":7.0,"enemies":"R_Hoarder","floor":40.0,"turns":6.0},{"damage":18.0,"enemies":"Transient","floor":41.0,"turns":5.0},{"damage":0.0,"enemies":"Sphere and 2 Shapes","floor":45.0,"turns":3.0},{"damage":3.0,"enemies":"Spire Growth","floor":48.0,"turns":3.0},{"damage":50,"enemies":"conspire:OrnateMirror","floor":50,"turns":10},{"damage":30,"enemies":"Shield and Spear","floor":54,"turns":6},{"damage":47,"enemies":"The Heart","floor":55,"turns":8}],"seed_played":"4478244776983823960","potions_obtained":[{"floor":1.0,"key":"AttackPotion"},{"floor":4.0,"key":"Toxic Potion"},{"floor":16.0,"key":"Energy Potion"},{"floor":18.0,"key":"AttackPotion"},{"floor":27.0,"key":"DuplicationPotion"},{"floor":29.0,"key":"SpeedPotion"},{"floor":33.0,"key":"Energy Potion"},{"floor":35.0,"key":"Fire Potion"},{"floor":38.0,"key":"Adrenaline Potion"},{"floor":48.0,"key":"Energy Potion"}],"is_trial":false,"path_per_floor":["M","?","$","M","M","?","?","E","T","?","R","E","M","?","R","B",null,"M","?","M","M","$","R","M","M","T","M","R","?","?","?","R","B",null,"M","NS","?","M","$","E","M","R","T","R","M","R","?","M","R","B",null,"R","$","E","B",null],"character_chosen":"HERMIT","items_purchased":["Replay:Wax Seal","hermit:Deadeye","hermit:Determination","hermit:Dive","hubris:OldNail","hubris:SlimyHat","hermit:ShadowCloak","hermit:Dive","Midas Touch","StuffTheSpire:Gunfinga","hermit:Headshot","hermit:GhostlyPresence","MostiFishMod:StoryBook"],"campfire_rested":4,"item_purchase_floors":[3,3,3,3,3,22,22,22,22,22,22,39,53],"current_hp_per_floor":[73,78,78,74,64,64,64,39,39,39,63,36,36,36,36,5,83,60,63,51,29,32,61,61,41,41,38,70,66,44,44,78,71,121,121,121,124,127,130,126,111,111,111,111,114,114,124,124,124,74,155,155,158,131,92],"gold":60,"neow_bonus":"RANDOM_EVENT","is_daily":false,"chose_seed":false,"campfire_upgraded":4,"win_rate":0.0,"timestamp":1613954286,"path_taken":["M","?","$","M","M","?","?","E","T","?","R","E","?","?","R","BOSS","M","?","M","M","$","R","?","M","T","?","R","?","?","?","R","BOSS","M","NS","?","M","$","E","M","R","T","R","M","R","?","M","R","BOSS","R","$","E","BOSS"],"items_purchased_type":["Relic","Card","Card","Card","Relic","Relic","Card","Card","Card","Relic","Card","Card","Card"],"build_version":"2020-12-22","purchased_purges":0,"victory":true,"max_hp_per_floor":[75,80,80,80,80,80,80,80,80,80,80,80,80,80,80,80,83,86,89,92,95,98,98,101,104,104,107,107,110,115,115,115,118,121,124,124,127,130,133,136,139,139,139,139,142,142,152,155,155,155,155,155,158,161,161],"card_choices":[{"not_picked":["hermit:NoHoldsBarred","hermit:WideOpen","hermit:Quickdraw"],"picked":"SKIP","floor":1.0},{"not_picked":["hermit:Manifest","hermit:Grudge","hermit:GoldenBullet","hermit:Roulette"],"picked":"hermit:Maintenance","floor":4.0},{"not_picked":["hermit:Glare","hermit:Dive","hermit:Gambit","hermit:Quickdraw"],"picked":"hermit:Shortfuse","floor":5.0},{"not_picked":["hermit:Misfire","hermit:TakeAim","hermit:Malice","hermit:FinalCanter"],"picked":"hermit:HeroicBravado","floor":8.0},{"not_picked":["hermit:Dive","hermit:SprayPray","hermit:Glare","hermit:LowProfile"],"picked":"hermit:Magnum","floor":12.0},{"not_picked":["hermit:Ricochet","hermit:HighCaliber","hermit:Gestalt","hermit:HoleUp"],"picked":"hermit:DeadOrAlive","floor":13.0},{"not_picked":["hubris:Ssssneak","Panacea","Trip","ReplayTheSpireMod:Trickstab"],"picked":"Discovery","floor":14.0},{"not_picked":["hermit:Magnum","hermit:DeadOrAlive","hermit:BlackWind","hermit:OverwhelmingPower"],"picked":"hermit:HighNoon","floor":16.0},{"not_picked":["downfall:Icky","ReplayTheSpireMod:Doomed","StuffTheSpire:GnomedCurse","Decay"],"picked":"Overencumbered","floor":17.0},{"not_picked":["hubris:Gluttony","Sickly","Normality","Voices"],"picked":"CloudedMind","floor":17.0},{"not_picked":["Doubt","relicPack:TruthCard","Injury","hubris:Disease"],"picked":"CommonCold","floor":17.0},{"not_picked":["hermit:Dive","hermit:Showdown+1","hermit:Quickdraw","hermit:BodyArmor"],"picked":"hermit:LoneWolf","floor":18.0},{"not_picked":["hermit:Spite","hermit:Scavenge+1","hermit:Glare","hermit:Brawl"],"picked":"hermit:Dissolve","floor":20.0},{"not_picked":["hermit:SprayPray+1","hermit:BigShot","hermit:ItchyTrigger","hermit:HighCaliber"],"picked":"hermit:Glare+1","floor":21.0},{"not_picked":["hermit:Coalescence","hermit:WideOpen","hermit:Scavenge","hermit:Roulette"],"picked":"hermit:Midnight","floor":24.0},{"not_picked":["hermit:EternalForm","hermit:ItchyTrigger+1","hermit:HighCaliber","hermit:HoleUp+1"],"picked":"hermit:LowProfile+1","floor":25.0},{"not_picked":["hermit:HighNoon","hermit:Horror+1","hermit:Coalescence","hermit:BodyArmor"],"picked":"hermit:Feint","floor":27.0},{"not_picked":["hermit:BigShot","hermit:Roulette","hermit:CursedWeapon","hermit:SprayPray"],"picked":"hermit:Reprieve","floor":29.0},{"not_picked":["hermit:EternalForm","hermit:HighNoon","hermit:FatalDesire","hermit:RoundhouseKick"],"picked":"hermit:FinalCanter","floor":33.0},{"not_picked":["hermit:Midnight+1","hermit:Coalescence+1","hermit:LowProfile","hermit:Quickdraw+1"],"picked":"hermit:CalledShot+1","floor":35.0},{"not_picked":["hermit:CursedWeapon","hermit:BodyArmor+1","hermit:Desperado+1","hermit:LowProfile"],"picked":"hermit:Virtue","floor":38.0},{"not_picked":["hermit:HoleUp+1","hermit:Maintenance","hermit:ShadowCloak","hermit:Ricochet"],"picked":"hermit:Dive","floor":40.0},{"not_picked":["hermit:Horror","hermit:Purgatory","hermit:Desperado","hermit:NoHoldsBarred"],"picked":"hermit:Snipe+1","floor":41.0},{"not_picked":["hermit:Roulette","hermit:CalledShot+1","hermit:Quickdraw","hermit:WideOpen+1"],"picked":"hermit:HeroicBravado","floor":45.0},{"not_picked":["hermit:BodyArmor+1","hermit:Roulette","hermit:HoleUp+1","hermit:Grudge+1"],"picked":"hermit:Coalescence+1","floor":48.0},{"not_picked":["hermit:Grudge","hermit:SprayPray","hermit:Headshot+1","hermit:HighCaliber"],"picked":"hermit:Glare+1","floor":54}],"player_experience":733947,"relics_obtained":[{"floor":1.0,"key":"SynthV:TestCard"},{"floor":8.0,"key":"Omamori"},{"floor":9.0,"key":"DemoMod:WhiteGuonStone"},{"floor":12.0,"key":"aspiration:FrozenJewel"},{"floor":15.0,"key":"DemoMod:Relodestone"},{"floor":26.0,"key":"CCEMRelics:SpiritsEdge"},{"floor":29.0,"key":"CCEMRelics:Sandal"},{"floor":29.0,"key":"qcfpunch:Combat_Fatigues"},{"floor":40.0,"key":"DemoMod:RingOfEthereal"},{"floor":43.0,"key":"qcfpunch:Chain_With_Nametags"},{"floor":54,"key":"theForsaken:Gavel"}],"event_choices":[{"damage_healed":0.0,"max_hp_gain":5.0,"max_hp_loss":0.0,"gold_gain":0.0,"event_name":"Big Fish","player_choice":"Donut","floor":2.0,"gold_loss":0.0,"damage_taken":0.0},{"damage_healed":0.0,"max_hp_gain":0.0,"max_hp_loss":0.0,"gold_gain":0.0,"event_name":"betterNote:BetterNote","player_choice":"Ignored","floor":10.0,"gold_loss":0.0,"damage_taken":0.0,"cards_obtained":["Defend_G"]},{"damage_healed":0.0,"max_hp_gain":0.0,"max_hp_loss":0.0,"gold_gain":1.0,"event_name":"betterStone:BetterStone","player_choice":"1","floor":14.0,"gold_loss":0.0,"damage_taken":0.0},{"damage_healed":0.0,"max_hp_gain":0.0,"max_hp_loss":0.0,"gold_gain":275.0,"event_name":"Golden Shrine","player_choice":"Desecrate","floor":19.0,"gold_loss":0.0,"damage_taken":0.0,"cards_obtained":["Regret"]},{"damage_healed":0.0,"max_hp_gain":0.0,"max_hp_loss":0.0,"gold_gain":0.0,"event_name":"Colosseum","player_choice":"Fight","floor":29.0,"gold_loss":0.0,"damage_taken":0.0},{"damage_healed":0.0,"max_hp_gain":0.0,"max_hp_loss":0.0,"gold_gain":0.0,"event_name":"Colosseum","player_choice":"Fought Nobs","floor":29.0,"gold_loss":0.0,"damage_taken":0.0},{"damage_healed":0.0,"max_hp_gain":5.0,"max_hp_loss":0.0,"gold_gain":0.0,"event_name":"Forgotten Altar","player_choice":"Shed Blood","floor":30.0,"gold_loss":0.0,"damage_taken":28.0},{"damage_healed":0.0,"max_hp_gain":0.0,"max_hp_loss":0.0,"gold_gain":0.0,"event_name":"Vampires","player_choice":"Ignored","floor":31.0,"gold_loss":0.0,"damage_taken":0.0},{"damage_healed":0.0,"max_hp_gain":0.0,"max_hp_loss":0.0,"gold_gain":0.0,"event_name":"conspire:Investor","player_choice":"Invest 1","floor":37.0,"gold_loss":0.0,"damage_taken":0.0}],"is_beta":false,"boss_relics":[{"not_picked":["CCEMRelics:TransientCore","StuffTheSpire:Kangaroo"],"picked":"Replay:Ancient Bell"},{"not_picked":["CCEMRelics:Barrel","Toy Ornithopter"],"picked":"Happy Flower"},{"not_picked":["HollowMod:LifeEnderRelic","CCEMRelics:HeirloomTomato"],"picked":"Replay:Ringing Soul"},{"not_picked":["CrustySpines","CCEMRelics:OrganicArmor"],"picked":"TungstenRod"},{"not_picked":["Kintsugi","FixedStarFall"],"picked":"qcfpunch:Killian_Engine_Alpha"}],"items_purged_floors":[],"is_endless":false,"potions_floor_spawned":[1,4,16,18,27,29,33,35,38,40,48],"ascension_level":0}}