{"host":"92108ef2q9tm8rod","time":1613955200,"event":{"mods":["BaseMod","Defuse TimeMaze Blight","Minty Spire (QoL Compilation)","StSLib","The Jungle"],"gold_per_floor":[117,192,210,54,71,71,71,88,88,113,113,113,113,141,141,236,236,253,253,267,279,299,325,350,450,527,527,527,527,527,527,527,625,625,643,490,508,508,508,533,533,548,622,637,637,670,370,387,387,387],"floor_reached":51,"language":"ENG","playtime":2558,"items_purged":[],"score":951,"play_id":"40e1af17-942a-4318-a651-ca7a83af0436","local_time":"20210222005320","daily_mods":["SealedDeck","Purple Cards","Heirloom","Flight"],"is_ascension_mode":false,"campfire_choices":[{"data":"Terror","floor":6,"key":"SMITH"},{"data":"SandsOfTime","floor":11,"key":"SMITH"},{"data":"SandsOfTime","floor":12,"key":"SMITH"},{"data":"Swivel","floor":13,"key":"SMITH"},{"data":"TalkToTheHand","floor":15,"key":"SMITH"},{"data":"Eviscerate","floor":27,"key":"SMITH"},{"data":"Protect","floor":28,"key":"SMITH"},{"data":"ThirdEye","floor":29,"key":"SMITH"},{"floor":32,"key":"REST"},{"data":"Madness","floor":41,"key":"SMITH"},{"data":"Madness","floor":45,"key":"SMITH"},{"floor":49,"key":"REST"}],"circlet_count":0,"master_deck":["Eviscerate+1","Swivel+1","ThirdEye+1","Protect+1","SandsOfTime+1","BowlingBash","Consecrate","TalkToTheHand+1","SandsOfTime+1","Nirvana+1","Madness+1","Madness+1","Blur"],"relics":["Ring of the Snake","Mango","ClockworkSouvenir","Oddly Smooth Stone","Gremlin Horn","Blue Candle","Runic Dome","Bottled Flame","Prayer Wheel","Mercury Hourglass","WristBlade","Blood Vial","Anchor","InkBottle","Torii","Medical Kit","Vajra"],"acts_visited":["Exordium","Exordium","TheBeyond"],"potions_floor_usage":[16,22,33,50,50,50],"damage_taken":[{"damage":0,"enemies":"Jaw Worm","floor":1,"turns":2},{"damage":0,"enemies":"Cultist","floor":3,"turns":2},{"damage":0,"enemies":"Small Slimes","floor":5,"turns":2},{"damage":0,"enemies":"Gremlin Gang","floor":8,"turns":3},{"damage":4,"enemies":"Lagavulin","floor":10,"turns":4},{"damage":0,"enemies":"3 Sentries","floor":14,"turns":4},{"damage":21,"enemies":"Hexaghost","floor":16,"turns":5},{"damage":0,"enemies":"Shell Parasite","floor":18,"turns":3},{"damage":0,"enemies":"theJungle:GiantWrat","floor":20,"turns":4},{"damage":4,"enemies":"theJungle:2_Snecko_Cultists","floor":21,"turns":3},{"damage":5,"enemies":"theJungle:2_Flameangoes","floor":22,"turns":4},{"damage":0,"enemies":"theJungle:2_Phrogs","floor":23,"turns":5},{"damage":7,"enemies":"theJungle:Cassacara","floor":24,"turns":5},{"damage":0,"enemies":"theJungle:TotemBoss","floor":33,"turns":4},{"damage":3,"enemies":"3 Darklings","floor":35,"turns":3},{"damage":0,"enemies":"3 Shapes","floor":37,"turns":3},{"damage":4,"enemies":"Reptomancer","floor":40,"turns":4},{"damage":0,"enemies":"Sphere and 2 Shapes","floor":42,"turns":2},{"damage":0,"enemies":"Writhing Mass","floor":44,"turns":5},{"damage":17,"enemies":"Nemesis","floor":46,"turns":7},{"damage":0,"enemies":"3 Darklings","floor":48,"turns":2},{"damage":0,"enemies":"Awakened One","floor":50,"turns":11}],"seed_played":"-7099147157641421319","potions_obtained":[{"floor":1,"key":"LiquidBronze"},{"floor":5,"key":"Ancient Potion"},{"floor":16,"key":"AttackPotion"},{"floor":18,"key":"GhostInAJar"},{"floor":22,"key":"ColorlessPotion"},{"floor":23,"key":"Strength Potion"},{"floor":35,"key":"Dexterity Potion"},{"floor":46,"key":"Swift Potion"}],"is_trial":true,"path_per_floor":["M","?","M","$","M","R","?","M","T","E","R","R","R","E","R","B",null,"M","?","M","M","M","E","E","?","T","R","R","R","$","$","R","B",null,"M","$","M","?","?","E","R","M","T","M","R","E","$","M","R","B",null],"character_chosen":"THE_SILENT","items_purchased":["ClockworkSouvenir","Blood Vial","Medical Kit","Vajra"],"campfire_rested":2,"item_purchase_floors":[4,36,47,47],"current_hp_per_floor":[84,76,76,76,76,76,81,81,81,77,77,77,77,77,77,56,84,84,84,84,80,75,75,68,63,63,63,63,63,63,63,84,84,84,81,81,83,83,72,70,70,72,72,74,74,59,59,61,84,84],"gold":387,"neow_bonus":"","is_daily":false,"chose_seed":false,"campfire_upgraded":10,"win_rate":0.0,"timestamp":1613955200,"path_taken":["M","?","M","$","?","R","?","?","T","E","R","R","R","E","R","BOSS","M","?","M","M","M","E","E","?","T","R","R","R","$","$","R","BOSS","M","$","M","?","?","E","R","M","T","M","R","E","$","M","R","BOSS"],"items_purchased_type":["Relic","Relic","Relic","Relic"],"build_version":"2020-12-22","purchased_purges":0,"victory":true,"max_hp_per_floor":[84,84,84,84,84,84,84,84,84,84,84,84,84,84,84,84,84,84,84,84,84,84,84,84,84,84,84,84,84,84,84,84,84,84,84,84,84,84,84,84,84,84,84,84,84,84,84,84,84,84],"card_choices":[{"not_picked":["Bane","Wireheading","Crescendo"],"picked":"SKIP","floor":1},{"not_picked":["Dodge and Roll","Flying Knee"],"picked":"SandsOfTime","floor":3},{"not_picked":["BowlingBash","Bane","Calculated Gamble"],"picked":"SKIP","floor":5},{"not_picked":["Evaluate","Sucker Punch","Terror"],"picked":"SKIP","floor":8},{"not_picked":["Nirvana","BattleHymn","Deflect"],"picked":"SKIP","floor":10},{"not_picked":["BowlingBash","Prepared","Dagger Throw"],"picked":"SKIP","floor":14},{"not_picked":["PiercingWail","ThirdEye"],"picked":"Nirvana+1","floor":18},{"not_picked":["FearNoEvil","Slice","Consecrate"],"picked":"SKIP","floor":20},{"not_picked":["Backflip","All Out Attack+1","Halt"],"picked":"SKIP","floor":21},{"not_picked":["Malaise","Fasting2","WindmillStrike"],"picked":"SKIP","floor":22},{"not_picked":["Backstab","Establishment","Choke"],"picked":"SKIP","floor":23},{"not_picked":["CrushJoints","FlyingSleeves","Riddle With Holes"],"picked":"SKIP","floor":24},{"not_picked":["CrushJoints","InnerPeace","Caltrops"],"picked":"SKIP","floor":35},{"not_picked":["WreathOfFlame+1","Bane+1","Acrobatics+1"],"picked":"SKIP","floor":35},{"not_picked":["FlyingSleeves","Dodge and Roll+1","Cloak And Dagger+1"],"picked":"SKIP","floor":37},{"not_picked":["InnerPeace+1","Deadly Poison","Catalyst"],"picked":"SKIP","floor":37},{"not_picked":["Weave+1","Endless Agony","Vault"],"picked":"SKIP","floor":40},{"not_picked":["EmptyMind+1","Dagger Throw+1"],"picked":"Blur","floor":42},{"not_picked":["Wireheading+1","Expertise+1","Halt"],"picked":"SKIP","floor":42},{"not_picked":["Wallop+1","Backstab","Wireheading+1"],"picked":"SKIP","floor":44},{"not_picked":["Well Laid Plans","FollowUp","Wallop"],"picked":"SKIP","floor":44},{"not_picked":["Consecrate","Evaluate+1","SignatureMove+1"],"picked":"SKIP","floor":46},{"not_picked":["JustLucky","PathToVictory+1","Nirvana"],"picked":"SKIP","floor":48},{"not_picked":["Bouncing Flask+1","Outmaneuver","ReachHeaven+1"],"picked":"SKIP","floor":48}],"player_experience":3442458,"relics_obtained":[{"floor":9,"key":"Oddly Smooth Stone"},{"floor":10,"key":"Gremlin Horn"},{"floor":14,"key":"Blue Candle"},{"floor":23,"key":"Bottled Flame"},{"floor":24,"key":"Prayer Wheel"},{"floor":26,"key":"Mercury Hourglass"},{"floor":40,"key":"Anchor"},{"floor":43,"key":"InkBottle"},{"floor":46,"key":"Torii"}],"event_choices":[{"damage_healed":0,"gold_gain":75,"player_choice":"Touch","damage_taken":8,"max_hp_gain":0,"max_hp_loss":0,"event_name":"FaceTrader","floor":2,"gold_loss":0},{"cards_removed":["Acrobatics"],"damage_healed":5,"gold_gain":0,"player_choice":"Offered Common","damage_taken":0,"max_hp_gain":0,"max_hp_loss":0,"event_name":"Bonfire Elementals","floor":7,"gold_loss":0},{"cards_removed":["Acrobatics"],"damage_healed":5,"gold_gain":0,"player_choice":"Offered Special","damage_taken":0,"max_hp_gain":0,"max_hp_loss":0,"event_name":"Bonfire Elementals","floor":7,"gold_loss":0},{"cards_removed":["Terror"],"damage_healed":0,"gold_gain":0,"player_choice":"Removed Skill","damage_taken":0,"max_hp_gain":0,"max_hp_loss":0,"event_name":"Falling","floor":38,"gold_loss":0},{"damage_healed":0,"gold_gain":0,"player_choice":"Embrace Madness","damage_taken":11,"max_hp_gain":0,"max_hp_loss":0,"event_name":"Winding Halls","floor":39,"gold_loss":0,"cards_obtained":["Madness","Madness"]}],"is_beta":false,"boss_relics":[{"not_picked":["Calling Bell","Philosopher\u0027s Stone"],"picked":"Runic Dome"},{"not_picked":["Cursed Key","Astrolabe"],"picked":"WristBlade"}],"items_purged_floors":[],"is_endless":false,"potions_floor_spawned":[1,5,16,18,22,23,24,35,37,46],"ascension_level":0}}