{"host":"xltl1aroowo69o4n","time":1613962224,"event":{"mods":["BaseMod","Colored Map","Colored Powertips","Downfall","Koishi","Marisa????????","Minty Spire (QoL Compilation)","Replay The Spire","StSLib","The Cursed","The Hierophant","The Mystic","The Necromancer","The Servant 0.9.4"],"gold_per_floor":[99,109,109,124,299,399,399,429,429,459,485,504,504,51,71,173,173,73,125,148,182,53,83,83,83,38,38,68,87,87,128,159,268,268,168,200,226,226,253,283,283,283,365,392,435,453,453,453],"floor_reached":46,"language":"ENG","playtime":4509,"items_purged":["Shame","Doubt"],"score":750,"play_id":"b279ec6c-ad68-4ec0-bbe2-63add81f183c","local_time":"20210221215024","is_ascension_mode":true,"campfire_choices":[{"floor":1,"key":"DIG"},{"floor":13,"key":"RECALL"},{"data":"expansioncontent:QuickStudy","floor":18,"key":"SMITH"},{"data":"Slimebound:MassRepurpose","floor":27,"key":"SMITH"},{"floor":30,"key":"REST"},{"data":"Jack Of All Trades","floor":35,"key":"SMITH"}],"circlet_count":0,"master_deck":["Slimebound:Strike_Slimebound","Slimebound:Strike_Slimebound","Slimebound:Strike_Slimebound","Slimebound:Tackle","Slimebound:Defend_Slimebound","Slimebound:Defend_Slimebound","Slimebound:Defend_Slimebound","Slimebound:Defend_Slimebound","Slimebound:Split","Slimebound:CorrosiveSpit","Slimebound:ForwardTackle","Slimebound:Equalize","Slimebound:Split","Slimebound:SplitLeeching","Slimebound:SlimeTap","Slimebound:MinionMaster","PanicButton","Slimebound:LeechEnergy","Slimebound:RejuvenatingLick","Slimebound:HauntingLick","Slimebound:SplitBruiser","Slimebound:SplitMire","Slimebound:LeadByExample","expansioncontent:QuickStudy+1","Slimebound:ForwardTackle+1","Slimebound:FormOfPuddle","Jack Of All Trades+1","Slimebound:ItLooksTasty","Slimebound:Gluttony","Slimebound:MassRepurpose+1","Slimebound:PrepareCrush","Slimebound:Equalize+1","Slimebound:SlimeBarrage","Slimebound:ItLooksTasty","Slimebound:FlameTackle","Slimebound:Prepare+1","Slimebound:Prepare","Slimebound:GoopTackle+1","Slimebound:LeechingTouch+1","Slimebound:Dissolve","Slimebound:ComboTackle","Slimebound:ProtectTheBoss","Slimebound:MinionMaster","Writhe","Doubt","Parasite","Slimebound:ViciousTackle+1","Slimebound:BestDefense+1","Wraith","Parasite","Slimebound:SplitMire+1","Slimebound:FormOfPuddle+1"],"relics":["Slimebound:AbsorbEndCombat","Ginger","downfall:GremlinSack","Tiny Chest","Strawberry","ReplayFunnel","Letter Opener","BargainBundle","Replay:Bandana","Busted Crown","downfall:HeartBlessingRed","Divine Protection","Smiling Mask","Replay:Bottled Flurry","Lantern","Turnip","Replay:Ancient Bell","Replay:Rubber Ducky","Replay:WaspNest","Lizard Tail","downfall:HeartBlessingGreen","Bag of Preparation","Mummified Hand","MawBank"],"acts_visited":["Exordium","TheCity","TheBeyond"],"potions_floor_usage":[6,8,15,16,16,16,28,28,31,36,37,40,44,46],"damage_taken":[{"damage":14,"enemies":"Jaw Worm","floor":2,"turns":4},{"damage":6,"enemies":"2 Louse","floor":4,"turns":2},{"damage":51,"enemies":"2 Louse","floor":6,"turns":5},{"damage":16,"enemies":"Gremlin Nob","floor":8,"turns":4},{"damage":0,"enemies":"Cultist","floor":9,"turns":1},{"damage":19,"enemies":"Replay:BlueRogue","floor":11,"turns":5},{"damage":3,"enemies":"Blue Slaver","floor":12,"turns":3},{"damage":4,"enemies":"downfall:FleeingMerchant","floor":14,"turns":4},{"damage":12,"enemies":"Exordium Wildlife","floor":15,"turns":3},{"damage":0,"enemies":"WA_ARCHETYPE_RETAIN","floor":16,"turns":7},{"damage":2,"enemies":"Spheric Guardian","floor":20,"turns":3},{"damage":7,"enemies":"3 Byrds","floor":21,"turns":3},{"damage":13,"enemies":"downfall:FleeingMerchant","floor":22,"turns":4},{"damage":5,"enemies":"Snecko","floor":23,"turns":5},{"damage":0,"enemies":"downfall:FleeingMerchant","floor":26,"turns":4},{"damage":41,"enemies":"Slavers","floor":28,"turns":4},{"damage":19,"enemies":"Shelled Parasite and Fungi","floor":29,"turns":5},{"damage":18,"enemies":"Gremlin Leader","floor":31,"turns":5},{"damage":5,"enemies":"Cultist and Chosen","floor":32,"turns":4},{"damage":70,"enemies":"DF_ARCHETYPE_CLAW","floor":33,"turns":8},{"damage":27,"enemies":"3 Darklings","floor":36,"turns":3},{"damage":11,"enemies":"Orb Walker","floor":37,"turns":4},{"damage":19,"enemies":"Sphere and 2 Shapes","floor":39,"turns":5},{"damage":36,"enemies":"4 Shapes","floor":40,"turns":5},{"damage":22,"enemies":"Writhing Mass","floor":44,"turns":5},{"damage":54,"enemies":"Giant Head","floor":45,"turns":8},{"damage":13,"enemies":"Jaw Worm Horde","floor":46,"turns":2}],"seed_played":"-694203530317168523","potions_obtained":[{"floor":2,"key":"PowerPotion"},{"floor":6,"key":"Slimebound:SpawnSlimePotion"},{"floor":12,"key":"PowerPotion"},{"floor":15,"key":"Weak Potion"},{"floor":16,"key":"Energy Potion"},{"floor":20,"key":"Block Potion"},{"floor":21,"key":"SteroidPotion"},{"floor":29,"key":"Explosive Potion"},{"floor":33,"key":"SkillPotion"},{"floor":36,"key":"ColorlessPotion"},{"floor":39,"key":"Venom Potion"},{"floor":40,"key":"Energy Potion"}],"is_trial":false,"path_per_floor":["R_BF","M","?","M","?","?","T","E","M","?","E","M","R","$","M","B",null,"R","?","M","M","$","M","T","T","$","R","E","M","R","E","M","B",null,"R","M","M","?","M","M","T","?","T","M","E","M"],"character_chosen":"SLIMEBOUND","items_purchased":["BargainBundle","expansioncontent:QuickStudy","Slimebound:ForwardTackle+1","Slimebound:FormOfPuddle","DuplicationPotion","LifebloodPotion","Jack Of All Trades","Slimebound:ItLooksTasty","Replay:Bandana","Slimebound:Gluttony","Slimebound:Prepare","Slimebound:Dissolve"],"campfire_rested":1,"item_purchase_floors":[14,14,14,14,14,14,14,14,14,14,22,26],"current_hp_per_floor":[71,59,59,55,55,8,8,15,15,15,12,13,13,13,5,17,78,78,59,63,70,59,64,64,64,78,78,41,34,57,59,76,26,78,78,57,60,60,43,9,9,9,9,53,7,0,0,0],"gold":453,"neow_bonus":"TEN_PERCENT_HP_BONUS","is_daily":false,"chose_seed":false,"campfire_upgraded":3,"win_rate":0.0,"timestamp":1613962224,"path_taken":["R_BF","M","?","M","?","?","T","E","?","?","E","M","R","$","M","BOSS","R","?","M","M","$","M","T","?","$","R","E","?","R","E","M","BOSS","R","M","M","?","M","M","T","?","?","M","E","M"],"items_purchased_type":["Relic","Card","Card","Card","Potion","Potion","Card","Card","Relic","Card","Card","Card"],"build_version":"2020-12-13","purchased_purges":2,"victory":false,"max_hp_per_floor":[71,71,71,71,71,71,71,78,78,78,78,78,78,78,78,78,78,78,78,78,78,78,78,78,78,78,78,78,78,78,78,78,78,78,78,78,78,78,78,78,78,78,78,78,78,78,78,78],"card_choices":[{"not_picked":["Slimebound:FormOfPuddle","Slimebound:LeechingTouch"],"picked":"Slimebound:ForwardTackle","floor":2},{"not_picked":["Slimebound:BestDefense","Slimebound:LeechingTouch"],"picked":"Slimebound:Equalize","floor":4},{"not_picked":["Slimebound:GoopSpray","Slimebound:LeechingTouch"],"picked":"Slimebound:LeechEnergy","floor":6},{"not_picked":["Slimebound:LeechingTouch","Slimebound:DisruptingSlam"],"picked":"Slimebound:RejuvenatingLick","floor":8},{"not_picked":["Slimebound:LeechEnergy","Slimebound:Teamwork"],"picked":"Slimebound:HauntingLick","floor":9},{"not_picked":["Slimebound:ComboTackle","Slimebound:SplitLeeching"],"picked":"Slimebound:SplitBruiser","floor":11},{"not_picked":["Slimebound:ComboTackle","Slimebound:ItLooksTasty"],"picked":"Slimebound:SplitMire","floor":12},{"not_picked":["Slimebound:RejuvenatingLick","Slimebound:SplitBruiser"],"picked":"Slimebound:LeadByExample","floor":14},{"not_picked":["Slimebound:SlimeSpikes","Slimebound:LeadByExample"],"picked":"Slimebound:MassRepurpose","floor":15},{"not_picked":["Slimebound:MassFeed","Slimebound:WasteNot"],"picked":"Slimebound:PrepareCrush","floor":16},{"not_picked":[],"picked":"Slimebound:Equalize+1","floor":19},{"not_picked":[],"picked":"Slimebound:SlimeBarrage","floor":19},{"not_picked":[],"picked":"Slimebound:ItLooksTasty","floor":20},{"not_picked":[],"picked":"Slimebound:FlameTackle","floor":21},{"not_picked":[],"picked":"Slimebound:Prepare+1","floor":22},{"not_picked":[],"picked":"Slimebound:GoopTackle+1","floor":23},{"not_picked":[],"picked":"Slimebound:LeechingTouch+1","floor":26},{"not_picked":[],"picked":"Slimebound:ComboTackle","floor":28},{"not_picked":["Slimebound:ItLooksTasty"],"picked":"SKIP","floor":29},{"not_picked":[],"picked":"Slimebound:ProtectTheBoss","floor":31},{"not_picked":[],"picked":"Slimebound:SplitBruiser","floor":32},{"not_picked":[],"picked":"Slimebound:MinionMaster","floor":33},{"not_picked":[],"picked":"Writhe","floor":34},{"not_picked":[],"picked":"Doubt","floor":34},{"not_picked":[],"picked":"Parasite","floor":34},{"not_picked":[],"picked":"Slimebound:ViciousTackle+1","floor":36},{"not_picked":["Slimebound:ComboTackle"],"picked":"SKIP","floor":37},{"not_picked":["Slimebound:LeechingTouch"],"picked":"SKIP","floor":39},{"not_picked":[],"picked":"Slimebound:BestDefense+1","floor":40},{"not_picked":[],"picked":"Slimebound:SplitMire+1","floor":44},{"not_picked":[],"picked":"Slimebound:FormOfPuddle+1","floor":45}],"player_experience":260462,"relics_obtained":[{"floor":1,"key":"Ginger"},{"floor":6,"key":"downfall:GremlinSack"},{"floor":7,"key":"Tiny Chest"},{"floor":8,"key":"Strawberry"},{"floor":11,"key":"Letter Opener"},{"floor":19,"key":"Divine Protection"},{"floor":24,"key":"Smiling Mask"},{"floor":25,"key":"Replay:Bottled Flurry"},{"floor":28,"key":"Lantern"},{"floor":31,"key":"Turnip"},{"floor":41,"key":"Bag of Preparation"},{"floor":43,"key":"Mummified Hand"},{"floor":45,"key":"MawBank"}],"event_choices":[{"cards_removed":["Slimebound:SplitBruiser"],"damage_healed":0,"gold_gain":0,"player_choice":"Removed Skill","damage_taken":0,"max_hp_gain":0,"max_hp_loss":0,"event_name":"Falling","floor":38,"gold_loss":0},{"damage_healed":0,"gold_gain":0,"player_choice":"Ignored","damage_taken":0,"max_hp_gain":0,"max_hp_loss":0,"event_name":"OrinTheCat","floor":42,"gold_loss":0}],"is_beta":false,"boss_relics":[{"not_picked":["bronze:MakeshiftBattery","ChewingGum"],"picked":"Busted Crown"},{"not_picked":["Black Star","Astrolabe"],"picked":"Replay:Ancient Bell"},{"not_picked":["Orichalcum","Oddly Smooth Stone"],"picked":"Replay:Rubber Ducky"},{"not_picked":["HornCleat","Toxic Egg 2"],"picked":"Replay:WaspNest"},{"not_picked":["Torii","Replay:Towering Pillar of Hats"],"picked":"Lizard Tail"}],"items_purged_floors":[14,22],"is_endless":false,"potions_floor_spawned":[2,6,12,15,16,20,21,23,29,33,36,39,40],"killed_by":"Jaw Worm Horde","ascension_level":1}}