{"host":"ow66nzv2xecjoor3","time":1613972170,"event":{"mods":["BaseMod","Bestiary","Block Reminder","Colored Powertips","Curses Come First","Highlight Path","Keyboard Shortcuts","Minty Spire (QoL Compilation)","Permanent Neow","Relic Stats","StSLib","UnlockEverythingMod"],"gold_per_floor":[218,237,1,12,28,60,60,94,94,112,112,124,124,140,140,213,213,228,228,239,255,84,112,112,131,131,141,141,170,18,49,61,73,73],"floor_reached":33,"language":"ENG","playtime":1646,"items_purged":["Strike_G","Strike_G"],"score":788,"play_id":"221f0c06-fae8-4eae-9122-b49cbaf96ab0","local_time":"20210221233610","is_ascension_mode":true,"campfire_choices":[{"data":"Cloak And Dagger","floor":11.0,"key":"SMITH"},{"data":"Blade Dance","floor":13.0,"key":"SMITH"},{"data":"Burst","floor":15.0,"key":"SMITH"},{"data":"Choke","floor":24.0,"key":"SMITH"},{"floor":28.0,"key":"REST"},{"data":"Blade Dance","floor":32.0,"key":"SMITH"}],"circlet_count":0,"master_deck":["AscendersBane","Strike_G","Strike_G","Strike_G","Defend_G","Defend_G","Defend_G","Defend_G","Defend_G","Survivor","Neutralize","Blade Dance+1","Dagger Spray","Infinite Blades","Burst+1","Blade Dance+1","Acrobatics","Cloak And Dagger+1","Reflex","Malaise","Adrenaline","Choke+1","Outmaneuver+1","Dodge and Roll","Escape Plan+1","Escape Plan","Wraith Form v2","Backflip","Finisher"],"relics":["Ring of the Snake","HandDrill","Kunai","Bottled Lightning","Cursed Key","Vajra","Letter Opener","HornCleat","MawBank"],"acts_visited":["Exordium","TheCity"],"potions_floor_usage":[],"damage_taken":[{"damage":1.0,"enemies":"Jaw Worm","floor":1.0,"turns":5.0},{"damage":2.0,"enemies":"Small Slimes","floor":2.0,"turns":4.0},{"damage":0.0,"enemies":"2 Louse","floor":4.0,"turns":3.0},{"damage":8.0,"enemies":"Large Slime","floor":5.0,"turns":7.0},{"damage":0.0,"enemies":"Gremlin Nob","floor":6.0,"turns":2.0},{"damage":10.0,"enemies":"3 Sentries","floor":8.0,"turns":9.0},{"damage":0.0,"enemies":"Looter","floor":10.0,"turns":3.0},{"damage":15.0,"enemies":"Gremlin Gang","floor":12.0,"turns":5.0},{"damage":4.0,"enemies":"Large Slime","floor":14.0,"turns":7.0},{"damage":4.0,"enemies":"Hexaghost","floor":16.0,"turns":10.0},{"damage":9.0,"enemies":"Spheric Guardian","floor":18.0,"turns":4.0},{"damage":1.0,"enemies":"Shell Parasite","floor":20.0,"turns":2.0},{"damage":10.0,"enemies":"Cultist and Chosen","floor":21.0,"turns":9.0},{"damage":14.0,"enemies":"Book of Stabbing","floor":23.0,"turns":7.0},{"damage":13.0,"enemies":"Snake Plant","floor":25.0,"turns":4.0},{"damage":0.0,"enemies":"Shelled Parasite and Fungi","floor":27.0,"turns":5.0},{"damage":5.0,"enemies":"Gremlin Leader","floor":29.0,"turns":6.0},{"damage":0.0,"enemies":"Slavers","floor":31.0,"turns":6.0},{"damage":30,"enemies":"Automaton","floor":33,"turns":8}],"seed_played":"9087366146661728949","potions_obtained":[{"floor":1.0,"key":"AttackPotion"},{"floor":2.0,"key":"BlessingOfTheForge"},{"floor":5.0,"key":"Ancient Potion"},{"floor":8.0,"key":"Block Potion"},{"floor":12.0,"key":"Strength Potion"},{"floor":25.0,"key":"Block Potion"},{"floor":27.0,"key":"FearPotion"}],"is_trial":false,"path_per_floor":["M","M","$","M","M","E","$","E","T","M","R","M","R","M","R","B",null,"M","$","M","M","$","E","R","M","T","M","R","E","$","E","R","B"],"character_chosen":"THE_SILENT","items_purchased":["HandDrill","Vajra","Backflip"],"campfire_rested":1,"item_purchase_floors":[3,22,30],"current_hp_per_floor":[58,56,56,56,48,48,48,38,38,38,38,23,23,19,19,15,53,44,44,43,33,33,19,19,6,6,6,25,20,20,20,20,0,0],"gold":73,"neow_bonus":"HUNDRED_GOLD","is_daily":false,"chose_seed":false,"campfire_upgraded":5,"win_rate":0.0,"timestamp":1613972170,"path_taken":["M","M","$","M","M","E","$","E","T","M","R","M","R","M","R","BOSS","M","$","M","M","$","E","R","M","T","M","R","E","$","E","R","BOSS"],"items_purchased_type":["Relic","Relic","Card"],"build_version":"2020-12-22","purchased_purges":2,"victory":false,"max_hp_per_floor":[66,66,66,66,66,66,66,66,66,66,66,66,66,66,66,66,66,66,66,66,66,66,66,66,66,66,66,66,66,66,66,66,66,66],"relic_stats":{"counters":[19,106],"HandDrill":[34],"Kunai":[77],"Letter Opener":[136],"Cursed Key":0,"MawBank":24,"obtain_stats":[{"HornCleat":29,"Vajra":22,"HandDrill":3,"Kunai":6,"Bottled Lightning":8,"Letter Opener":23,"Cursed Key":17,"MawBank":31,"Ring of the Snake":0},{"HornCleat":17,"Vajra":13,"HandDrill":2,"Kunai":5,"Bottled Lightning":6,"Letter Opener":14,"Cursed Key":10,"MawBank":18,"Ring of the Snake":0},{"HornCleat":92,"Vajra":70,"HandDrill":9,"Kunai":21,"Bottled Lightning":30,"Letter Opener":77,"Cursed Key":55,"MawBank":98,"Ring of the Snake":0}],"Ring of the Snake":[38]},"card_choices":[{"not_picked":["Bane","Reflex"],"picked":"Blade Dance","floor":1.0},{"not_picked":["Dagger Throw","Tactician"],"picked":"Dagger Spray","floor":2.0},{"not_picked":["Tactician","Eviscerate"],"picked":"Infinite Blades","floor":4.0},{"not_picked":["Deadly Poison","Acrobatics"],"picked":"Burst","floor":5.0},{"not_picked":["Deadly Poison","Skewer"],"picked":"Blade Dance","floor":6.0},{"not_picked":["Sucker Punch","Bane"],"picked":"Acrobatics","floor":8.0},{"not_picked":["Heel Hook","Bane"],"picked":"Cloak And Dagger","floor":10.0},{"not_picked":["Skewer","Prepared"],"picked":"Reflex","floor":12.0},{"not_picked":["Distraction","Escape Plan"],"picked":"Malaise","floor":14.0},{"not_picked":["Grand Finale","Venomology"],"picked":"Adrenaline","floor":16.0},{"not_picked":["Prepared","Outmaneuver"],"picked":"Choke","floor":18.0},{"not_picked":["Underhanded Strike","Acrobatics"],"picked":"Outmaneuver+1","floor":20.0},{"not_picked":["Predator","Sucker Punch"],"picked":"Dodge and Roll","floor":21.0},{"not_picked":["Dagger Throw+1","Night Terror"],"picked":"Escape Plan+1","floor":23.0},{"not_picked":["Slice+1","Crippling Poison"],"picked":"Escape Plan","floor":25.0},{"not_picked":["Slice","Predator+1","Underhanded Strike"],"picked":"SKIP","floor":27.0},{"not_picked":["Acrobatics","Heel Hook"],"picked":"Wraith Form v2","floor":29.0},{"not_picked":["Predator","Tactician"],"picked":"Finisher","floor":31.0}],"player_experience":2940947,"relics_obtained":[{"floor":6.0,"key":"Kunai"},{"floor":8.0,"key":"Bottled Lightning"},{"floor":23.0,"key":"Letter Opener"},{"floor":29.0,"key":"HornCleat"},{"floor":31.0,"key":"MawBank"}],"event_choices":[],"is_beta":false,"boss_relics":[{"not_picked":["Calling Bell","Busted Crown"],"picked":"Cursed Key"}],"items_purged_floors":[3,30],"is_endless":false,"potions_floor_spawned":[1,2,5,8,12,25,27],"killed_by":"Automaton","ascension_level":20}}