{"host":"27g79df0endkaa4r","time":1613979581,"event":{"mods":["Abigail Mod","AchievementEnabler","Act Like it!","Alarm Clock","BaseMod","Better Altar","Better Match","Better Skull","Better Third Choice","BetterRewards","Bossed Relics","CapriCore","Card Forge","Colored Map","Curses Come First","Disable Question Mark Monsters","Displayed Cursed Tome","Emptier Cage","Extra Virgin Snecko Oil","FoggyMod","Friendly Minions","Gold Saver","Good Game Mod","Grow up Mod","Highlight Path","Kratos Character Expansion","Minty Spire (QoL Compilation)","Permanent Neow","Poem Panic","Remilia??????","Shop Mod","StSLib","The Immortal","The Servant 0.9.4","The Vixen","Transform Curses","Virulent Crown","????"],"gold_per_floor":[2190,2190,2155,2155,2170,2201,1876,1497,1569,1595,1595,1611,1611,1654,1097,1217,1217,1233,1233,1257,1257,1257,1291,1306,1149,1176,418,454,100,100,139,155,283,283,296,296,141,159,159,203,227,275,328,121,154,201,201,219,65,65,65,65,26,78,78],"floor_reached":56,"language":"ENG","playtime":2015,"items_purged":[],"score":1916,"play_id":"2d4e62ec-cb16-471a-b1d3-3f72dfa61f41","local_time":"20210222083941","is_ascension_mode":false,"campfire_choices":[{"floor":13,"key":"RECALL"},{"floor":52,"key":"REST"}],"circlet_count":0,"master_deck":["Survivor+1","Neutralize+1","Omniscience+1","Footwork+1","Sadistic Nature+1","Prostrate+1","AbbyMod:HeroCreationA+1","Alleviate+1","Die Die Die+1","Infinite Blades+1","PiercingWail+1","Barrier+1","Dilation+1","Madness+1","DevaForm+1","Wallop+1","Necronomicurse","AbbyMod:VoidHeretic+1","CutThroughFate+1","Flex+1","Madness+1","Madness+1","Whirlwind+1","Terror+1","KratosMod:SmashStone+1","A Thousand Cuts+1","Madness+1","Violence+1","Blade Dance+1","VampirishNight+1"],"relics":["Ring of the Snake","Hammer of Thor","Seething Fire","Anvil of the Gods","REME:ComplimentaryCards","MerchantsRug","PreservedInsect","PrismaticShard","Torii","Golden Idol","Ginger","Oddly Smooth Stone","Bag of Marbles","Bronze Scales","Blood Vial","Centennial Puzzle","Medical Kit","Calipers","HoveringKite","Necronomicon","Happy Flower","Nunchaku","Vajra","Tough Bandages","Sling","Lizard Tail","VirulentCrownMod:VirulentCrown","KratosMod:minohorn","HandDrill","Ornamental Fan","Empty Cage","CeramicFish","Toy Ornithopter","Snake Skull","Orichalcum","Anchor","TwistedFunnel","Bag of Preparation","Pen Nib","ScarletDevilRocket"],"acts_visited":["Exordium","TheCity","TheBeyond","TheEnding"],"potions_floor_usage":[],"damage_taken":[{"damage":0,"enemies":"2 Louse","floor":1,"turns":3},{"damage":0,"enemies":"Small Slimes","floor":5,"turns":3},{"damage":21,"enemies":"Gremlin Nob","floor":6,"turns":5},{"damage":0,"enemies":"Cultist","floor":12,"turns":4},{"damage":0,"enemies":"Lagavulin","floor":14,"turns":5},{"damage":52,"enemies":"Hexaghost","floor":16,"turns":8},{"damage":7,"enemies":"Spheric Guardian","floor":18,"turns":6},{"damage":2,"enemies":"2 Thieves","floor":20,"turns":3},{"damage":0,"enemies":"Book of Stabbing","floor":23,"turns":5},{"damage":6,"enemies":"Centurion and Healer","floor":24,"turns":4},{"damage":0,"enemies":"Gremlin Leader","floor":28,"turns":3},{"damage":0,"enemies":"Slavers","floor":31,"turns":2},{"damage":0,"enemies":"Collector","floor":33,"turns":5},{"damage":12,"enemies":"3 Darklings","floor":35,"turns":4},{"damage":3,"enemies":"Reptomancer","floor":40,"turns":5},{"damage":0,"enemies":"Nemesis","floor":42,"turns":1},{"damage":0,"enemies":"3 Shapes","floor":45,"turns":3},{"damage":0,"enemies":"Giant Head","floor":46,"turns":3},{"damage":1,"enemies":"Awakened One","floor":50,"turns":7},{"damage":0,"enemies":"Shield and Spear","floor":54,"turns":3},{"damage":77,"enemies":"The Heart","floor":55,"turns":7}],"seed_played":"6284159057855709276","potions_obtained":[{"floor":1,"key":"Fire Potion"},{"floor":5,"key":"AttackPotion"},{"floor":6,"key":"Swift Potion"},{"floor":16,"key":"SteroidPotion"},{"floor":20,"key":"Block Potion"},{"floor":28,"key":"DistilledChaos"},{"floor":31,"key":"Explosive Potion"},{"floor":46,"key":"Swift Potion"}],"is_trial":false,"path_per_floor":["M","?","?","?","M","E","R","$","T","T","?","M","R","E","R","B",null,"M","?","M","?","?","E","M","R","T","R","E","$","?","E","R","B",null,"M","?","$","?","?","E","T","E","T","$","M","E","?","?","R","B",null,"R","$","E","B",null],"character_chosen":"THE_SILENT","items_purchased":["Footwork","MerchantsRug","PreservedInsect","PrismaticShard","Sadistic Nature","Deflect","Die Die Die","Infinite Blades","Oddly Smooth Stone","PiercingWail","Bag of Marbles","Bronze Scales","Noxious Fumes","Medical Kit","Calipers","Madness","Nunchaku","Tough Bandages","Sling","Lizard Tail","KratosMod:minohorn","HandDrill","CeramicFish","TwistedFunnel","Terror","Pen Nib","Blade Dance"],"campfire_rested":1,"item_purchase_floors":[0,0,0,0,0,0,7,7,7,7,8,8,8,15,15,15,25,27,27,27,29,29,37,44,44,49,53],"current_hp_per_floor":[90,78,110,120,130,119,129,139,149,159,169,181,191,203,213,173,250,253,263,273,267,274,286,292,302,312,322,334,344,354,366,376,388,420,418,428,438,392,402,411,421,433,443,453,465,486,482,482,492,512,522,532,542,552,495],"gold":78,"neow_bonus":"","is_daily":false,"chose_seed":false,"campfire_upgraded":0,"win_rate":0.0,"timestamp":1613979581,"path_taken":["M","?","?","?","?","E","R","?","T","?","?","?","R","E","R","BOSS","M","?","?","?","?","E","?","R","T","R","E","?","?","E","R","BOSS","M","?","$","?","?","E","?","E","T","?","?","E","?","?","R","BOSS","R","$","E","BOSS"],"items_purchased_type":["Card","Relic","Relic","Relic","Card","Card","Card","Card","Relic","Card","Relic","Relic","Card","Relic","Relic","Card","Relic","Relic","Relic","Relic","Relic","Relic","Relic","Relic","Card","Relic","Card"],"build_version":"2020-12-22","purchased_purges":0,"victory":true,"max_hp_per_floor":[90,100,110,120,130,140,150,160,170,180,190,200,210,220,230,240,250,260,270,280,290,300,310,320,330,340,350,360,370,380,390,400,410,420,430,440,450,460,470,480,490,500,510,520,530,540,482,492,502,512,522,532,542,552,572],"card_choices":[{"not_picked":["Stigmanizer","PiercingWail"],"picked":"Prostrate","floor":1},{"not_picked":["Pummel","Stack"],"picked":"AbbyMod:HeroCreationA","floor":5},{"not_picked":["EmergencyRegeneration","Underhanded Strike"],"picked":"Alleviate","floor":6},{"not_picked":["Iron Wave","Noxious Fumes"],"picked":"Barrier","floor":12},{"not_picked":["Flying Knee","ShiftingGears"],"picked":"Dilation","floor":14},{"not_picked":["MokouMod:Ventilation","LightFlow"],"picked":"DevaForm","floor":16},{"not_picked":["Aggregate","MokouMod:WarmUp","MokouMod:ScorchingColumn"],"picked":"SKIP","floor":18},{"not_picked":["Twin Strike","Clothesline+1"],"picked":"Wallop","floor":20},{"not_picked":["Battle Trance","TheVixenMod:FlameWheel"],"picked":"AbbyMod:VoidHeretic","floor":23},{"not_picked":["MokouMod:BurningDraft","AbbyMod:PowerGamer","TheVixenMod:MindReader"],"picked":"SKIP","floor":24},{"not_picked":["HandOfGreed","DevilSight+1"],"picked":"CutThroughFate","floor":28},{"not_picked":["SignatureMove+1","Perfected Strike"],"picked":"Flex","floor":31},{"not_picked":["Flying Knee","KratosMod:BladeWhip","Starlight"],"picked":"SKIP","floor":35},{"not_picked":["TheVixenMod:Protect+1","AbbyMod:ChocoKey","MokouMod:IcarusDive"],"picked":"SKIP","floor":40},{"not_picked":["AbbyMod:LossOfSanity+1","Unruled+1"],"picked":"Whirlwind","floor":42},{"not_picked":["Twin Strike+1","ScarletDevil"],"picked":"KratosMod:SmashStone+1","floor":45},{"not_picked":["MokouMod:Stoke+1","WheelKick+1"],"picked":"A Thousand Cuts","floor":46},{"not_picked":["Apotheosis","Blind"],"picked":"Madness","floor":48},{"not_picked":["Good Instincts","Trip"],"picked":"Violence","floor":48},{"not_picked":["Perfected Strike+1","MokouMod:FlickeringFlame"],"picked":"VampirishNight","floor":54}],"player_experience":20373,"relics_obtained":[{"floor":6,"key":"Ginger"},{"floor":10,"key":"Blood Vial"},{"floor":14,"key":"Centennial Puzzle"},{"floor":23,"key":"Happy Flower"},{"floor":26,"key":"Vajra"},{"floor":28,"key":"VirulentCrownMod:VirulentCrown"},{"floor":31,"key":"Ornamental Fan"},{"floor":40,"key":"Toy Ornithopter"},{"floor":41,"key":"Snake Skull"},{"floor":42,"key":"Orichalcum"},{"floor":43,"key":"Anchor"},{"floor":46,"key":"Bag of Preparation"},{"floor":54,"key":"ScarletDevilRocket"}],"event_choices":[{"damage_healed":0,"gold_gain":0,"player_choice":"Take Damage","damage_taken":22,"relics_obtained":["Golden Idol"],"max_hp_gain":0,"max_hp_loss":0,"event_name":"Golden Idol","floor":2,"gold_loss":0},{"damage_healed":25,"gold_gain":0,"player_choice":"Healed","damage_taken":0,"max_hp_gain":0,"max_hp_loss":0,"event_name":"The Cleric","floor":3,"gold_loss":35},{"cards_removed":["Defend_G"],"damage_healed":0,"gold_gain":0,"player_choice":"Offered Basic","damage_taken":0,"max_hp_gain":0,"max_hp_loss":0,"event_name":"Bonfire Elementals","floor":4,"gold_loss":0},{"damage_healed":0,"gold_gain":0,"player_choice":"Upgraded","damage_taken":0,"max_hp_gain":0,"max_hp_loss":0,"event_name":"Upgrade Shrine","floor":11,"gold_loss":0,"cards_upgraded":["Noxious Fumes"]},{"damage_healed":0,"gold_gain":0,"player_choice":"Ignored","damage_taken":0,"max_hp_gain":0,"max_hp_loss":0,"event_name":"NoteForYourself","floor":19,"gold_loss":0},{"damage_healed":0,"gold_gain":0,"player_choice":"Obtained Book","damage_taken":16,"max_hp_gain":0,"max_hp_loss":0,"event_name":"Cursed Tome","floor":21,"gold_loss":0},{"damage_healed":0,"gold_gain":0,"player_choice":"Punched","damage_taken":3,"max_hp_gain":0,"max_hp_loss":0,"event_name":"Designer","floor":22,"gold_loss":0},{"damage_healed":0,"gold_gain":0,"player_choice":"Ignored","damage_taken":0,"max_hp_gain":0,"max_hp_loss":0,"event_name":"Ghosts","floor":30,"gold_loss":0},{"cards_removed":["Deflect"],"damage_healed":0,"gold_gain":0,"player_choice":"Removed Skill","damage_taken":0,"max_hp_gain":0,"max_hp_loss":0,"event_name":"Falling","floor":36,"gold_loss":0},{"damage_healed":0,"gold_gain":0,"player_choice":"Embrace Madness","damage_taken":56,"max_hp_gain":0,"max_hp_loss":0,"event_name":"Winding Halls","floor":38,"gold_loss":0,"cards_obtained":["Madness","Madness"]},{"damage_healed":0,"gold_gain":0,"player_choice":"Ignored","damage_taken":0,"max_hp_gain":0,"max_hp_loss":0,"event_name":"Tomb of Lord Red Mask","floor":39,"gold_loss":0},{"damage_healed":472,"gold_gain":0,"player_choice":"Heal","damage_taken":0,"max_hp_gain":0,"max_hp_loss":68,"event_name":"The Moai Head","floor":47,"gold_loss":0},{"damage_healed":0,"gold_gain":0,"player_choice":"Memory 3","damage_taken":10,"max_hp_gain":0,"max_hp_loss":0,"event_name":"SensoryStone","floor":48,"gold_loss":0}],"is_beta":false,"boss_relics":[{"not_picked":["Velvet Choker","Runic Pyramid"],"picked":"HoveringKite"},{"not_picked":["Busted Crown","Philosopher\u0027s Stone"],"picked":"Empty Cage"}],"items_purged_floors":[],"is_endless":false,"potions_floor_spawned":[1,5,6,16,20,28,31,46],"ascension_level":0}}