{"host":"ilhhjx796p2x2wmd","time":1613956079,"event":{"mods":["AchievementEnabler","BaseMod","BetterRewards","Colored Map","Colored Powertips","DeckTracker","Highlight Path","Minty Spire (QoL Compilation)","Permanent Neow","Rare Cards Sparkle","Shop Mod"],"gold_per_floor":[114,133,151,165,182,182,58,58,58,83,83,94,94,109,109,211,211,229,144,159,173,173,173,189,189,261,18,0,0,10,26,26,130,130,141,158,83,23,23,23],"floor_reached":39,"language":"KOR","playtime":1443,"items_purged":["Strike_R"],"score":578,"play_id":"afa484ed-4a54-495f-9ea8-cac209770e43","local_time":"20210222100759","is_ascension_mode":true,"campfire_choices":[{"data":"Body Slam","floor":6,"key":"SMITH"},{"data":"Body Slam","floor":8,"key":"SMITH"},{"floor":11,"key":"REST"},{"data":"Evolve","floor":13,"key":"SMITH"},{"data":"Wild Strike","floor":15,"key":"SMITH"},{"floor":23,"key":"REST"},{"floor":29,"key":"REST"},{"floor":32,"key":"REST"}],"circlet_count":0,"master_deck":["AscendersBane","Strike_R","Strike_R","Defend_R","Defend_R","Defend_R","Defend_R","Bash","Finesse","Body Slam+1","Shrug It Off","Wild Strike+1","Wild Strike","Perfected Strike","Body Slam+1","Evolve+1","Battle Trance","Demon Form","Pommel Strike","Feel No Pain+1","True Grit","Entrench","Writhe","Impervious","Secret Weapon","Rage+1","Limit Break","Armaments+1","Metallicize","Burning Pact","Flex"],"relics":["Burning Blood","Self Forming Clay","Potion Belt","Cursed Key","Gambling Chip","Bottled Flame","Mark of Pain"],"acts_visited":["Exordium","TheCity","TheBeyond"],"potions_floor_usage":[16,16,33,33],"damage_taken":[{"damage":12,"enemies":"Small Slimes","floor":1,"turns":4},{"damage":19,"enemies":"Jaw Worm","floor":2,"turns":4},{"damage":0,"enemies":"2 Louse","floor":3,"turns":3},{"damage":23,"enemies":"Large Slime","floor":4,"turns":10},{"damage":13,"enemies":"Red Slaver","floor":5,"turns":3},{"damage":21,"enemies":"Gremlin Nob","floor":10,"turns":4},{"damage":10,"enemies":"Exordium Wildlife","floor":12,"turns":5},{"damage":7,"enemies":"3 Louse","floor":14,"turns":3},{"damage":25,"enemies":"Slime Boss","floor":16,"turns":11},{"damage":16,"enemies":"Shell Parasite","floor":18,"turns":3},{"damage":22,"enemies":"Spheric Guardian","floor":20,"turns":4},{"damage":22,"enemies":"Snake Plant","floor":21,"turns":4},{"damage":19,"enemies":"Cultist and Chosen","floor":24,"turns":5},{"damage":12,"enemies":"Chosen and Byrds","floor":30,"turns":6},{"damage":18,"enemies":"Shelled Parasite and Fungi","floor":31,"turns":4},{"damage":28,"enemies":"Champ","floor":33,"turns":9},{"damage":27,"enemies":"Orb Walker","floor":35,"turns":4},{"damage":17,"enemies":"3 Shapes","floor":36,"turns":4},{"damage":75,"enemies":"Spire Growth","floor":39,"turns":7}],"seed_played":"2050115646571395727","potions_obtained":[{"floor":1,"key":"FairyPotion"},{"floor":3,"key":"SpeedPotion"},{"floor":12,"key":"EssenceOfSteel"},{"floor":14,"key":"SkillPotion"},{"floor":16,"key":"SteroidPotion"},{"floor":18,"key":"SneckoOil"},{"floor":21,"key":"LiquidBronze"},{"floor":30,"key":"Energy Potion"},{"floor":36,"key":"SpeedPotion"}],"is_trial":false,"path_per_floor":["M","M","M","M","M","R","$","R","T","E","R","M","R","M","R","B",null,"M","?","M","M","?","R","M","?","T","$","?","R","M","M","R","B",null,"M","M","$","?","M"],"character_chosen":"IRONCLAD","items_purchased":["Body Slam","Impervious","Secret Weapon","Metallicize"],"campfire_rested":4,"item_purchase_floors":[7,27,27,37],"current_hp_per_floor":[66,53,59,42,35,35,35,35,35,20,44,40,40,39,39,20,65,55,55,39,23,8,33,20,20,20,20,20,45,39,27,52,30,71,50,39,39,39,0,0],"gold":23,"neow_bonus":"RANDOM_COLORLESS","is_daily":false,"chose_seed":false,"campfire_upgraded":4,"win_rate":0.0,"timestamp":1613956079,"path_taken":["M","M","M","M","M","R","$","R","T","E","R","M","R","M","R","BOSS","M","?","M","M","?","R","M","?","T","?","?","R","M","M","R","BOSS","M","M","$","?","?"],"items_purchased_type":["Card","Card","Card","Card"],"build_version":"2020-12-22","purchased_purges":1,"victory":false,"max_hp_per_floor":[80,80,80,80,80,80,80,80,80,80,80,80,80,80,80,80,80,80,80,80,80,85,85,85,85,85,85,85,85,85,85,85,85,85,85,85,85,85,85,85],"card_choices":[{"not_picked":["Trip","PanicButton"],"picked":"Finesse","floor":0},{"not_picked":["Heavy Blade","Iron Wave"],"picked":"Body Slam","floor":1},{"not_picked":["Armaments","Twin Strike"],"picked":"Shrug It Off","floor":2},{"not_picked":["Headbutt","Armaments"],"picked":"Wild Strike","floor":3},{"not_picked":["Juggernaut","Wild Strike","Infernal Blade"],"picked":"SKIP","floor":4},{"not_picked":["Juggernaut","Infernal Blade"],"picked":"Wild Strike","floor":4},{"not_picked":["Wild Strike","Rampage"],"picked":"Perfected Strike","floor":5},{"not_picked":["Warcry","Reckless Charge","True Grit"],"picked":"SKIP","floor":10},{"not_picked":["Battle Trance","Warcry"],"picked":"Evolve","floor":12},{"not_picked":["Flame Barrier","Rampage"],"picked":"Battle Trance","floor":14},{"not_picked":["Exhume","Berserk"],"picked":"Demon Form","floor":16},{"not_picked":["Dual Wield","Anger+1","Body Slam"],"picked":"SKIP","floor":18},{"not_picked":["Thunderclap","Flame Barrier"],"picked":"Pommel Strike","floor":20},{"not_picked":["Clothesline+1","Iron Wave+1"],"picked":"Feel No Pain+1","floor":21},{"not_picked":["Dark Embrace","Sever Soul+1"],"picked":"True Grit","floor":24},{"not_picked":["Heavy Blade","Pummel","Cleave"],"picked":"SKIP","floor":30},{"not_picked":["Infernal Blade","Intimidate+1"],"picked":"Rage+1","floor":31},{"not_picked":["Feed","Demon Form"],"picked":"Limit Break","floor":33},{"not_picked":["Dropkick","Searing Blow","Spot Weakness"],"picked":"SKIP","floor":35},{"not_picked":["Sentinel","Body Slam"],"picked":"Armaments+1","floor":36}],"player_experience":353905,"relics_obtained":[{"floor":9,"key":"Self Forming Clay"},{"floor":10,"key":"Potion Belt"},{"floor":26,"key":"Bottled Flame"}],"event_choices":[{"damage_healed":0,"gold_gain":0,"player_choice":"Obtained Relic","damage_taken":0,"relics_obtained":["Gambling Chip"],"max_hp_gain":0,"max_hp_loss":0,"event_name":"Addict","floor":19,"gold_loss":85},{"damage_healed":0,"gold_gain":0,"player_choice":"Shed Blood","damage_taken":20,"max_hp_gain":5,"max_hp_loss":0,"event_name":"Forgotten Altar","floor":22,"gold_loss":0},{"damage_healed":0,"gold_gain":0,"player_choice":"Read","damage_taken":0,"max_hp_gain":0,"max_hp_loss":0,"event_name":"The Library","floor":25,"gold_loss":0,"cards_obtained":["Entrench"]},{"damage_healed":0,"gold_gain":0,"player_choice":"Paid Fearfully","damage_taken":0,"max_hp_gain":0,"max_hp_loss":0,"event_name":"Masked Bandits","floor":28,"gold_loss":18},{"damage_healed":0,"gold_gain":0,"cards_transformed":["Strike_R","Strike_R"],"player_choice":"Transformed Cards","damage_taken":0,"max_hp_gain":0,"max_hp_loss":0,"event_name":"Designer","floor":38,"gold_loss":60,"cards_obtained":["Burning Pact","Flex"]}],"is_beta":false,"boss_relics":[{"not_picked":["Runic Cube","Black Blood"],"picked":"Cursed Key"},{"not_picked":["Calling Bell","Pandora\u0027s Box"],"picked":"Mark of Pain"}],"items_purged_floors":[7],"is_endless":false,"potions_floor_spawned":[1,3,12,14,16,18,21,30,31,36],"killed_by":"Spire Growth","ascension_level":10}}