{"host":"fwdkxxz7291ipt0p","time":1613989315,"event":{"mods":["Act Like it!","BaseMod","GifTheSpireLib","Minty Spire (QoL Compilation)","Reimu£®≤©¿ˆ¡È√Œ£©","Relic Filter Mod","StSLib","Stuff the Spire"],"gold_per_floor":[112,387,399,324,336,336,370,13,13,27,38,3,32,32,32,131,131,143,143,18,37,37,71,83,108,145,157,179,191,203,231,243,357,369,392,404,198,209,228,263,263,274,298,318,318,143,158,27,27,27],"floor_reached":51,"language":"ENG","playtime":4368,"items_purged":["Regret","Strike_B","Defend_B","Strike_B","StuffTheSpire:LaunchingStrike"],"score":1229,"play_id":"6de7a0fc-f590-4deb-bfc9-4810ae9bc87c","local_time":"20210222182155","is_ascension_mode":true,"campfire_choices":[{"data":"Dualcast","floor":6.0,"key":"SMITH"},{"data":"Zap","floor":15.0,"key":"SMITH"},{"data":"Defragment","floor":24.0,"key":"SMITH"},{"data":"Electrodynamics","floor":27.0,"key":"SMITH"},{"data":"StuffTheSpire:Plugnplay","floor":32.0,"key":"SMITH"},{"data":"Defragment","floor":41,"key":"SMITH"},{"floor":45,"key":"REST"},{"data":"Defend_B","floor":49,"key":"SMITH"}],"circlet_count":0,"master_deck":["Defend_B+1","Defend_B+1","Zap+1","Dualcast+1","Cold Snap","StuffTheSpire:LoadUp+1","StuffTheSpire:Plugnplay+1","Genetic Algorithm+1","Hologram+1","Electrodynamics+1","Reboot+1","Chill+1","Turbo+1","StuffTheSpire:Deluminance+1","StuffTheSpire:Deluminance+1","StuffTheSpire:Deluminance+1","StuffTheSpire:Deluminance+1","Defragment+1","Coolheaded+1","Chaos+1","Reinforced Body+1","Chaos+1","Coolheaded+1","Defragment+1","Parasite","Recycle+1","Hyperbeam+1","Go for the Eyes+1"],"relics":["Cracked Core","Cables","Toxic Egg 2","Shuriken","Ancient Tea Set","StuffTheSpire:RunicHypercube","StuffTheSpire:BlackoutCurse","MawBank","Boot","Empty Cage","Molten Egg 2","Omamori"],"acts_visited":["Exordium","TheCity","TheBeyond"],"potions_floor_usage":[38],"damage_taken":[{"damage":3.0,"enemies":"2 Louse","floor":1.0,"turns":2.0},{"damage":0.0,"enemies":"Cultist","floor":3.0,"turns":3.0},{"damage":6.0,"enemies":"Small Slimes","floor":5.0,"turns":3.0},{"damage":37.0,"enemies":"Lagavulin","floor":7.0,"turns":11.0},{"damage":7.0,"enemies":"Blue Slaver","floor":10.0,"turns":3.0},{"damage":1.0,"enemies":"2 Fungi Beasts","floor":11.0,"turns":3.0},{"damage":16.0,"enemies":"3 Sentries","floor":13.0,"turns":6.0},{"damage":0.0,"enemies":"Slime Boss","floor":16.0,"turns":7.0},{"damage":0.0,"enemies":"3 Byrds","floor":18.0,"turns":1.0},{"damage":10.0,"enemies":"Chosen","floor":21.0,"turns":3.0},{"damage":0.0,"enemies":"Gremlin Leader","floor":23.0,"turns":4.0},{"damage":0.0,"enemies":"3 Cultists","floor":25.0,"turns":3.0},{"damage":3.0,"enemies":"Snecko","floor":28.0,"turns":5.0},{"damage":0.0,"enemies":"Centurion and Healer","floor":31.0,"turns":3.0},{"damage":0.0,"enemies":"Champ","floor":33.0,"turns":6.0},{"damage":0.0,"enemies":"Orb Walker","floor":35.0,"turns":3.0},{"damage":0,"enemies":"3 Darklings","floor":38,"turns":2},{"damage":5,"enemies":"Sphere and 2 Shapes","floor":39,"turns":4},{"damage":3,"enemies":"Giant Head","floor":40,"turns":5},{"damage":0,"enemies":"Writhing Mass","floor":42,"turns":3},{"damage":0,"enemies":"Maw","floor":44,"turns":4},{"damage":0,"enemies":"3 Darklings","floor":47,"turns":2},{"damage":0,"enemies":"Donu and Deca","floor":50,"turns":4}],"seed_played":"2047372937629546039","potions_obtained":[{"floor":3.0,"key":"SkillPotion"},{"floor":7.0,"key":"Block Potion"},{"floor":16.0,"key":"Explosive Potion"},{"floor":23.0,"key":"Fire Potion"},{"floor":28.0,"key":"EssenceOfSteel"},{"floor":44,"key":"ColorlessPotion"}],"is_trial":false,"path_per_floor":["M","?","M","$","M","R","E","$","T","M","M","?","E","?","R","B",null,"M","?","$","M","?","E","R","M","T","R","M","?","?","M","R","B",null,"M","?","$","M","M","E","R","M","T","M","R","$","M","$","R","B",null],"character_chosen":"DEFECT","items_purchased":["Toxic Egg 2","Defragment","Hyperbeam+1","Go for the Eyes+1"],"campfire_rested":1,"item_purchase_floors":[8,37,48,48],"current_hp_per_floor":[72,72,72,72,66,66,29,29,29,22,21,41,25,9,9,9,64,64,64,64,54,54,54,54,54,54,54,51,51,51,51,51,51,74,74,74,74,74,69,66,66,66,66,66,82,82,82,82,82,82],"gold":27,"neow_bonus":"TEN_PERCENT_HP_BONUS","is_daily":false,"chose_seed":false,"campfire_upgraded":7,"win_rate":0.0,"timestamp":1613989315,"path_taken":["M","?","M","$","?","R","E","$","T","M","M","?","E","?","R","BOSS","M","?","$","M","?","E","R","M","T","R","M","?","?","?","R","BOSS","M","?","?","M","M","E","R","M","T","M","R","?","?","$","R","BOSS"],"items_purchased_type":["Relic","Card","Card","Card"],"build_version":"2020-12-22","purchased_purges":5,"victory":true,"max_hp_per_floor":[82,82,82,82,82,82,82,82,82,82,82,82,82,82,82,82,82,82,82,82,82,82,82,82,82,82,82,82,82,82,82,82,82,82,82,82,82,82,82,82,82,82,82,82,82,82,82,82,82,82],"card_choices":[{"not_picked":["StuffTheSpire:LoadUp","Go for the Eyes"],"picked":"Cold Snap","floor":1.0},{"not_picked":["StuffTheSpire:NuclearReactor","Glacier"],"picked":"StuffTheSpire:LoadUp","floor":3.0},{"not_picked":["Cold Snap","Hello World","Stack"],"picked":"SKIP","floor":5.0},{"not_picked":["Static Discharge","Blizzard"],"picked":"StuffTheSpire:Plugnplay","floor":7.0},{"not_picked":["Redo+1","Turbo+1"],"picked":"Genetic Algorithm+1","floor":10.0},{"not_picked":["Fusion+1","Compile Driver"],"picked":"Hologram+1","floor":11.0},{"not_picked":["Recycle+1","Double Energy+1"],"picked":"Electrodynamics","floor":13.0},{"not_picked":["Meteor Strike","Hyperbeam"],"picked":"Reboot+1","floor":16.0},{"not_picked":["Steam+1","Fusion+1"],"picked":"Chill+1","floor":18.0},{"not_picked":["Auto Shields+1","Compile Driver"],"picked":"Turbo+1","floor":21.0},{"not_picked":["Leap+1","Rebound"],"picked":"Defragment","floor":23.0},{"not_picked":["StuffTheSpire:Coldhearted+1","Doom and Gloom"],"picked":"Coolheaded+1","floor":25.0},{"not_picked":["Streamline","Barrage+1"],"picked":"Chaos+1","floor":28.0},{"not_picked":["StuffTheSpire:LoadUp+1","StuffTheSpire:Rend+1"],"picked":"Chaos+1","floor":31.0},{"not_picked":["Electrodynamics","Reboot+1"],"picked":"StuffTheSpire:LaunchingStrike","floor":33.0},{"not_picked":["Melter","Conserve Battery+1"],"picked":"Coolheaded+1","floor":35.0},{"not_picked":["Force Field+1","Darkness+1","Chaos+1"],"picked":"SKIP","floor":38},{"not_picked":["Gash+1","Ball Lightning+1","Doom and Gloom"],"picked":"SKIP","floor":39},{"not_picked":["Steam+1","Compile Driver+1","StuffTheSpire:Plugnplay+1"],"picked":"SKIP","floor":40},{"not_picked":["Undo+1","Cold Snap+1","StuffTheSpire:Rend+1"],"picked":"SKIP","floor":42},{"not_picked":["StuffTheSpire:NuclearReactor+1","Stack+1"],"picked":"Recycle+1","floor":44},{"not_picked":["Go for the Eyes+1","Compile Driver+1","Melter+1"],"picked":"SKIP","floor":47}],"player_experience":527227,"relics_obtained":[{"floor":7.0,"key":"Cables"},{"floor":9.0,"key":"Shuriken"},{"floor":13.0,"key":"Ancient Tea Set"},{"floor":23.0,"key":"MawBank"},{"floor":26.0,"key":"Boot"},{"floor":40,"key":"Molten Egg 2"},{"floor":43,"key":"Omamori"}],"event_choices":[{"damage_healed":0.0,"max_hp_gain":0.0,"max_hp_loss":0.0,"gold_gain":275.0,"event_name":"Golden Shrine","player_choice":"Desecrate","floor":2.0,"gold_loss":0.0,"damage_taken":0.0,"cards_obtained":["Regret"]},{"damage_healed":20.0,"max_hp_gain":0.0,"max_hp_loss":0.0,"gold_gain":0.0,"event_name":"The Cleric","player_choice":"Healed","floor":12.0,"gold_loss":35.0,"damage_taken":0.0},{"damage_healed":0.0,"max_hp_gain":0.0,"max_hp_loss":0.0,"gold_gain":0.0,"event_name":"Shining Light","player_choice":"Entered Light","floor":14.0,"gold_loss":0.0,"damage_taken":16.0,"cards_upgraded":["Defend_B","StuffTheSpire:LoadUp"]},{"damage_healed":0.0,"max_hp_gain":0.0,"max_hp_loss":0.0,"gold_gain":0.0,"event_name":"Vampires","player_choice":"Ignored","floor":29.0,"gold_loss":0.0,"damage_taken":0.0},{"damage_healed":0.0,"max_hp_gain":0.0,"max_hp_loss":0.0,"gold_gain":0.0,"cards_transformed":["Strike_B"],"event_name":"Transmorgrifier","player_choice":"Transformed","floor":30.0,"gold_loss":0.0,"damage_taken":0.0,"cards_obtained":["Reinforced Body"]},{"cards_removed":["StuffTheSpire:Deluminance"],"damage_healed":0.0,"max_hp_gain":0.0,"max_hp_loss":0.0,"gold_gain":0.0,"event_name":"Falling","player_choice":"Removed Skill","floor":36.0,"gold_loss":0.0,"damage_taken":0.0}],"is_beta":false,"boss_relics":[{"not_picked":["Runic Dome","Cursed Key"],"picked":"StuffTheSpire:RunicHypercube"},{"not_picked":["FrozenCore","SlaversCollar"],"picked":"Empty Cage"}],"items_purged_floors":[4,8,20,37,46],"is_endless":false,"potions_floor_spawned":[3,7,16,23,28,35,44],"ascension_level":6}}