{"host":"61r95uy0hn86b9iu","time":1613957993,"event":{"mods":["AchievementEnabler","BaseMod","Better Vampires","BetterRewards","Colored Powertips","Hubris","Minty Spire (QoL Compilation)","Shop Mod","StSLib"],"gold_per_floor":[110,129,129,149,12,43,43,53,53,83,115,127,182,174,186,288,300,337,349,416,428,459,471,518,530,530],"floor_reached":25,"language":"ENG","playtime":771,"items_purged":["Strike_B","Defend_B"],"score":694,"play_id":"54703085-a697-44ec-b73f-8131f2dace65","local_time":"20210221193953","is_ascension_mode":true,"campfire_choices":[{"floor":7,"key":"REST"},{"floor":15,"key":"REST"},{"floor":23,"key":"REST"}],"circlet_count":0,"master_deck":["AscendersBane","Strike_B","Strike_B","Defend_B","Defend_B","Defend_B","Zap","Dualcast","Capacitor","Sunder","Streamline","Conserve Battery","Ball Lightning","Glacier","Thunder Strike","Leap","Injury","hubris:Ukulele","Conserve Battery","Doom and Gloom","Defragment+1"],"relics":["Cracked Core","Thread and Needle","Pen Nib","MawBank","Golden Idol","hubris:SoftwareUpdate","Sozu","Oddly Smooth Stone"],"acts_visited":["Exordium","TheCity"],"potions_floor_usage":[8,13,16],"damage_taken":[{"damage":6,"enemies":"Small Slimes","floor":1,"turns":3},{"damage":0,"enemies":"2 Louse","floor":2,"turns":3},{"damage":0,"enemies":"Cultist","floor":4,"turns":3},{"damage":11,"enemies":"3 Sentries","floor":6,"turns":8},{"damage":0,"enemies":"Exordium Wildlife","floor":8,"turns":2},{"damage":9,"enemies":"Exordium Thugs","floor":10,"turns":5},{"damage":0,"enemies":"Looter","floor":11,"turns":3},{"damage":0,"enemies":"Gremlin Nob","floor":13,"turns":3},{"damage":8,"enemies":"Slime Boss","floor":16,"turns":9},{"damage":20,"enemies":"Chosen","floor":18,"turns":5},{"damage":16,"enemies":"2 Thieves","floor":22,"turns":3},{"damage":71,"enemies":"Slavers","floor":24,"turns":6},{"damage":17,"enemies":"Centurion and Healer","floor":25,"turns":4}],"seed_played":"2636753103927524256","potions_obtained":[{"floor":4,"key":"FairyPotion"},{"floor":6,"key":"GamblersBrew"},{"floor":8,"key":"DuplicationPotion"},{"floor":14,"key":"Explosive Potion"}],"is_trial":false,"path_per_floor":["M","M","?","M","$","E","R","M","T","M","M","?","E","?","R","B",null,"M","$","T","?","M","R","E","M"],"character_chosen":"DEFECT","items_purchased":["Capacitor","Sunder","Glacier"],"campfire_rested":3,"item_purchase_floors":[0,0,5],"current_hp_per_floor":[39,39,39,39,39,28,49,49,49,40,40,40,40,40,61,53,67,47,47,47,47,31,52,16,0,0],"gold":530,"neow_bonus":"","is_daily":false,"chose_seed":false,"campfire_upgraded":0,"win_rate":0.0,"timestamp":1613957993,"path_taken":["M","M","?","M","$","E","R","M","T","M","M","?","E","?","R","BOSS","M","?","?","?","M","R","E","M"],"items_purchased_type":["Card","Card","Card"],"build_version":"2020-12-22","purchased_purges":2,"victory":false,"max_hp_per_floor":[71,71,71,71,71,71,71,71,71,71,71,71,71,71,71,71,71,71,71,71,71,71,71,71,71,71],"card_choices":[{"not_picked":["BootSequence","Stack"],"picked":"Streamline","floor":1},{"not_picked":["Beam Cell","Turbo"],"picked":"Conserve Battery","floor":2},{"not_picked":["Conserve Battery","Blizzard","Leap"],"picked":"SKIP","floor":4},{"not_picked":["Steam","Compile Driver"],"picked":"Thunder Strike","floor":6},{"not_picked":["Storm","Beam Cell"],"picked":"Leap","floor":8},{"not_picked":["Ball Lightning","Compile Driver","Darkness"],"picked":"SKIP","floor":10},{"not_picked":["Skim","Turbo","Hologram"],"picked":"SKIP","floor":11},{"not_picked":["Beam Cell","Reprogram"],"picked":"hubris:Ukulele","floor":13},{"not_picked":["Recycle","Ball Lightning","Capacitor"],"picked":"SKIP","floor":18},{"not_picked":["Capacitor","Hello World"],"picked":"Doom and Gloom","floor":22},{"not_picked":["Sweeping Beam","Barrage"],"picked":"Defragment+1","floor":24}],"player_experience":3374122,"relics_obtained":[{"floor":6,"key":"Pen Nib"},{"floor":9,"key":"MawBank"},{"floor":13,"key":"hubris:SoftwareUpdate"},{"floor":24,"key":"Oddly Smooth Stone"}],"event_choices":[{"damage_healed":0,"gold_gain":0,"cards_transformed":["Strike_B"],"player_choice":"Change","damage_taken":0,"max_hp_gain":0,"max_hp_loss":0,"event_name":"Living Wall","floor":3,"gold_loss":0,"cards_obtained":["Ball Lightning"]},{"damage_healed":0,"gold_gain":0,"player_choice":"Take Wound","damage_taken":0,"relics_obtained":["Golden Idol"],"max_hp_gain":0,"max_hp_loss":0,"event_name":"Golden Idol","floor":12,"gold_loss":0,"cards_obtained":["Injury"]},{"damage_healed":0,"gold_gain":0,"player_choice":"Bought 1 Potion","damage_taken":0,"max_hp_gain":0,"max_hp_loss":0,"event_name":"The Woman in Blue","floor":14,"gold_loss":0},{"damage_healed":0,"gold_gain":0,"player_choice":"Copied","damage_taken":0,"max_hp_gain":0,"max_hp_loss":0,"event_name":"Duplicator","floor":21,"gold_loss":0,"cards_obtained":["Conserve Battery"]}],"is_beta":false,"boss_relics":[{"not_picked":["SacredBark","hubris:CrackedHourglass"],"picked":"Sozu"}],"items_purged_floors":[0,5],"is_endless":false,"potions_floor_spawned":[4,6,8,11,18],"killed_by":"Centurion and Healer","ascension_level":19}}