{"host":"65kd51pn5ju73m7v","time":1613991499,"event":{"mods":["BaseMod","BetterRewards","Colored Powertips","Minty Spire (QoL Compilation)","StSLib","The Animator"],"gold_per_floor":[130,130,130,153,181,181,207,226,272,285,297,362,12,42,42,42,42],"floor_reached":16,"language":"ENG","playtime":920,"items_purged":[],"score":102,"play_id":"1bdccf42-b87e-4c91-b903-649effa51a2e","local_time":"20210222115819","is_ascension_mode":false,"campfire_choices":[{"data":"animator:DolaCouronne","floor":6.0,"key":"SMITH"},{"floor":15.0,"key":"REST"}],"circlet_count":0,"master_deck":["animator:Strike_MadokaMagica","animator:Defend_MadokaMagica","animator:Strike","animator:Strike","animator:Defend","animator:Defend","animator:Defend","animator:IrohaTamaki","animator:YuiTsuruno","animator:MamiTomoe","animator:Add","animator:Rena","animator:DolaCouronne+1","animator:Elsword","animator:OrikoMikuni","animator:YachiyoNanami","animator:TanyaDegurechaff","animator:QuestionMark"],"relics":["animator:LivingPicture","animator:TheMissingPiece","NeowsBlessing","Omamori","Centennial Puzzle","Odd Mushroom"],"acts_visited":["Exordium"],"potions_floor_usage":[],"damage_taken":[{"damage":0.0,"enemies":"Small Slimes","floor":1.0,"turns":1.0},{"damage":0.0,"enemies":"2 Louse","floor":4.0,"turns":1.0},{"damage":0.0,"enemies":"Cultist","floor":5.0,"turns":1.0},{"damage":23.0,"enemies":"3 Sentries","floor":7.0,"turns":9.0},{"damage":0.0,"enemies":"Looter","floor":8.0,"turns":2.0},{"damage":0.0,"enemies":"2 Fungi Beasts","floor":10.0,"turns":5.0},{"damage":2.0,"enemies":"Blue Slaver","floor":11.0,"turns":3.0},{"damage":4.0,"enemies":"The Mushroom Lair","floor":14.0,"turns":5.0},{"damage":0,"enemies":"Slime Boss","floor":16,"turns":1}],"seed_played":"3323845838327903472","potions_obtained":[{"floor":1.0,"key":"DuplicationPotion"},{"floor":7.0,"key":"DistilledChaos"},{"floor":10.0,"key":"Swift Potion"}],"is_trial":false,"path_per_floor":["M","?","?","M","M","R","E","M","T","M","M","?","$","?","R","B"],"character_chosen":"THE_ANIMATOR","items_purchased":["animator:YachiyoNanami","animator:TanyaDegurechaff","animator:QuestionMark"],"campfire_rested":1,"item_purchase_floors":[13,13,13],"current_hp_per_floor":[66,66,66,66,66,66,44,45,45,45,43,43,43,39,59,59,59],"gold":42,"neow_bonus":"THREE_ENEMY_KILL","is_daily":false,"chose_seed":false,"campfire_upgraded":1,"win_rate":0.0,"timestamp":1613991499,"path_taken":["M","?","?","?","M","R","E","M","T","M","M","?","$","?","R","BOSS"],"items_purchased_type":["Card","Card","Card"],"build_version":"2020-12-22","purchased_purges":0,"victory":false,"max_hp_per_floor":[66,66,66,66,66,66,67,68,68,68,68,68,68,68,68,68,68],"card_choices":[{"not_picked":["animator:KrulTepes","animator:Guy"],"picked":"animator:MamiTomoe","floor":1.0},{"not_picked":["animator:YuiTsuruno","animator:DolaStephanie"],"picked":"animator:Rena","floor":4.0},{"not_picked":["animator:Chung","animator:Ara"],"picked":"animator:DolaCouronne","floor":5.0},{"not_picked":["animator:Ain","animator:Lu"],"picked":"animator:Elsword","floor":7.0},{"not_picked":["animator:MamiTomoe","animator:Lancer"],"picked":"animator:OrikoMikuni","floor":8.0},{"not_picked":["animator:ChaikaBohdan","animator:Ara","animator:Alexander"],"picked":"SKIP","floor":10.0},{"not_picked":["animator:Elsword","animator:MumenRider","animator:Yoichi"],"picked":"SKIP","floor":11.0}],"player_experience":429425,"relics_obtained":[{"floor":7.0,"key":"Omamori"},{"floor":9.0,"key":"Centennial Puzzle"},{"floor":14.0,"key":"Odd Mushroom"}],"event_choices":[{"damage_healed":0.0,"max_hp_gain":0.0,"max_hp_loss":0.0,"gold_gain":0.0,"event_name":"Shining Light","player_choice":"Ignored","floor":2.0,"gold_loss":0.0,"damage_taken":0.0},{"damage_healed":0.0,"max_hp_gain":0.0,"max_hp_loss":0.0,"gold_gain":0.0,"cards_transformed":["animator:Strike"],"event_name":"Transmorgrifier","player_choice":"Transformed","floor":3.0,"gold_loss":0.0,"damage_taken":0.0,"cards_obtained":["animator:Add"]},{"damage_healed":0.0,"max_hp_gain":0.0,"max_hp_loss":0.0,"gold_gain":65.0,"event_name":"Golden Wing","player_choice":"Gained Gold","floor":12.0,"gold_loss":0.0,"damage_taken":0.0},{"damage_healed":0.0,"max_hp_gain":0.0,"max_hp_loss":0.0,"gold_gain":0.0,"event_name":"Mushrooms","player_choice":"Fought Mushrooms","floor":14.0,"gold_loss":0.0,"damage_taken":0.0}],"is_beta":false,"boss_relics":[],"items_purged_floors":[],"is_endless":false,"potions_floor_spawned":[1,7,10],"killed_by":"Slime Boss","ascension_level":0}}