{"host":"5xkp6lbjk85sl3i7","time":1613969253,"event":{"mods":["BaseMod","Better Match","Better Note","Colored Powertips","Curses Come First","Hermit","Highlight Path","Minty Spire (QoL Compilation)","Quick Restart","Replay The Spire","StSLib","The Cursed"],"gold_per_floor":[115,127,147,147,183,183,249,203,203,203,203],"floor_reached":10,"language":"ENG","playtime":756,"items_purged":[],"score":68,"play_id":"3ce22c5f-6dbe-4bcf-b87f-8fa25fcbf65f","local_time":"20210221234733","is_ascension_mode":false,"campfire_choices":[{"data":"hermit:Brawl","floor":6,"key":"SMITH"}],"circlet_count":0,"master_deck":["hermit:Strike_Hermit","hermit:Strike_Hermit","hermit:Strike_Hermit","hermit:Strike_Hermit","hermit:Defend_Hermit","hermit:Defend_Hermit","hermit:Defend_Hermit","hermit:Defend_Hermit","hermit:Snapshot","hermit:Covet","hermit:Vantage+1","hermit:Quickdraw","hermit:DeadOrAlive","hermit:Brawl+1","hermit:TakeCover"],"relics":["hermit:Momento","ReplayTheSpireMod:TigerMarble","Golden Idol","Replay:Bottled Eggs","hermit:CharredGlove"],"acts_visited":["Exordium"],"potions_floor_usage":[],"damage_taken":[{"damage":0,"enemies":"Small Slimes","floor":1,"turns":1},{"damage":0,"enemies":"2 Louse","floor":2,"turns":3},{"damage":0,"enemies":"Cultist","floor":3,"turns":3},{"damage":0,"enemies":"Looter","floor":5,"turns":4},{"damage":52,"enemies":"3 Sentries","floor":7,"turns":10},{"damage":18,"enemies":"Replay:BlueRogue","floor":10,"turns":3}],"seed_played":"6687732940681467613","potions_obtained":[{"floor":2,"key":"Venom Potion"}],"is_trial":false,"path_per_floor":["M","M","M","?","M","R","E","?","T","E"],"character_chosen":"HERMIT","items_purchased":[],"campfire_rested":0,"item_purchase_floors":[],"current_hp_per_floor":[75,75,75,57,57,57,5,5,5,0,0],"gold":203,"neow_bonus":"RANDOM_COMMON_RELIC","is_daily":false,"chose_seed":false,"campfire_upgraded":1,"win_rate":0.0,"timestamp":1613969253,"path_taken":["M","M","M","?","M","R","E","?","T","E"],"items_purchased_type":[],"build_version":"2020-12-22","purchased_purges":0,"victory":false,"max_hp_per_floor":[75,75,75,75,75,75,75,75,75,75,75],"card_choices":[{"not_picked":["hermit:CalledShot","hermit:HighCaliber"],"picked":"hermit:Vantage","floor":1},{"not_picked":["hermit:Vantage","hermit:CalledShot"],"picked":"hermit:Quickdraw","floor":2},{"not_picked":["hermit:LoneWolf","hermit:Deadeye"],"picked":"hermit:DeadOrAlive","floor":3},{"not_picked":["hermit:Quickdraw","hermit:Dive"],"picked":"hermit:Brawl","floor":5},{"not_picked":["hermit:Glare","hermit:GhostlyPresence"],"picked":"hermit:TakeCover","floor":7}],"player_experience":732879,"relics_obtained":[{"floor":7,"key":"Replay:Bottled Eggs"},{"floor":9,"key":"hermit:CharredGlove"}],"event_choices":[{"damage_healed":0,"gold_gain":0,"player_choice":"Take Damage","damage_taken":18,"relics_obtained":["Golden Idol"],"max_hp_gain":0,"max_hp_loss":0,"event_name":"Golden Idol","floor":4,"gold_loss":0},{"damage_healed":0,"gold_gain":0,"player_choice":"Left Gold","damage_taken":0,"max_hp_gain":0,"max_hp_loss":0,"event_name":"World of Goop","floor":8,"gold_loss":46}],"is_beta":false,"boss_relics":[],"items_purged_floors":[],"is_endless":false,"potions_floor_spawned":[2],"killed_by":"Replay:BlueRogue","ascension_level":0}}