{"host":"pifa3o3uv2a0m12r","time":1613978228,"event":{"mods":["AchievementEnabler","BaseMod","Colored Map","Minty Spire (QoL Compilation)","StSLib","SuperFastMode"],"gold_per_floor":[112,123,123,48,48,48,74,74,152,187,187,87,102,120,120,120,120],"floor_reached":16,"language":"FRA","playtime":374,"items_purged":["Strike_R","Strike_R"],"score":158,"play_id":"66469600-ef1d-4aec-8222-8652755cba63","local_time":"20210221211708","is_ascension_mode":false,"campfire_choices":[{"data":"Shrug It Off","floor":6,"key":"SMITH"},{"data":"Bash","floor":8,"key":"SMITH"},{"data":"Body Slam","floor":11,"key":"SMITH"},{"data":"Entrench","floor":15,"key":"SMITH"}],"circlet_count":0,"master_deck":["Strike_R","Strike_R","Defend_R","Defend_R","Defend_R","Defend_R","Bash+1","Flame Barrier+1","Shrug It Off+1","Body Slam+1","Entrench+1"],"relics":["Burning Blood","NeowsBlessing","Eternal Feather","StrikeDummy","Sundial"],"acts_visited":["Exordium"],"potions_floor_usage":[16],"damage_taken":[{"damage":0,"enemies":"2 Louse","floor":1,"turns":1},{"damage":0,"enemies":"Cultist","floor":2,"turns":1},{"damage":0,"enemies":"Lagavulin","floor":7,"turns":1},{"damage":0,"enemies":"3 Sentries","floor":10,"turns":11},{"damage":0,"enemies":"Jaw Worm","floor":13,"turns":4},{"damage":0,"enemies":"2 Fungi Beasts","floor":14,"turns":3},{"damage":84,"enemies":"Hexaghost","floor":16,"turns":16}],"seed_played":"3977529806669184094","potions_obtained":[{"floor":10,"key":"SkillPotion"}],"is_trial":false,"path_per_floor":["M","M","?","$","?","R","E","R","T","E","R","$","M","M","R","B"],"character_chosen":"IRONCLAD","items_purchased":[],"campfire_rested":0,"item_purchase_floors":[],"current_hp_per_floor":[80,80,80,80,80,80,80,80,80,80,80,80,80,80,80,0,0],"gold":120,"neow_bonus":"THREE_ENEMY_KILL","is_daily":false,"chose_seed":false,"campfire_upgraded":4,"win_rate":0.0,"timestamp":1613978228,"path_taken":["M","M","?","?","?","R","E","R","T","E","R","$","M","M","R","BOSS"],"items_purchased_type":[],"build_version":"2020-12-22","purchased_purges":2,"victory":false,"max_hp_per_floor":[80,80,80,80,80,80,80,80,80,80,80,80,80,80,80,80,80],"card_choices":[{"not_picked":["Warcry","Body Slam"],"picked":"Flame Barrier","floor":1},{"not_picked":["Disarm","Clash"],"picked":"Shrug It Off","floor":2},{"not_picked":["Feel No Pain","Thunderclap","Clash"],"picked":"SKIP","floor":7},{"not_picked":["Inflame","Thunderclap"],"picked":"Body Slam","floor":10},{"not_picked":["Reckless Charge","True Grit","Disarm"],"picked":"SKIP","floor":13},{"not_picked":["Combust","Twin Strike"],"picked":"Entrench","floor":14}],"player_experience":148090,"relics_obtained":[{"floor":7,"key":"Eternal Feather"},{"floor":9,"key":"StrikeDummy"},{"floor":10,"key":"Sundial"}],"event_choices":[{"damage_healed":0,"gold_gain":0,"player_choice":"Forge","damage_taken":0,"max_hp_gain":0,"max_hp_loss":0,"event_name":"Accursed Blacksmith","floor":3,"gold_loss":0,"cards_upgraded":["Flame Barrier"]},{"cards_removed":["Strike_R"],"damage_healed":0,"gold_gain":0,"player_choice":"Forget","damage_taken":0,"max_hp_gain":0,"max_hp_loss":0,"event_name":"Living Wall","floor":5,"gold_loss":0}],"is_beta":false,"boss_relics":[],"items_purged_floors":[4,12],"is_endless":false,"potions_floor_spawned":[10],"killed_by":"Hexaghost","ascension_level":0}}