{"host":"d73an99q9oevilk5","time":1613987532,"event":{"mods":["2.2 Compatiblity","AchievementEnabler","Act Like it!","Aspiration","BaseMod","Beaked The Cultist","Better Third Choice","BetterRewards","Colored Map","Colored Powertips","Conspire","Downfall","GifTheSpireLib","Halation","Hubris","Infinite Spire","Marisa????????","Mimic Mod","Minty Spire (QoL Compilation)","MostiFishMod","Quick Restart","Relic Sorter","Reliquary","Replay The Spire","Shop Mod","Spikes Relics","StSLib","Stuff the Spire","The Cursed","The Jungle","The Necromancer","The Saiyan","Waifu the Spire","egg","slay the spire mod where everything is the same but ironclad has a cowboy hat"],"gold_per_floor":[94,110,110,110,130,164,177,195,195,195,195,229,229,290,290,388,388,401,401,401,30,30,57,57,57,92,92,92,92,109,120,120,221,221,233,158,158,158,158,158,158,158,173,187,211,237,337,352,387,404,404,404],"floor_reached":53,"language":"ENG","playtime":1800,"items_purged":["Shame","Injury"],"score":1166,"play_id":"ec48a5d2-0abc-4043-910d-fffd2fa7fc09","local_time":"20210222025212","is_ascension_mode":false,"campfire_choices":[{"data":"Saiyan:PowerPole","floor":11.0,"key":"SMITH"},{"data":"Saiyan:SuperSaiyanForm","floor":13.0,"key":"SMITH"},{"data":"Saiyan:SAIYA_Defend","floor":15.0,"key":"SMITH"},{"floor":25,"key":"REST"},{"data":"Regret","floor":28,"key":"SMITH"},{"floor":32,"key":"REST"},{"data":"Saiyan:MindBoom","floor":42,"key":"SMITH"},{"data":"Saiyan:MindBoom","floor":51,"key":"SMITH"}],"circlet_count":0,"master_deck":["Saiyan:SAIYA_Strike","Saiyan:SAIYA_Strike","Saiyan:SAIYA_Strike","Saiyan:SAIYA_Strike","Saiyan:SAIYA_Defend+1","Saiyan:SAIYA_Defend","Saiyan:SAIYA_Defend","Saiyan:EnergyBlast","Saiyan:KaioKen","Saiyan:RuthlessBlow","Saiyan:TurtleShell+1","Saiyan:PowerPole+1","Saiyan:DoubleMasenko","Saiyan:DoubleMasenko+1","Saiyan:GenkiDama+1","Saiyan:AugmentedBlast+1","Saiyan:DrainingStrike+1","Saiyan:SuperSaiyanForm+1","Saiyan:MonkeyTail","Saiyan:ConcussiveBlow+1","infinitespire:SevenWalls+1","Saiyan:MindBoom+1","Saiyan:KiExplosion+1","downfall:Bewildered","Saiyan:MindBoom+1","Saiyan:UltraInstinct","Saiyan:MindBoom","Saiyan:Furor+1","Saiyan:Medicine+1"],"relics":["SaiyanSoul","DaveBox","SaiyanHeart","ChiXiaoBlade","Mango","halation:BlackBeret","SynthV:TestCard","Molten Egg 2","Bag of Preparation","reliquary:PurpleTingedLeaf","reliquary:IridiumChain","Blue Doll","bronze:MakeshiftBattery","hubris:Zylophone","halation:TwoAmDonut","halation:PrussianBluePaint","CaptainsWheel","sneckomod:BabySnecko","infinitespire:Cupcake","halation:PapillonHeart","halation:EternalFortune","RhineCircuit","BicycleWheel","aspiration:EmptySkull","Pet Ghost","halation:AfternoonTea"],"acts_visited":["Exordium","TheCity","TheBeyond"],"potions_floor_usage":[23,33,33,35,52,52,52],"damage_taken":[{"damage":0.0,"enemies":"Small Slimes","floor":1.0,"turns":3.0},{"damage":4.0,"enemies":"Jaw Worm","floor":2.0,"turns":3.0},{"damage":5.0,"enemies":"2 Louse","floor":5.0,"turns":2.0},{"damage":25.0,"enemies":"Lagavulin","floor":6.0,"turns":7.0},{"damage":7.0,"enemies":"Exordium Wildlife","floor":7.0,"turns":5.0},{"damage":0.0,"enemies":"2 Fungi Beasts","floor":8.0,"turns":2.0},{"damage":2.0,"enemies":"3 Sentries","floor":12.0,"turns":3.0},{"damage":26.0,"enemies":"The Guardian","floor":16.0,"turns":9.0},{"damage":25,"enemies":"2 Thieves","floor":18,"turns":4},{"damage":37,"enemies":"Slavers","floor":23,"turns":3},{"damage":9,"enemies":"Shell Parasite","floor":26,"turns":8},{"damage":7,"enemies":"Shell Parasite","floor":30,"turns":4},{"damage":0,"enemies":"Shelled Parasite and Fungi","floor":31,"turns":4},{"damage":13,"enemies":"hubris:MusketHawk","floor":33,"turns":5},{"damage":28,"enemies":"3 Darklings","floor":35,"turns":3},{"damage":0,"enemies":"3 Shapes","floor":43,"turns":2},{"damage":0,"enemies":"Jaw Worm Horde","floor":44,"turns":2},{"damage":0,"enemies":"Giant Head","floor":46,"turns":5},{"damage":0,"enemies":"Transient","floor":48,"turns":5},{"damage":1,"enemies":"Nemesis","floor":49,"turns":3},{"damage":0,"enemies":"Spire Growth","floor":50,"turns":4},{"damage":36,"enemies":"infinitespire:MassOfShapes","floor":52,"turns":9}],"seed_played":"-4089159368831204625","potions_obtained":[{"floor":2.0,"key":"FearPotion"},{"floor":7.0,"key":"AttackPotion"},{"floor":8.0,"key":"Milkshake"},{"floor":12.0,"key":"hexamod:SoulburnPotion"},{"floor":16.0,"key":"Adrenaline Potion"},{"floor":23,"key":"SteroidPotion"},{"floor":44,"key":"GamblersBrew"},{"floor":46,"key":"Reflective Coating"},{"floor":49,"key":"champ:CounterPotion"},{"floor":50,"key":"PowerPotion"}],"is_trial":false,"path_per_floor":["M","M","?","?","M","E","M","M","T","?","R","E","R","?","R_BF","B",null,"M","?","?","$","?","E","$","R","MIM","?","R","?","M","M","R","B",null,"M","$","?","?","AVR","PTL","PTL","R","M","M","T","E","?","M","E","M","R","B",null],"character_chosen":"SAIYAJIN","items_purchased":["Saiyan:TurtleShell","Saiyan:PowerPole","Saiyan:DoubleMasenko","hubris:Zylophone","DuplicationPotion"],"campfire_rested":2,"item_purchase_floors":[0,0,0,21,21],"current_hp_per_floor":[76,73,73,73,68,44,39,41,41,41,41,41,41,41,41,18,84,60,40,40,40,40,7,7,33,26,26,26,26,23,24,51,42,95,68,68,68,71,71,71,71,71,72,76,76,79,79,86,91,99,99,71],"gold":404,"neow_bonus":"","is_daily":false,"chose_seed":false,"campfire_upgraded":6,"win_rate":0.0,"timestamp":1613987532,"path_taken":["M","M","?","?","M","E","M","M","T","?","R","E","R","?","R_BF","BOSS","M","?","?","$","?","E","$","R","MIM","?","R","?","M","M","R","BOSS","M","$","?","?","AVR","PTL","PTL","R","M","M","T","E","?","M","E","?","R","BOSS"],"items_purchased_type":["Card","Card","Card","Relic","Potion"],"build_version":"2020-12-22","purchased_purges":2,"victory":true,"max_hp_per_floor":[76,77,77,77,77,78,80,82,82,82,82,83,83,83,83,84,84,84,84,84,84,84,87,87,87,88,88,88,88,91,92,92,95,95,96,96,91,94,94,94,94,94,95,99,99,101,101,107,112,113,113,113],"card_choices":[{"not_picked":["Saiyan:Endure","Saiyan:PowerUp","Saiyan:PowerPole"],"picked":"SKIP","floor":1.0},{"not_picked":["Saiyan:BackAttack","Saiyan:DoubleMasenko","Saiyan:SaiyanHubris","Saiyan:MeteorDash","Saiyan:Planning"],"picked":"SKIP","floor":2.0},{"not_picked":["Saiyan:DragonFist+1","Saiyan:FingerParry","Saiyan:Endure","Saiyan:TurtleShell"],"picked":"Saiyan:DoubleMasenko+1","floor":5.0},{"not_picked":["Saiyan:BackAttack+1","Saiyan:Teleport","Saiyan:ExtremeSpeed","Saiyan:DragonRadar"],"picked":"Saiyan:GenkiDama+1","floor":6.0},{"not_picked":["Saiyan:BackAttack+1","Saiyan:TurtleShell","Saiyan:DragonFist+1","Saiyan:PowerStance"],"picked":"Saiyan:AugmentedBlast+1","floor":7.0},{"not_picked":["Saiyan:DoubleMasenko+1","Saiyan:SaiyanHubris","Saiyan:MeteorDash+1","Saiyan:FingerParry"],"picked":"Saiyan:DrainingStrike+1","floor":8.0},{"not_picked":["Saiyan:FinalFlash+1","Saiyan:PowerUp","Saiyan:SpiritSword+1","Saiyan:MeteorDash+1"],"picked":"Saiyan:SuperSaiyanForm","floor":12.0},{"not_picked":["Saiyan:HyperTimeChamber","Saiyan:SenzuBean","Saiyan:MindBoom","Saiyan:Momentum"],"picked":"Saiyan:MonkeyTail","floor":16.0},{"not_picked":["Saiyan:MeteorDash+1","Saiyan:PlotArmor","Saiyan:RemoveWeights+1","Saiyan:Makankosappo+1"],"picked":"Saiyan:ConcussiveBlow+1","floor":18},{"not_picked":["hubris:InfiniteBlow","infinitespire:SealOfDarkness+"],"picked":"infinitespire:SevenWalls","floor":19},{"not_picked":["Saiyan:DrainingStrike+1","Saiyan:PlotArmor","Saiyan:Planning","Saiyan:TurtleShell"],"picked":"Saiyan:MindBoom","floor":23},{"not_picked":["Saiyan:BigBangAttack+1","Saiyan:ReverberatingForce+1","Saiyan:SaiyanHubris+1","Saiyan:BackAttack+1"],"picked":"Saiyan:KiExplosion","floor":26},{"not_picked":["Saiyan:TurtleShell+1","Saiyan:ExpandingShockwave+1","Saiyan:Flurry+1","Saiyan:ReverberatingForce+1"],"picked":"Saiyan:MindBoom","floor":30},{"not_picked":["Saiyan:Reset","Saiyan:DragonFist+1","Saiyan:Taunt","Saiyan:SoulSpice"],"picked":"Saiyan:UltraInstinct","floor":31},{"not_picked":["Saiyan:SolarFlare","Saiyan:HyperTimeChamber","Saiyan:MajinSeal","Saiyan:Rekindle"],"picked":"Saiyan:MindBoom","floor":33},{"not_picked":["Saiyan:FingerParry+1","Saiyan:RemoveWeights+1","Saiyan:ExtremeSpeed+1","Saiyan:DragonFist+1","Saiyan:Quickening+1"],"picked":"SKIP","floor":35},{"not_picked":["Saiyan:PlotArmor","Saiyan:PowerUp+1","Saiyan:Honing+1","Saiyan:SaiyanHubris","Saiyan:WarmUp"],"picked":"SKIP","floor":43},{"not_picked":["Saiyan:KiStrike+1","Saiyan:TheBomb","Saiyan:RemoveWeights+1","Saiyan:Afterimage","Saiyan:DoubleMasenko+1"],"picked":"SKIP","floor":44},{"not_picked":["Saiyan:Planning+1","Saiyan:BigBangAttack+1","Saiyan:Taunt","Saiyan:WarmUp+1","Saiyan:Twize+1"],"picked":"SKIP","floor":46},{"not_picked":["Saiyan:DoubleMasenko+1","Saiyan:Fly+1","Saiyan:Quickening+1","Saiyan:Expend"],"picked":"Saiyan:Furor+1","floor":48},{"not_picked":["Saiyan:BigBangAttack+1","Saiyan:MeteorDash+1","Saiyan:DragonFist+1","Saiyan:Planning"],"picked":"Saiyan:Medicine+1","floor":49},{"not_picked":["Saiyan:Scouter","Saiyan:TheBomb","Saiyan:Flurry+1","Saiyan:AugmentedBlast+1","Saiyan:Pacing"],"picked":"SKIP","floor":50}],"player_experience":1968791,"relics_obtained":[{"floor":1.0,"key":"SynthV:TestCard"},{"floor":6.0,"key":"Bag of Preparation"},{"floor":9.0,"key":"reliquary:PurpleTingedLeaf"},{"floor":12.0,"key":"Blue Doll"},{"floor":23,"key":"halation:PrussianBluePaint"},{"floor":26,"key":"CaptainsWheel"},{"floor":44,"key":"halation:EternalFortune"},{"floor":45,"key":"aspiration:EmptySkull"},{"floor":46,"key":"Pet Ghost"},{"floor":48,"key":"halation:EternalFortune"},{"floor":49,"key":"halation:EternalFortune"},{"floor":49,"key":"halation:AfternoonTea"}],"event_choices":[{"damage_healed":0.0,"max_hp_gain":0.0,"max_hp_loss":0.0,"gold_gain":0.0,"event_name":"Big Fish","player_choice":"Box","floor":10.0,"gold_loss":0.0,"damage_taken":0.0,"relics_obtained":["reliquary:IridiumChain"],"cards_obtained":["Regret"]},{"damage_healed":0.0,"max_hp_gain":0.0,"max_hp_loss":0.0,"gold_gain":61.0,"event_name":"Golden Wing","player_choice":"Gained Gold","floor":14.0,"gold_loss":0.0,"damage_taken":0.0},{"damage_healed":0,"gold_gain":0,"player_choice":"Stole Relic","damage_taken":0,"relics_obtained":["halation:TwoAmDonut"],"max_hp_gain":0,"max_hp_loss":0,"event_name":"Addict","floor":22,"gold_loss":0,"cards_obtained":["Shame"]},{"damage_healed":0,"gold_gain":100,"player_choice":"Pray","damage_taken":0,"max_hp_gain":0,"max_hp_loss":0,"event_name":"Golden Shrine","floor":47,"gold_loss":0}],"is_beta":false,"boss_relics":[{"not_picked":["ReplayTheSpireMod:SealedPack","StuffTheSpire:Kangaroo"],"picked":"bronze:MakeshiftBattery"},{"not_picked":["hubris:CrackedHourglass","hubris:BlackHole"],"picked":"infinitespire:Cupcake"}],"items_purged_floors":[36,39],"is_endless":false,"potions_floor_spawned":[2,7,8,12,16,23,44,46,49,50],"ascension_level":0}}