{"host":"oyfp84051kzsuwdh","time":1613964488,"event":{"mods":["AchievementEnabler","BaseMod","Best Route Mod","BetterRewards","Colored Map","Custom Start","Minty Spire (QoL Compilation)","Relic Stats","Slay-I","StSLib"],"gold_per_floor":[112,127,137,212,224,256,256,280,335,372,372,372,398,420,420,420,420],"floor_reached":16,"language":"ENG","playtime":904,"items_purged":[],"score":310,"play_id":"52ccfcb7-a07b-4ca6-8fa3-bfa40001fa88","local_time":"20210221212808","is_ascension_mode":true,"campfire_choices":[{"floor":7,"key":"REST"},{"floor":11,"key":"REST"},{"floor":15,"key":"REST"}],"circlet_count":0,"master_deck":["AscendersBane","Strike_G","Strike_G","Strike_G","Strike_G","Strike_G","Defend_G","Defend_G","Defend_G","Defend_G","Defend_G","Survivor","Neutralize","Footwork","Finisher","Sucker Punch","Bouncing Flask","Infinite Blades","Noxious Fumes","Footwork","Blade Dance","Noxious Fumes"],"relics":["Ring of the Snake","CaptainsWheel","WingedGreaves","CeramicFish","Lantern","Sundial","Centennial Puzzle"],"acts_visited":["Exordium"],"potions_floor_usage":[10],"damage_taken":[{"damage":1,"enemies":"2 Louse","floor":1,"turns":3},{"damage":1,"enemies":"Jaw Worm","floor":2,"turns":5},{"damage":1,"enemies":"Small Slimes","floor":3,"turns":4},{"damage":1,"enemies":"Looter","floor":5,"turns":4},{"damage":34,"enemies":"Gremlin Nob","floor":6,"turns":5},{"damage":4,"enemies":"Blue Slaver","floor":8,"turns":5},{"damage":15,"enemies":"Lagavulin","floor":10,"turns":5},{"damage":18,"enemies":"3 Sentries","floor":13,"turns":7},{"damage":11,"enemies":"Exordium Wildlife","floor":14,"turns":5},{"damage":28,"enemies":"The Guardian","floor":16,"turns":7}],"seed_played":"5973562279411877538","potions_obtained":[{"floor":2,"key":"DuplicationPotion"},{"floor":8,"key":"Fire Potion"},{"floor":14,"key":"FearPotion"}],"is_trial":false,"path_per_floor":["M","M","M","?","M","E","R","M","T","E","R","?","E","M","R","B"],"character_chosen":"THE_SILENT","items_purchased":["Footwork","Finisher"],"campfire_rested":3,"item_purchase_floors":[0,0],"current_hp_per_floor":[58,57,56,45,44,10,29,25,25,10,29,34,16,5,26,0,0],"gold":420,"neow_bonus":"","is_daily":false,"chose_seed":false,"campfire_upgraded":0,"win_rate":0.0,"timestamp":1613964488,"path_taken":["M","M","M","?","M","E","R","M","T","E","R","?","E","?","R","BOSS"],"items_purchased_type":["Card","Card"],"build_version":"2020-12-22","purchased_purges":0,"victory":false,"max_hp_per_floor":[66,66,66,66,66,66,66,66,66,66,66,71,71,71,71,71,71],"relic_stats":{"Centennial Puzzle":[6],"counters":[197,1013],"Sundial":[2],"CeramicFish":27,"obtain_stats":[{"Ice Cream":19,"TwistedFunnel":0,"Tiny House":17,"Calipers":0,"Gremlin Horn":9,"CeramicFish":3,"Vajra":43,"Spirit Poop":22,"Whetstone":0,"Ginger":9,"Bottled Tornado":48,"Boot":8,"Blood Vial":6,"Lizard Tail":37,"Centennial Puzzle":13,"HornCleat":37,"Sundial":10,"Strawberry":43,"Philosopher\u0027s Stone":17,"Kunai":37,"Toxic Egg 2":9,"Girya":0,"Pear":19,"Happy Flower":13,"Blue Candle":6,"Dead Branch":0,"Tingsha":8,"Eternal Feather":0,"Question Card":8,"WarpedTongs":19,"Du-Vu Doll":12,"Shuriken":6,"Snecko Eye":17,"Molten Egg 2":13,"Black Star":34,"StrikeDummy":25,"Ring of the Serpent":17,"Unceasing Top":9,"Meat on the Bone":0,"Darkstone Periapt":13,"Regal Pillow":30,"Lantern":9,"Torii":0,"Singing Bowl":24,"SacredBark":34,"Enchiridion":21,"StoneCalendar":0,"Mango":0,"Snake Skull":6,"Incense Burner":7,"Juzu Bracelet":8,"Bag of Preparation":11,"Ancient Tea Set":6,"Cursed Key":17,"ClockworkSouvenir":0,"Dream Catcher":26,"Shovel":11,"Matryoshka":40,"WristBlade":34,"Tiny Chest":5,"WingedGreaves":0,"InkBottle":42,"Ring of the Snake":0,"Potion Belt":26,"The Specimen":0,"Golden Idol":2,"Thread and Needle":11,"The Courier":9,"Omamori":20,"Orichalcum":9,"Frozen Egg 2":26,"Odd Mushroom":14,"MawBank":30,"White Beast Statue":13,"Mercury Hourglass":45,"CaptainsWheel":11,"Anchor":0,"Ornamental Fan":45,"Orrery":0,"Turnip":8,"Art of War":9,"Bag of Marbles":12,"Toy Ornithopter":6,"TungstenRod":30},{"Ice Cream":81,"TwistedFunnel":141,"Tiny House":10,"Calipers":69,"Gremlin Horn":36,"CeramicFish":1,"Vajra":107,"Spirit Poop":126,"Whetstone":84,"Ginger":175,"Bottled Tornado":166,"Boot":36,"Blood Vial":89,"Lizard Tail":135,"Centennial Puzzle":195,"HornCleat":161,"Sundial":194,"Strawberry":138,"Philosopher\u0027s Stone":65,"Kunai":105,"Toxic Egg 2":75,"Girya":169,"Pear":152,"Happy Flower":121,"Blue Candle":35,"Dead Branch":141,"Tingsha":18,"Eternal Feather":113,"Question Card":119,"WarpedTongs":124,"Du-Vu Doll":176,"Shuriken":29,"Snecko Eye":151,"Molten Egg 2":39,"Black Star":103,"StrikeDummy":182,"Ring of the Serpent":80,"Unceasing Top":119,"Meat on the Bone":113,"Darkstone Periapt":8,"Regal Pillow":157,"Lantern":193,"Torii":113,"Singing Bowl":154,"SacredBark":159,"Enchiridion":153,"StoneCalendar":15,"Mango":113,"Snake Skull":17,"Incense Burner":49,"Juzu Bracelet":62,"Bag of Preparation":147,"Ancient Tea Set":4,"Cursed Key":40,"ClockworkSouvenir":113,"Dream Catcher":182,"Shovel":38,"Matryoshka":106,"WristBlade":133,"Tiny Chest":23,"WingedGreaves":187,"InkBottle":138,"Ring of the Snake":0,"Potion Belt":128,"The Specimen":141,"Golden Idol":16,"Thread and Needle":120,"The Courier":90,"Omamori":42,"Orichalcum":4,"Frozen Egg 2":99,"Odd Mushroom":122,"MawBank":101,"White Beast Statue":149,"Mercury Hourglass":109,"CaptainsWheel":92,"Anchor":169,"Ornamental Fan":109,"Orrery":169,"Turnip":175,"Art of War":18,"Bag of Marbles":77,"Toy Ornithopter":74,"TungstenRod":185},{"Ice Cream":432,"TwistedFunnel":781,"Tiny House":45,"Calipers":376,"Gremlin Horn":184,"CeramicFish":4,"Vajra":577,"Spirit Poop":687,"Whetstone":444,"Ginger":908,"Bottled Tornado":873,"Boot":184,"Blood Vial":466,"Lizard Tail":739,"Centennial Puzzle":1001,"HornCleat":850,"Sundial":994,"Strawberry":761,"Philosopher\u0027s Stone":360,"Kunai":561,"Toxic Egg 2":405,"Girya":890,"Pear":811,"Happy Flower":657,"Blue Candle":173,"Dead Branch":781,"Tingsha":88,"Eternal Feather":617,"Question Card":648,"WarpedTongs":676,"Du-Vu Doll":914,"Shuriken":140,"Snecko Eye":808,"Molten Egg 2":201,"Black Star":549,"StrikeDummy":939,"Ring of the Serpent":428,"Unceasing Top":648,"Meat on the Bone":617,"Darkstone Periapt":34,"Regal Pillow":831,"Lantern":989,"Torii":617,"Singing Bowl":821,"SacredBark":844,"Enchiridion":817,"StoneCalendar":73,"Mango":617,"Snake Skull":84,"Incense Burner":265,"Juzu Bracelet":337,"Bag of Preparation":797,"Ancient Tea Set":19,"Cursed Key":218,"ClockworkSouvenir":617,"Dream Catcher":939,"Shovel":193,"Matryoshka":571,"WristBlade":731,"Tiny Chest":107,"WingedGreaves":963,"InkBottle":761,"Ring of the Snake":0,"Potion Belt":697,"The Specimen":781,"Golden Idol":77,"Thread and Needle":652,"The Courier":471,"Omamori":227,"Orichalcum":19,"Frozen Egg 2":519,"Odd Mushroom":661,"MawBank":531,"White Beast Statue":803,"Mercury Hourglass":590,"CaptainsWheel":479,"Anchor":890,"Ornamental Fan":590,"Orrery":890,"Turnip":908,"Art of War":88,"Bag of Marbles":415,"Toy Ornithopter":398,"TungstenRod":950}],"Ring of the Snake":[112]},"card_choices":[{"not_picked":["Deflect","Cloak And Dagger"],"picked":"Sucker Punch","floor":1},{"not_picked":["Dagger Throw","Underhanded Strike"],"picked":"Bouncing Flask","floor":2},{"not_picked":["Prepared","Reflex"],"picked":"Infinite Blades","floor":3},{"not_picked":["Quick Slash","Well Laid Plans"],"picked":"Noxious Fumes","floor":5},{"not_picked":["Eviscerate","Choke","Bane"],"picked":"SKIP","floor":6},{"not_picked":["Eviscerate","Quick Slash"],"picked":"Footwork","floor":8},{"not_picked":["Quick Slash","Crippling Poison"],"picked":"Blade Dance","floor":10},{"not_picked":["Deflect","Glass Knife","Slice"],"picked":"SKIP","floor":13},{"not_picked":["PiercingWail","Flying Knee"],"picked":"Noxious Fumes","floor":14}],"player_experience":647590,"relics_obtained":[{"floor":6,"key":"CeramicFish"},{"floor":9,"key":"Lantern"},{"floor":10,"key":"Sundial"},{"floor":13,"key":"Centennial Puzzle"}],"event_choices":[{"damage_healed":0,"gold_gain":75,"player_choice":"Gather Gold","damage_taken":11,"max_hp_gain":0,"max_hp_loss":0,"event_name":"World of Goop","floor":4,"gold_loss":0},{"damage_healed":0,"gold_gain":0,"player_choice":"Donut","damage_taken":0,"max_hp_gain":5,"max_hp_loss":0,"event_name":"Big Fish","floor":12,"gold_loss":0}],"is_beta":false,"boss_relics":[],"items_purged_floors":[],"is_endless":false,"potions_floor_spawned":[2,8,14],"killed_by":"The Guardian","ascension_level":16}}