{"host":"g7uq9uzahx9e0kti","time":1613999531,"event":{"mods":["100% Spire Juice","AchievementEnabler","Act Like it!","BaseMod","CapriCore","GungeonMod","Hermit","Koishi","Minty Spire (QoL Compilation)","Permanent Neow","Quick Restart","Replay The Spire","StSLib","SuperFastMode","The Bug Knight","The Cursed","Together in Spire","WarShipGirlsR/??á´Ò³R mod"],"gold_per_floor":[114,79,93,93,104,132,132,157,234,252,252,252,62,76,76,178,178,195,207,219,70,70,70,102,115,140,153,153,187,187,204,204,204,204],"floor_reached":33,"language":"KOR","playtime":1139,"items_purged":["hermit:Defend_Hermit","hermit:Strike_Hermit"],"score":347,"play_id":"a6ea3ebe-7d63-40cd-8271-04d199e6b768","local_time":"20210222221211","is_ascension_mode":false,"campfire_choices":[{"floor":7,"key":"DIG"},{"floor":11,"key":"DIG"},{"floor":15,"key":"DIG"},{"floor":23,"key":"DIG"},{"floor":28,"key":"REST"},{"floor":30,"key":"DIG"},{"floor":32,"key":"REST"}],"circlet_count":0,"master_deck":["hermit:Strike_Hermit","hermit:Strike_Hermit","hermit:Strike_Hermit","hermit:Defend_Hermit","hermit:Defend_Hermit","hermit:Defend_Hermit+1","hermit:Snapshot","hermit:Covet","hermit:Ricochet","hermit:Ricochet","hermit:HighCaliber","hermit:Glare","hermit:Enervate","hermit:Headshot","hermit:Ricochet","Shame","hermit:Quickdraw","hermit:Glare","hermit:Ricochet+1","hermit:Dive","hermit:TrackingShot+1","hermit:TrackingShot"],"relics":["hermit:Momento","Shovel","Lantern","Question Card","Nunchaku","Quantum Egg","MealTicket","DemoMod:GnawedKey","Mercury Hourglass","SlaversCollar","Peace Pipe","Bronze Scales","Unceasing Top","Omamori","Replay:Baseball","Dream Catcher"],"acts_visited":["Exordium","TheCity"],"potions_floor_usage":[6,8,14,24,33],"damage_taken":[{"damage":1,"enemies":"Jaw Worm","floor":1,"turns":3},{"damage":0,"enemies":"Small Slimes","floor":3,"turns":4},{"damage":0,"enemies":"Cultist","floor":5,"turns":2},{"damage":7,"enemies":"Gremlin Nob","floor":6,"turns":3},{"damage":2,"enemies":"Lagavulin","floor":8,"turns":4},{"damage":0,"enemies":"Large Slime","floor":10,"turns":4},{"damage":0,"enemies":"Blue Slaver","floor":14,"turns":2},{"damage":39,"enemies":"Hexaghost","floor":16,"turns":7},{"damage":9,"enemies":"Shell Parasite","floor":18,"turns":3},{"damage":0,"enemies":"Chosen","floor":19,"turns":3},{"damage":10,"enemies":"3 Cultists","floor":20,"turns":4},{"damage":43,"enemies":"Slavers","floor":24,"turns":3},{"damage":5,"enemies":"Snake Plant","floor":25,"turns":3},{"damage":10,"enemies":"Centurion and Healer","floor":27,"turns":4},{"damage":0,"enemies":"Gremlin Leader","floor":29,"turns":4},{"damage":0,"enemies":"Chosen and Byrds","floor":31,"turns":3},{"damage":61,"enemies":"Collector","floor":33,"turns":7}],"seed_played":"-6183568767001188285","potions_obtained":[{"floor":3,"key":"GamblersBrew"},{"floor":5,"key":"Block Potion"},{"floor":6,"key":"SkillPotion"},{"floor":8,"key":"Dexterity Potion"},{"floor":10,"key":"Ancient Potion"},{"floor":12,"key":"Venom Potion"},{"floor":12,"key":"DemoMod:LeadSkinPotion"},{"floor":16,"key":"Swift Potion"},{"floor":25,"key":"ColorlessPotion"}],"is_trial":false,"path_per_floor":["M","?","M","?","M","E","R","E","T","M","R","?","$","M","R","B",null,"M","M","M","$","?","R","E","M","T","M","R","E","R","M","R","B"],"character_chosen":"HERMIT","items_purchased":["DemoMod:GnawedKey","hermit:Ricochet"],"campfire_rested":2,"item_purchase_floors":[13,21],"current_hp_per_floor":[53,71,71,71,71,64,64,62,62,62,62,62,75,75,75,36,75,66,66,56,71,71,71,28,23,23,13,35,35,35,35,57,0,0],"gold":204,"neow_bonus":"ONE_RARE_RELIC","is_daily":false,"chose_seed":false,"campfire_upgraded":0,"win_rate":0.0,"timestamp":1613999531,"path_taken":["M","?","M","?","?","E","R","E","T","M","R","?","$","M","R","BOSS","M","?","M","$","?","R","E","M","T","M","R","E","R","M","R","BOSS"],"items_purchased_type":["Relic","Card"],"build_version":"2020-12-22","purchased_purges":2,"victory":false,"max_hp_per_floor":[75,75,75,75,75,75,75,75,75,75,75,75,75,75,75,75,75,75,75,75,75,75,75,75,75,75,75,75,75,75,75,75,75,75],"card_choices":[{"not_picked":["hermit:Roulette","hermit:Gestalt"],"picked":"hermit:Ricochet","floor":1},{"not_picked":["hermit:BigShot","hermit:Spite"],"picked":"hermit:Ricochet","floor":3},{"not_picked":["hermit:Deadeye","hermit:Coalescence"],"picked":"hermit:HighCaliber","floor":5},{"not_picked":["hermit:RoundhouseKick","hermit:Malice","hermit:Maintenance"],"picked":"SKIP","floor":6},{"not_picked":["hermit:HoleUp","hermit:HighNoon","hermit:LoneWolf","hermit:TrackingShot"],"picked":"SKIP","floor":8},{"not_picked":["hermit:HighNoon","hermit:LoneWolf","hermit:Snipe"],"picked":"hermit:Glare","floor":10},{"not_picked":["hermit:TrackingShot","hermit:Desperado","hermit:Snipe"],"picked":"hermit:Enervate","floor":14},{"not_picked":["hermit:TrackingShot","hermit:LoneWolf","hermit:LowProfile","hermit:Snipe"],"picked":"SKIP","floor":18},{"not_picked":["hermit:NoHoldsBarred","hermit:Coalescence","hermit:TrackingShot","hermit:Misfire+1"],"picked":"SKIP","floor":19},{"not_picked":["hermit:GhostlyPresence","hermit:Manifest","hermit:Deadeye"],"picked":"hermit:Headshot","floor":20},{"not_picked":["hermit:Purgatory","hermit:HeroicBravado","hermit:Determination+1"],"picked":"hermit:Quickdraw","floor":24},{"not_picked":["hermit:Quickdraw","hermit:BigShot+1","hermit:TrackingShot"],"picked":"hermit:Glare","floor":25},{"not_picked":["hermit:HoleUp+1","hermit:FullyLoaded","hermit:Roulette"],"picked":"hermit:Ricochet+1","floor":27},{"not_picked":["hermit:Feint","hermit:PistolWhip","hermit:ItchyTrigger+1"],"picked":"hermit:Dive","floor":29},{"not_picked":["hermit:CalledShot","hermit:TakeCover","hermit:TakeAim"],"picked":"hermit:TrackingShot+1","floor":31},{"not_picked":["hermit:LowProfile","hermit:Feint","hermit:LuckOfTheDraw"],"picked":"hermit:TrackingShot","floor":32}],"player_experience":136571,"relics_obtained":[{"floor":6,"key":"Lantern"},{"floor":7,"key":"Question Card"},{"floor":8,"key":"Nunchaku"},{"floor":9,"key":"Quantum Egg"},{"floor":11,"key":"MealTicket"},{"floor":15,"key":"Mercury Hourglass"},{"floor":23,"key":"Bronze Scales"},{"floor":24,"key":"Unceasing Top"},{"floor":26,"key":"Omamori"},{"floor":29,"key":"Replay:Baseball"},{"floor":30,"key":"Dream Catcher"}],"event_choices":[{"damage_healed":18,"gold_gain":0,"player_choice":"Healed","damage_taken":0,"max_hp_gain":0,"max_hp_loss":0,"event_name":"The Cleric","floor":2,"gold_loss":35},{"damage_healed":0,"gold_gain":0,"player_choice":"Got Potions","damage_taken":0,"max_hp_gain":0,"max_hp_loss":0,"event_name":"Lab","floor":12,"gold_loss":0},{"damage_healed":0,"gold_gain":0,"player_choice":"Stole Relic","damage_taken":0,"relics_obtained":["Peace Pipe"],"max_hp_gain":0,"max_hp_loss":0,"event_name":"Addict","floor":22,"gold_loss":0,"cards_obtained":["Shame"]}],"is_beta":false,"boss_relics":[{"not_picked":["Replay:Bronze Core","Pandora\u0027s Box"],"picked":"SlaversCollar"}],"items_purged_floors":[13,21],"is_endless":false,"potions_floor_spawned":[3,5,6,8,10,16,20,25,31],"killed_by":"Collector","ascension_level":0}}