{"host":"dm3der2z84gf27js","time":1613980960,"event":{"mods":["AchievementEnabler","BaseMod","Bestiary","Better Note","Better Third Choice","Colored Map","Colored Powertips","Marisa????????","Minty Spire (QoL Compilation)","Onozuka Komachi Mod","StSLib","The Marked","The Servant 0.9.4"],"gold_per_floor":[110,125,225,239,257,289,289,320,347,358,358,372,392,392,392,392,392],"floor_reached":16,"language":"ENG","playtime":853,"items_purged":[],"score":120,"play_id":"6595574f-3b02-464d-a2e2-7229c13e325c","local_time":"20210222030240","is_ascension_mode":true,"campfire_choices":[{"floor":7,"key":"RECALL"},{"floor":15,"key":"REST"}],"circlet_count":0,"master_deck":["Strike_MRS","Strike_MRS","Strike_MRS","Strike_MRS","Defend_MRS","Defend_MRS","Defend_MRS","MasterSpark","UpSweep","Bandage Up","DarkMatter","MilkyWay","EventHorizon","MilkyWay","OneTimeOff","MaximisePower","PowerUp","WitchLeyline","GrandCross","StarlightTyphoon","Creative AI+1"],"relics":["MiniHakkero","Potion Belt","Centennial Puzzle"],"acts_visited":["Exordium"],"potions_floor_usage":[6,16,16],"damage_taken":[{"damage":1,"enemies":"Jaw Worm","floor":1,"turns":3},{"damage":0,"enemies":"Cultist","floor":2,"turns":2},{"damage":0,"enemies":"2 Louse","floor":4,"turns":2},{"damage":5,"enemies":"Looter","floor":5,"turns":2},{"damage":14,"enemies":"Gremlin Nob","floor":6,"turns":4},{"damage":20,"enemies":"Lagavulin","floor":8,"turns":8},{"damage":9,"enemies":"Exordium Thugs","floor":10,"turns":6},{"damage":9,"enemies":"2 Fungi Beasts","floor":12,"turns":3},{"damage":4,"enemies":"Exordium Wildlife","floor":13,"turns":3},{"damage":55,"enemies":"The Guardian","floor":16,"turns":9}],"seed_played":"-1415999345092463243","potions_obtained":[{"floor":1,"key":"BlessingOfTheForge"},{"floor":5,"key":"PowerPotion"},{"floor":6,"key":"LiquidBronze"}],"is_trial":false,"path_per_floor":["M","M","?","M","M","E","R","E","T","M","?","M","M","?","R","B"],"character_chosen":"MARISA","items_purchased":[],"campfire_rested":1,"item_purchase_floors":[],"current_hp_per_floor":[75,75,75,75,70,60,60,44,44,39,39,34,34,29,51,0,0],"gold":392,"neow_bonus":"RANDOM_COLORLESS","is_daily":false,"chose_seed":false,"campfire_upgraded":0,"win_rate":0.0,"timestamp":1613980960,"path_taken":["M","M","?","M","?","E","R","E","T","M","?","M","M","?","R","BOSS"],"items_purchased_type":[],"build_version":"2020-12-22","purchased_purges":0,"victory":false,"max_hp_per_floor":[75,75,75,75,75,75,75,75,75,75,75,75,75,75,75,75,75],"card_choices":[{"not_picked":["Deep Breath","Flash of Steel"],"picked":"Bandage Up","floor":0},{"not_picked":["ShootingEcho","OneTimeOff"],"picked":"DarkMatter","floor":1},{"not_picked":["ShootingEcho","LuminesStrike"],"picked":"MilkyWay","floor":2},{"not_picked":["DeepEcoloBomb","Orbital"],"picked":"EventHorizon","floor":4},{"not_picked":["PowerUp","LuminesStrike"],"picked":"MilkyWay","floor":5},{"not_picked":["DoubleSpark","Acceleration"],"picked":"OneTimeOff","floor":6},{"not_picked":["Singularity","GravityBeat"],"picked":"MaximisePower","floor":8},{"not_picked":["ChargingUp","GalacticHalo"],"picked":"PowerUp","floor":10},{"not_picked":["SuperPerseids","OrrerysSun"],"picked":"GrandCross","floor":12},{"not_picked":["GalacticHalo","DC"],"picked":"StarlightTyphoon","floor":13}],"player_experience":236152,"relics_obtained":[{"floor":6,"key":"Potion Belt"},{"floor":8,"key":"Centennial Puzzle"}],"event_choices":[{"damage_healed":0,"gold_gain":100,"player_choice":"Gold","damage_taken":0,"max_hp_gain":0,"max_hp_loss":0,"event_name":"Wheel of Change","floor":3,"gold_loss":0},{"damage_healed":0,"gold_gain":0,"cards_transformed":["Defend_MRS"],"player_choice":"Change","damage_taken":0,"max_hp_gain":0,"max_hp_loss":0,"event_name":"Living Wall","floor":11,"gold_loss":0,"cards_obtained":["WitchLeyline"]},{"damage_healed":0,"gold_gain":1,"player_choice":"Card ","damage_taken":5,"max_hp_gain":0,"max_hp_loss":0,"event_name":"betterThird:BetterScrap","floor":14,"gold_loss":0,"cards_obtained":["Creative AI","Vault"]}],"is_beta":false,"boss_relics":[],"items_purged_floors":[],"is_endless":false,"potions_floor_spawned":[1,5,6],"killed_by":"The Guardian","ascension_level":1}}