{"host":"h0xw20cia6ppa69g","time":1613989337,"event":{"mods":["AchievementEnabler","BaseMod","Colored Map","Filter the Spire","Googly Eyes","Minty Spire (QoL Compilation)","Relic Stats","StSLib","The Awakened One except there are too many feathers","everything is the same but u backflip on backflip"],"gold_per_floor":[117,128,128,146,163,189,189,219,219,219,219,239,189,42,42,144,144,159,172,271,196,214,214,248,268,340,368,468,468,478,498,498,597,597,611,661,362,377,392,426,336,369,445,455,455,482,496,531,531,531,531,531,55,86,86],"floor_reached":56,"language":"ENG","playtime":3791,"items_purged":["Bane","Catalyst"],"score":1493,"play_id":"ab525dd8-4040-4ec6-87e2-633c827c6387","local_time":"20210222042217","is_ascension_mode":true,"campfire_choices":[{"data":"Well Laid Plans","floor":7.0,"key":"SMITH"},{"data":"Neutralize","floor":11.0,"key":"SMITH"},{"data":"Malaise","floor":15.0,"key":"SMITH"},{"data":"Grand Finale","floor":23.0,"key":"SMITH"},{"data":"Skewer","floor":32.0,"key":"SMITH"},{"floor":45.0,"key":"RECALL"},{"data":"Wraith Form v2","floor":49.0,"key":"SMITH"},{"data":"Dodge and Roll","floor":52.0,"key":"SMITH"}],"circlet_count":0,"master_deck":["Survivor","Neutralize+1","Well Laid Plans+1","Noxious Fumes","Malaise+1","Backstab","Deflect","Dodge and Roll+1","Footwork","Dodge and Roll+1","Cloak And Dagger+1","Skewer+1","Grand Finale+1","Prepared+1","Backflip+1","Malaise+1","Concentrate+1","Tactician+1","Acrobatics+1","PiercingWail+1","Deflect+1","Dagger Throw","Cloak And Dagger+1","Acrobatics+1","Wraith Form v2+1","Blade Dance+1","Cloak And Dagger+1","Backflip+1","Storm of Steel+1","Grand Finale+1","Eviscerate","Prepared+1"],"relics":["Pandora\u0027s Box","Kunai","Oddly Smooth Stone","Toxic Egg 2","Gremlin Horn","Chemical X","WristBlade","Turnip","White Beast Statue","Pear","Letter Opener","Nilry\u0027s Codex","SacredBark","Ginger","Medical Kit","Blue Candle","Pen Nib","Orichalcum","PreservedInsect","DollysMirror","Sundial","Boot"],"acts_visited":["Exordium","TheCity","TheBeyond","TheEnding"],"potions_floor_usage":[55,55,55],"damage_taken":[{"damage":0.0,"enemies":"Cultist","floor":1.0,"turns":4.0},{"damage":0.0,"enemies":"Small Slimes","floor":2.0,"turns":4.0},{"damage":0.0,"enemies":"2 Louse","floor":4.0,"turns":2.0},{"damage":0.0,"enemies":"Exordium Wildlife","floor":5.0,"turns":5.0},{"damage":7.0,"enemies":"3 Sentries","floor":6.0,"turns":7.0},{"damage":6.0,"enemies":"Gremlin Nob","floor":8.0,"turns":5.0},{"damage":0.0,"enemies":"2 Fungi Beasts","floor":12.0,"turns":3.0},{"damage":5.0,"enemies":"The Guardian","floor":16.0,"turns":10.0},{"damage":0.0,"enemies":"Chosen","floor":18.0,"turns":5.0},{"damage":8.0,"enemies":"2 Thieves","floor":19.0,"turns":4.0},{"damage":0.0,"enemies":"Chosen and Byrds","floor":22.0,"turns":5.0},{"damage":0.0,"enemies":"Gremlin Leader","floor":24.0,"turns":5.0},{"damage":0.0,"enemies":"3 Cultists","floor":25.0,"turns":3.0},{"damage":5.0,"enemies":"Slavers","floor":27.0,"turns":5.0},{"damage":0.0,"enemies":"Colosseum Slavers","floor":28.0,"turns":4.0},{"damage":0.0,"enemies":"Colosseum Nobs","floor":28.0,"turns":4.0},{"damage":0.0,"enemies":"Cultist and Chosen","floor":30.0,"turns":5.0},{"damage":0.0,"enemies":"Sentry and Sphere","floor":31.0,"turns":3.0},{"damage":16.0,"enemies":"Collector","floor":33.0,"turns":7.0},{"damage":0.0,"enemies":"3 Darklings","floor":35.0,"turns":3.0},{"damage":12.0,"enemies":"2 Orb Walkers","floor":36.0,"turns":5.0},{"damage":0.0,"enemies":"3 Shapes","floor":38.0,"turns":4.0},{"damage":0.0,"enemies":"Sphere and 2 Shapes","floor":39.0,"turns":4.0},{"damage":0.0,"enemies":"Nemesis","floor":40.0,"turns":5.0},{"damage":0.0,"enemies":"Reptomancer","floor":42.0,"turns":5.0},{"damage":16.0,"enemies":"Jaw Worm Horde","floor":44.0,"turns":3.0},{"damage":0.0,"enemies":"Transient","floor":47.0,"turns":5.0},{"damage":0.0,"enemies":"Giant Head","floor":48.0,"turns":5.0},{"damage":14.0,"enemies":"Awakened One","floor":50.0,"turns":10.0},{"damage":0,"enemies":"Shield and Spear","floor":54,"turns":5},{"damage":45,"enemies":"The Heart","floor":55,"turns":8}],"seed_played":"4605758605366942832","potions_obtained":[{"floor":2.0,"key":"Dexterity Potion"},{"floor":4.0,"key":"Energy Potion"},{"floor":8.0,"key":"Block Potion"},{"floor":19.0,"key":"FearPotion"},{"floor":24.0,"key":"FearPotion"},{"floor":25.0,"key":"SmokeBomb"},{"floor":27.0,"key":"FearPotion"},{"floor":28.0,"key":"AttackPotion"},{"floor":30.0,"key":"Fruit Juice"},{"floor":31.0,"key":"AttackPotion"},{"floor":36.0,"key":"Poison Potion"},{"floor":38.0,"key":"EssenceOfSteel"},{"floor":39.0,"key":"SteroidPotion"},{"floor":42.0,"key":"DuplicationPotion"},{"floor":44.0,"key":"Strength Potion"},{"floor":54,"key":"LiquidBronze"}],"is_trial":false,"path_per_floor":["M","M","T","M","M","E","R","E","T","?","R","M","?","$","R","B",null,"M","M","?","$","M","R","E","M","T","E","?","?","M","M","R","B",null,"M","?","$","M","M","E","?","E","T","M","R","T","M","E","R","B",null,"R","$","E","B",null],"character_chosen":"THE_SILENT","items_purchased":["Chemical X","Acrobatics+1","Medical Kit","DollysMirror","Sundial","Eviscerate"],"campfire_rested":0,"item_purchase_floors":[14,37,37,53,53,53],"current_hp_per_floor":[70,70,70,70,70,63,63,57,57,57,57,57,57,57,57,52,70,70,62,62,62,62,62,62,62,62,67,67,51,51,56,56,40,85,85,73,73,73,73,73,73,73,73,57,57,57,57,57,57,43,85,85,85,85,40],"gold":86,"neow_bonus":"BOSS_RELIC","is_daily":false,"chose_seed":false,"campfire_upgraded":7,"win_rate":0.0,"timestamp":1613989337,"path_taken":["M","?","?","?","M","E","R","E","T","?","R","M","?","?","R","BOSS","M","M","?","?","?","R","E","M","T","E","?","?","M","M","R","BOSS","M","?","$","M","M","E","?","E","T","?","R","?","M","E","R","BOSS","R","$","E","BOSS"],"items_purchased_type":["Relic","Card","Relic","Relic","Relic","Card"],"build_version":"2020-12-22","purchased_purges":2,"victory":true,"max_hp_per_floor":[70,70,70,70,70,70,70,70,70,70,70,70,70,70,70,70,70,70,70,70,70,70,70,70,70,70,80,80,80,80,85,85,85,85,85,85,85,85,85,85,85,85,85,85,85,85,85,85,85,85,85,85,85,85,85],"relic_stats":{"Gremlin Horn":[28,28],"counters":[31,152],"Blue Candle":[0],"Pen Nib":[14],"PreservedInsect":68,"Letter Opener":[328],"Ginger":[4],"Orichalcum":[12],"Medical Kit":[11],"Boot":[0],"Sundial":[0],"Pandora\u0027s Box":["Well Laid Plans","Heel Hook","Riddle With Holes","Bane","Noxious Fumes","Malaise","Backstab","Deflect","Catalyst","Dodge and Roll"],"Turnip":[15],"Kunai":[82],"Chemical X":[86],"obtain_stats":[{"Pear":27,"Gremlin Horn":9,"Nilry\u0027s Codex":29,"SacredBark":34,"Blue Candle":40,"Oddly Smooth Stone":6,"Pen Nib":42,"PreservedInsect":48,"Letter Opener":28,"Ginger":36,"Orichalcum":46,"Medical Kit":37,"Boot":54,"White Beast Statue":26,"WristBlade":17,"DollysMirror":53,"Sundial":53,"Pandora\u0027s Box":0,"Turnip":24,"Kunai":3,"Chemical X":14,"Toxic Egg 2":8,"Ring of the Snake":0},{"Pear":14,"Gremlin Horn":6,"Nilry\u0027s Codex":16,"SacredBark":19,"Blue Candle":24,"Oddly Smooth Stone":5,"Pen Nib":25,"PreservedInsect":28,"Letter Opener":16,"Ginger":21,"Orichalcum":26,"Medical Kit":21,"Boot":30,"White Beast Statue":13,"WristBlade":8,"DollysMirror":29,"Sundial":29,"Pandora\u0027s Box":0,"Turnip":12,"Kunai":2,"Chemical X":7,"Toxic Egg 2":6,"Ring of the Snake":0},{"Pear":67,"Gremlin Horn":27,"Nilry\u0027s Codex":75,"SacredBark":90,"Blue Candle":111,"Oddly Smooth Stone":22,"Pen Nib":116,"PreservedInsect":129,"Letter Opener":75,"Ginger":98,"Orichalcum":119,"Medical Kit":98,"Boot":144,"White Beast Statue":62,"WristBlade":40,"DollysMirror":139,"Sundial":139,"Pandora\u0027s Box":0,"Turnip":59,"Kunai":8,"Chemical X":30,"Toxic Egg 2":27,"Ring of the Snake":0}]},"card_choices":[{"not_picked":["Flying Knee","Dodge and Roll"],"picked":"Footwork","floor":1.0},{"not_picked":["Slice","Tactician"],"picked":"Dodge and Roll","floor":2.0},{"not_picked":["Deflect","Acrobatics"],"picked":"Cloak And Dagger","floor":4.0},{"not_picked":["PiercingWail","Noxious Fumes"],"picked":"Skewer","floor":5.0},{"not_picked":["Storm of Steel","Poisoned Stab"],"picked":"Grand Finale","floor":6.0},{"not_picked":["Choke","Bouncing Flask+1"],"picked":"Prepared+1","floor":8.0},{"not_picked":["Underhanded Strike","Blur+1"],"picked":"Backflip+1","floor":12.0},{"not_picked":["Bullet Time+1","After Image"],"picked":"Malaise+1","floor":16.0},{"not_picked":["Endless Agony","Deadly Poison+1"],"picked":"Concentrate+1","floor":18.0},{"not_picked":["Quick Slash","Flying Knee"],"picked":"Tactician+1","floor":19.0},{"not_picked":["Bane","Footwork"],"picked":"Acrobatics+1","floor":22.0},{"not_picked":["Slice+1","Dodge and Roll+1"],"picked":"PiercingWail+1","floor":24.0},{"not_picked":["Deadly Poison+1","Slice","Bane"],"picked":"SKIP","floor":25.0},{"not_picked":["Die Die Die","Expertise+1","Acrobatics+1"],"picked":"SKIP","floor":27.0},{"not_picked":["Endless Agony","Finisher"],"picked":"Deflect+1","floor":28.0},{"not_picked":["Caltrops+1","Underhanded Strike"],"picked":"Dagger Throw","floor":30.0},{"not_picked":["Flying Knee","Endless Agony","Dagger Throw+1"],"picked":"SKIP","floor":31.0},{"not_picked":["Predator","Dagger Throw+1","Escape Plan+1"],"picked":"SKIP","floor":35.0},{"not_picked":["Outmaneuver+1","Backflip+1"],"picked":"Cloak And Dagger+1","floor":36.0},{"not_picked":["Underhanded Strike+1","Quick Slash","Catalyst+1"],"picked":"SKIP","floor":38.0},{"not_picked":["Poisoned Stab+1","Slice+1","Concentrate+1"],"picked":"SKIP","floor":39.0},{"not_picked":["Slice","Poisoned Stab"],"picked":"Wraith Form v2","floor":40.0},{"not_picked":["After Image","Acrobatics+1"],"picked":"Blade Dance+1","floor":42.0},{"not_picked":["Bane","Deflect+1"],"picked":"Cloak And Dagger+1","floor":44.0},{"not_picked":["Dodge and Roll+1","Distraction+1"],"picked":"Backflip+1","floor":47.0},{"not_picked":["Endless Agony","Quick Slash"],"picked":"Storm of Steel+1","floor":48.0},{"not_picked":["Deflect+1","Distraction+1"],"picked":"Prepared+1","floor":54}],"player_experience":3900002,"relics_obtained":[{"floor":3.0,"key":"Kunai"},{"floor":6.0,"key":"Oddly Smooth Stone"},{"floor":8.0,"key":"Toxic Egg 2"},{"floor":9.0,"key":"Gremlin Horn"},{"floor":24.0,"key":"Turnip"},{"floor":26.0,"key":"White Beast Statue"},{"floor":27.0,"key":"Pear"},{"floor":28.0,"key":"Letter Opener"},{"floor":29.0,"key":"Nilry\u0027s Codex"},{"floor":36.0,"key":"Ginger"},{"floor":40.0,"key":"Blue Candle"},{"floor":42.0,"key":"Pen Nib"},{"floor":46.0,"key":"Orichalcum"},{"floor":48.0,"key":"PreservedInsect"},{"floor":54,"key":"Boot"}],"event_choices":[{"damage_healed":0.0,"max_hp_gain":0.0,"max_hp_loss":0.0,"gold_gain":0.0,"event_name":"Living Wall","player_choice":"Grow","floor":10.0,"gold_loss":0.0,"damage_taken":0.0,"cards_upgraded":["Cloak And Dagger"]},{"cards_removed":["Riddle With Holes"],"damage_healed":0.0,"max_hp_gain":0.0,"max_hp_loss":0.0,"gold_gain":0.0,"event_name":"The Cleric","player_choice":"Card Removal","floor":13.0,"gold_loss":50.0,"damage_taken":0.0},{"damage_healed":0.0,"max_hp_gain":0.0,"max_hp_loss":0.0,"gold_gain":99.0,"event_name":"Nest","player_choice":"Stole From Cult","floor":20.0,"gold_loss":0.0,"damage_taken":0.0},{"damage_healed":0.0,"max_hp_gain":0.0,"max_hp_loss":0.0,"gold_gain":0.0,"event_name":"Colosseum","player_choice":"Fight","floor":28.0,"gold_loss":0.0,"damage_taken":0.0},{"damage_healed":0.0,"max_hp_gain":0.0,"max_hp_loss":0.0,"gold_gain":0.0,"event_name":"Colosseum","player_choice":"Fought Nobs","floor":28.0,"gold_loss":0.0,"damage_taken":0.0},{"damage_healed":0.0,"max_hp_gain":0.0,"max_hp_loss":0.0,"gold_gain":0.0,"event_name":"Cursed Tome","player_choice":"Obtained Book","floor":29.0,"gold_loss":0.0,"damage_taken":16.0},{"damage_healed":0.0,"max_hp_gain":0.0,"max_hp_loss":0.0,"gold_gain":0.0,"event_name":"Mysterious Sphere","player_choice":"Fight","floor":36.0,"gold_loss":0.0,"damage_taken":0.0},{"cards_removed":["Heel Hook"],"damage_healed":0.0,"max_hp_gain":0.0,"max_hp_loss":0.0,"gold_gain":0.0,"event_name":"Designer","player_choice":"Upgrade and Remove","floor":41.0,"gold_loss":90.0,"damage_taken":0.0,"cards_upgraded":["Dodge and Roll"]}],"is_beta":false,"boss_relics":[{"not_picked":["Empty Cage","Calling Bell"],"picked":"WristBlade"},{"not_picked":["Runic Pyramid","Coffee Dripper"],"picked":"SacredBark"}],"items_purged_floors":[21,37],"is_endless":false,"potions_floor_spawned":[2,4,8,19,24,25,27,28,28,30,31,33,35,36,38,39,40,42,44,47,48,54],"ascension_level":1}}