{"host":"sr8h12zimc8zi8zs","time":1613995335,"event":{"mods":["2.2 Compatiblity","AchievementEnabler","BaseMod","CapriCore","GifTheSpireLib","Minty Spire (QoL Compilation)","Permanent Neow","Replay The Spire","StSLib"],"gold_per_floor":[116,127,140,140,64,64,76,76,76,76,103,103,130,146,146,246,246,266,281,281,295,220,231,231,248,248,266,266,266,266],"floor_reached":29,"language":"KOR","playtime":1744,"items_purged":["Strike_B"],"score":237,"play_id":"41472f18-e738-48ae-8c2a-dfd45181a2bb","local_time":"20210222210215","is_ascension_mode":false,"campfire_choices":[{"data":"Zap","floor":6.0,"key":"SMITH"},{"data":"Dualcast","floor":10.0,"key":"SMITH"},{"floor":12.0,"key":"REST"},{"floor":15.0,"key":"REST"},{"data":"Fusion","floor":24.0,"key":"SMITH"},{"floor":28.0,"key":"REST"}],"circlet_count":0,"master_deck":["Strike_B","Strike_B","Defend_B+1","Defend_B","Defend_B+1","Defend_B","Zap+1","Dualcast+1","Ball Lightning","Storm","Hologram","Storm","Hologram","BootSequence","Creative AI","Fusion+1","Amplify","Streamline+1","Go for the Eyes","FTL","FTL","Capacitor","Stack","Clumsy","Hologram"],"relics":["Cracked Core","Oddly Smooth Stone","Letter Opener","Vajra","Cursed Key","War Paint"],"acts_visited":["Exordium","TheCity"],"potions_floor_usage":[],"damage_taken":[{"damage":0.0,"enemies":"2 Louse","floor":1.0,"turns":2.0},{"damage":0.0,"enemies":"Cultist","floor":2.0,"turns":3.0},{"damage":0.0,"enemies":"Small Slimes","floor":3.0,"turns":2.0},{"damage":13.0,"enemies":"2 Fungi Beasts","floor":7.0,"turns":3.0},{"damage":39.0,"enemies":"3 Sentries","floor":11.0,"turns":18.0},{"damage":39.0,"enemies":"Gremlin Nob","floor":13.0,"turns":5.0},{"damage":0.0,"enemies":"Looter","floor":14.0,"turns":2.0},{"damage":16.0,"enemies":"Slime Boss","floor":16.0,"turns":6.0},{"damage":0.0,"enemies":"Chosen","floor":18.0,"turns":6.0},{"damage":0.0,"enemies":"Shell Parasite","floor":19.0,"turns":4.0},{"damage":18.0,"enemies":"Snecko","floor":21.0,"turns":4.0},{"damage":17.0,"enemies":"Snake Plant","floor":23.0,"turns":5.0},{"damage":22.0,"enemies":"Centurion and Healer","floor":25.0,"turns":5.0},{"damage":1.0,"enemies":"Chosen and Byrds","floor":27.0,"turns":5.0},{"damage":0,"enemies":"Snecko","floor":29,"turns":1}],"seed_played":"-3029749646548002128","potions_obtained":[{"floor":2.0,"key":"SkillPotion"},{"floor":13.0,"key":"SkillPotion"},{"floor":14.0,"key":"PotionOfCapacity"},{"floor":16.0,"key":"EntropicBrew"},{"floor":19.0,"key":"PotionOfCapacity"},{"floor":23.0,"key":"Dexterity Potion"},{"floor":25.0,"key":"BlessingOfTheForge"},{"floor":27.0,"key":"EntropicBrew"}],"is_trial":false,"path_per_floor":["M","M","M","?","$","R","M","?","T","R","E","R","E","M","R","B",null,"M","M","?","M","$","M","R","M","T","M","R","M"],"character_chosen":"DEFECT","items_purchased":["Storm"],"campfire_rested":3,"item_purchase_floors":[5],"current_hp_per_floor":[75,75,75,75,75,75,62,62,62,62,23,45,6,6,28,12,75,75,75,75,57,57,40,40,18,18,17,39,39,39],"gold":266,"neow_bonus":"RANDOM_COMMON_RELIC","is_daily":false,"chose_seed":false,"campfire_upgraded":3,"win_rate":0.0,"timestamp":1613995335,"path_taken":["M","M","M","?","$","R","?","?","T","R","E","R","E","M","R","BOSS","M","M","?","M","$","M","R","M","T","M","R","M"],"items_purchased_type":["Card"],"build_version":"2020-12-22","purchased_purges":1,"victory":false,"max_hp_per_floor":[75,75,75,75,75,75,75,75,75,75,75,75,75,75,75,75,75,75,75,75,75,75,75,75,75,75,75,75,75,75],"card_choices":[{"not_picked":["Stack","Redo"],"picked":"Ball Lightning","floor":1.0},{"not_picked":["Beam Cell","Recycle"],"picked":"Storm","floor":2.0},{"not_picked":["Glacier","Redo"],"picked":"Hologram","floor":3.0},{"not_picked":["Ball Lightning","Conserve Battery"],"picked":"Hologram","floor":7.0},{"not_picked":["Recycle","Compile Driver"],"picked":"Creative AI","floor":11.0},{"not_picked":["Lockon","Redo","Rebound"],"picked":"SKIP","floor":13.0},{"not_picked":["Streamline","Gash"],"picked":"Fusion","floor":14.0},{"not_picked":["Biased Cognition","Rainbow"],"picked":"Amplify","floor":16.0},{"not_picked":["Ball Lightning+1","Gash"],"picked":"Streamline+1","floor":18.0},{"not_picked":["Sweeping Beam+1","Streamline"],"picked":"Go for the Eyes","floor":19.0},{"not_picked":["Static Discharge","Leap+1"],"picked":"FTL","floor":21.0},{"not_picked":["Blizzard","FTL"],"picked":"Capacitor","floor":23.0},{"not_picked":["Capacitor","Turbo"],"picked":"Stack","floor":25.0},{"not_picked":["Recycle","Steam"],"picked":"Hologram","floor":27.0}],"player_experience":156484,"relics_obtained":[{"floor":11.0,"key":"Letter Opener"},{"floor":13.0,"key":"Vajra"},{"floor":26.0,"key":"War Paint"}],"event_choices":[{"damage_healed":0.0,"max_hp_gain":0.0,"max_hp_loss":0.0,"gold_gain":0.0,"event_name":"The Woman in Blue","player_choice":"Bought 0 Potions","floor":4.0,"gold_loss":0.0,"damage_taken":0.0},{"damage_healed":0.0,"max_hp_gain":0.0,"max_hp_loss":0.0,"gold_gain":0.0,"cards_transformed":["Strike_B"],"event_name":"Living Wall","player_choice":"Change","floor":8.0,"gold_loss":0.0,"damage_taken":0.0,"cards_obtained":["BootSequence"]},{"damage_healed":0.0,"max_hp_gain":0.0,"max_hp_loss":0.0,"gold_gain":0.0,"event_name":"The Library","player_choice":"Read","floor":20.0,"gold_loss":0.0,"damage_taken":0.0,"cards_obtained":["FTL"]}],"is_beta":false,"boss_relics":[{"not_picked":["Inserter","Runic Pyramid"],"picked":"Cursed Key"}],"items_purged_floors":[22],"is_endless":false,"potions_floor_spawned":[2,13,14,16,19,23,25,27],"killed_by":"Snecko","ascension_level":0}}