{"host":"kybn6ox37urbij4t","time":1613994980,"event":{"mods":["Aspiration","BaseMod","Better Third Choice","Dota2Spire","Downfall","Minty Spire (QoL Compilation)","Reliquary","Replay The Spire","StSLib","The Blue Laboratory","TheWitcher"],"gold_per_floor":[99,113,123,123,26,52,52,52,52,52,68,68,94,106,119,215,215,215,232,249,40,40,77,153,164,164,191,191,224,239,155,167,267,267,267,277,627,654,654,654,707,253,287,287,322,334,334,350,365,365],"floor_reached":51,"language":"ENG","playtime":4431,"items_purged":[],"score":880,"play_id":"c0197eee-bc64-474f-be50-92cd6648b6e9","local_time":"20210222125620","is_ascension_mode":false,"campfire_choices":[{"data":"sneckomod:SnekBite","floor":1.0,"key":"SMITH"},{"data":"sneckomod:TrashToTreasure","floor":8.0,"key":"SMITH"},{"floor":10.0,"key":"RECALL"},{"floor":28.0,"key":"REST"},{"floor":35.0,"key":"REST"},{"floor":40,"key":"REST"},{"data":"Creative AI","floor":47,"key":"SMITH"}],"circlet_count":0,"master_deck":["sneckomod:TailWhip+1","sneckomod:SnekBite+1","sneckomod:Unknown+1","sneckomod:Unknown+1","sneckomod:RainOfDice+1","sneckomod:TrashToTreasure+1","sneckomod:UnendingSupply+1","sneckomod:ImprovisedGuard+1","sneckomod:SerpentIdol+1","sneckomod:Mudshield+1","sneckomod:SerpentIdol+1","sneckomod:SoulRoll+1","sneckomod:SoulExchange+1","hexamod:TimeOfNeed+1","sneckomod:QuickBite+1","hexamod:SixthSeal","sneckomod:UnendingSupply+1","Turbo+1","Panache+1","sneckomod:UnknownStrength+1","sneckomod:UnknownExhaust+1","sneckomod:Unknown2Cost+1","sneckomod:Unknown1Cost+1","sneckomod:UnknownRareSkill+1","FIFO Queue+1","Turbo+1","sneckomod:SoulRoll+1","sneckomod:Unknown2Cost+1","sneckomod:QuickMove+1","Creative AI+1","sneckomod:QuickMove+1","Replay:SS_hec_1+1","Replay:SS_forest_2+1","Force Field+1","Hello World+1","ReplayTheSpireMod:Fabricate Wheel+1"],"relics":["sneckomod:SneckoSoul","Bag of Preparation","Toxic Egg 2","Unceasing Top","aspiration:DefectSkillbook","Lizard Tail","Boot","Peace Pipe","Strange Spoon","Onion Ring","Dota2Spire:Bloodstone","Old Coin","reliquary:RosewoodLute","Dota2Spire:AssaultCuirass","Replay:Rubber Ducky","Centennial Puzzle","aspiration:StickyExplosives_weak"],"acts_visited":["Exordium","TheCity","TheBeyond"],"potions_floor_usage":[49],"damage_taken":[{"damage":0.0,"enemies":"Jaw Worm","floor":2.0,"turns":2.0},{"damage":3.0,"enemies":"Small Slimes","floor":3.0,"turns":4.0},{"damage":0.0,"enemies":"downfall:FleeingMerchant","floor":5.0,"turns":4.0},{"damage":41.0,"enemies":"Lagavulin","floor":6.0,"turns":8.0},{"damage":0.0,"enemies":"2 Louse","floor":11.0,"turns":2.0},{"damage":0.0,"enemies":"Gremlin Nob","floor":13.0,"turns":3.0},{"damage":0.0,"enemies":"2 Fungi Beasts","floor":14.0,"turns":2.0},{"damage":0.0,"enemies":"Exordium Thugs","floor":15.0,"turns":2.0},{"damage":14.0,"enemies":"DF_ARCHETYPE_STREAMLINE","floor":16.0,"turns":9.0},{"damage":4.0,"enemies":"downfall:LooterAlt2","floor":19.0,"turns":4.0},{"damage":27.0,"enemies":"Spheric Guardian","floor":20.0,"turns":4.0},{"damage":13.0,"enemies":"downfall:FleeingMerchant","floor":21.0,"turns":4.0},{"damage":16.0,"enemies":"Snecko","floor":23.0,"turns":4.0},{"damage":0.0,"enemies":"Sentry and Sphere","floor":25.0,"turns":4.0},{"damage":9.0,"enemies":"Book of Stabbing","floor":27.0,"turns":3.0},{"damage":22.0,"enemies":"Slavers","floor":29.0,"turns":3.0},{"damage":11.0,"enemies":"Snake Plant","floor":30.0,"turns":2.0},{"damage":10.0,"enemies":"downfall:FleeingMerchant","floor":31.0,"turns":3.0},{"damage":0.0,"enemies":"Centurion and Healer","floor":32.0,"turns":3.0},{"damage":23.0,"enemies":"IC_MUSHROOM_ARCHETYPE","floor":33.0,"turns":3.0},{"damage":2,"enemies":"Orb Walker","floor":36,"turns":3},{"damage":0,"enemies":"Orb Walker","floor":37,"turns":2},{"damage":0,"enemies":"Reptomancer","floor":43,"turns":4},{"damage":0,"enemies":"Giant Head","floor":45,"turns":4},{"damage":0,"enemies":"3 Darklings","floor":46,"turns":2},{"damage":3,"enemies":"4 Shapes","floor":48,"turns":1},{"damage":0,"enemies":"Jaw Worm Horde","floor":49,"turns":1},{"damage":1,"enemies":"WA_ARCHETYPE_DIVINITY","floor":50,"turns":4}],"seed_played":"246976196580106415","potions_obtained":[{"floor":2.0,"key":"blueLaboratory:HeartbeatPotion"},{"floor":13.0,"key":"SteroidPotion"},{"floor":16.0,"key":"LiquidBronze"},{"floor":23.0,"key":"Fruit Juice"},{"floor":25.0,"key":"hexamod:SoulburnPotion"},{"floor":32.0,"key":"blueLaboratory:Moonshine"},{"floor":33.0,"key":"SpeedPotion"},{"floor":38,"key":"blueLaboratory:FruitPunch"},{"floor":38,"key":"bronze:BurnAndBuffPotion"},{"floor":45,"key":"Dexterity Potion"}],"is_trial":false,"path_per_floor":["R","M","M","?","$","E","T","R","?","R","M","?","E","M","M","B",null,"R","M","M","$","?","M","T","M","T","E","R","E","M","$","M","B",null,"R","M","?","?","?","R","T","$","E","?","E","M","R","M","M","B",null],"character_chosen":"THE_SNECKO","items_purchased":["sneckomod:UnendingSupply","Panache","Strange Spoon","Onion Ring","Dota2Spire:AssaultCuirass","Replay:Rubber Ducky"],"campfire_rested":3,"item_purchase_floors":[5,21,31,31,42,42],"current_hp_per_floor":[99,99,96,96,96,55,55,55,60,60,60,60,60,60,60,46,104,104,100,73,60,60,56,56,56,56,47,79,57,46,36,36,13,109,109,107,107,80,70,102,102,102,102,109,109,109,109,106,108,107],"gold":365,"neow_bonus":"TEN_PERCENT_HP_BONUS","is_daily":false,"chose_seed":false,"campfire_upgraded":3,"win_rate":0.0,"timestamp":1613994980,"path_taken":["R","M","M","?","$","E","T","R","?","R","M","?","E","M","M","BOSS","R","M","M","$","?","M","T","M","?","E","R","E","M","?","M","BOSS","R","M","?","?","?","R","T","$","E","?","E","M","R","?","M","BOSS"],"items_purchased_type":["Card","Card","Relic","Relic","Relic","Relic"],"build_version":"2020-12-22","purchased_purges":0,"victory":true,"max_hp_per_floor":[99,99,99,99,99,99,99,99,104,104,104,104,104,104,104,104,104,104,104,104,104,104,109,109,109,109,109,109,109,109,109,109,109,109,109,109,109,109,109,109,109,109,109,109,109,109,109,109,111,111],"card_choices":[{"not_picked":["sneckomod:DiceCrush","sneckomod:IronFang"],"picked":"sneckomod:RainOfDice","floor":2.0},{"not_picked":["sneckomod:RainOfDice","sneckomod:DiceCrush"],"picked":"sneckomod:TrashToTreasure","floor":3.0},{"not_picked":["sneckomod:UnknownCommonSkill","sneckomod:TrashToTreasure"],"picked":"sneckomod:UnknownRareSkill","floor":5.0},{"not_picked":["sneckomod:SoulDraw","sneckomod:SlitherStrike"],"picked":"sneckomod:ImprovisedGuard","floor":6.0},{"not_picked":["sneckomod:WideSting","sneckomod:UnknownBlock+1"],"picked":"sneckomod:SerpentIdol+1","floor":11.0},{"not_picked":["sneckomod:UnknownClassGREEN+1","sneckomod:DiceCrush"],"picked":"sneckomod:Mudshield","floor":13.0},{"not_picked":["sneckomod:DiceBlock+1","sneckomod:Nope+1"],"picked":"sneckomod:SerpentIdol+1","floor":14.0},{"not_picked":["sneckomod:UnknownWeak+1","sneckomod:Unknown2Cost+1"],"picked":"sneckomod:SoulRoll+1","floor":15.0},{"not_picked":["sneckomod:UnlimitedRolls","sneckomod:UnknownRareAttack"],"picked":"sneckomod:SoulExchange+1","floor":16.0},{"not_picked":["ReplayTheSpireMod:Reroute Power+1","Rebound","ReplayTheSpireMod:System Scan+1"],"picked":"sneckomod:QuickBite","floor":19.0},{"not_picked":["hexamod:FirstSeal","hexamod:ThirdSeal"],"picked":"hexamod:SixthSeal","floor":20.0},{"not_picked":["sneckomod:ImprovisedAttack","sneckomod:DiceBlock+1","sneckomod:RainOfDice"],"picked":"sneckomod:UnendingSupply","floor":20.0},{"not_picked":["Blizzard","sneckomod:UnknownRareSkill+1","ReplayGash"],"picked":"Turbo+1","floor":21.0},{"not_picked":["BasicCrystalCard+1","sneckomod:QuickBite+1","Hello World+1"],"picked":"FIFO Queue","floor":23.0},{"not_picked":["sneckomod:UnknownCommonAttack","sneckomod:RainOfDice","sneckomod:UnknownCommonSkill+1","sneckomod:UnknownClassHEXA_GHOST_PURPLE+1"],"picked":"SKIP","floor":25.0},{"not_picked":["sneckomod:Unknown1Cost+1","Reprogram+1","Streamline+1","sneckomod:UnknownWeak+1"],"picked":"SKIP","floor":27.0},{"not_picked":["sneckomod:UnknownCommonSkill+1","Reinforced Body+1","Thunder Strike"],"picked":"Turbo+1","floor":29.0},{"not_picked":["sneckomod:Nope+1","sneckomod:WideSting","BasicCrystalCard+1"],"picked":"sneckomod:SoulRoll+1","floor":30.0},{"not_picked":["sneckomod:UnknownStrike","sneckomod:IronFang","Static Discharge"],"picked":"sneckomod:Unknown2Cost+1","floor":31.0},{"not_picked":["sneckomod:UnknownBlock+1","sneckomod:WideSting","sneckomod:UnknownClassHEXA_GHOST_PURPLE+1"],"picked":"sneckomod:QuickMove+1","floor":32.0},{"not_picked":["sneckomod:Unknown3Cost+1","sneckomod:UnlimitedRolls","sneckomod:Cheat+1"],"picked":"Creative AI","floor":33.0},{"not_picked":["ReplayTheSpireMod:Reroute Power+1","Reinforced Body+1","sneckomod:UnknownCommonSkill+1","sneckomod:DiceBlock+1"],"picked":"SKIP","floor":36},{"not_picked":["sneckomod:UnknownCommonSkill+1","sneckomod:DiceCrush+1","sneckomod:DiceBlock+1"],"picked":"sneckomod:QuickMove+1","floor":38},{"not_picked":["expansioncontent:Hexaburn","expansioncontent:Chronoboost"],"picked":"Replay:SS_hec_1","floor":39},{"not_picked":["Replay:SS_hec_1","expansioncontent:PrepareCrush"],"picked":"Replay:SS_forest_2","floor":39},{"not_picked":["expansioncontent:HyperBeam","expansioncontent:PolyBeam"],"picked":"expansioncontent:LastStand","floor":39},{"not_picked":["sneckomod:SoulDraw+1","sneckomod:UnknownUncommonSkill+1","sneckomod:SerpentMind","Auto Shields+1"],"picked":"SKIP","floor":43},{"not_picked":["Tempest+1","Stack+1","sneckomod:UnknownStrike"],"picked":"Force Field+1","floor":45},{"not_picked":["Barrage+1","ReplaySort+1","sneckomod:UnknownClassHEXA_GHOST_PURPLE+1","Hologram+1"],"picked":"SKIP","floor":46},{"not_picked":["sneckomod:WideSting","Beam Cell+1","sneckomod:UnknownVulnerable+1"],"picked":"Hello World","floor":48},{"not_picked":["sneckomod:Unknown1Cost+1","sneckomod:UnknownCommonAttack+1","sneckomod:UnknownDraw+1"],"picked":"ReplayTheSpireMod:Fabricate Wheel+1","floor":49}],"player_experience":417813,"relics_obtained":[{"floor":6.0,"key":"Bag of Preparation"},{"floor":7.0,"key":"Toxic Egg 2"},{"floor":13.0,"key":"Unceasing Top"},{"floor":26.0,"key":"Lizard Tail"},{"floor":27.0,"key":"Boot"},{"floor":29.0,"key":"Peace Pipe"},{"floor":37,"key":"Old Coin"},{"floor":41,"key":"reliquary:RosewoodLute"},{"floor":43,"key":"Centennial Puzzle"},{"floor":45,"key":"aspiration:StickyExplosives_weak"}],"event_choices":[{"damage_healed":0.0,"max_hp_gain":5.0,"max_hp_loss":0.0,"gold_gain":0.0,"event_name":"Big Fish","player_choice":"Donut","floor":9.0,"gold_loss":0.0,"damage_taken":0.0},{"cards_removed":["expansioncontent:LastStand"],"damage_healed":7,"gold_gain":0,"player_choice":"Offered Uncommon","damage_taken":0,"max_hp_gain":0,"max_hp_loss":0,"event_name":"Bonfire Elementals","floor":44,"gold_loss":0}],"is_beta":false,"boss_relics":[{"not_picked":["Pandora\u0027s Box","Velvet Choker"],"picked":"aspiration:DefectSkillbook"},{"not_picked":["sneckomod:SneckoBoss","Cursed Key"],"picked":"Dota2Spire:Bloodstone"}],"items_purged_floors":[],"is_endless":false,"potions_floor_spawned":[2,13,15,16,23,25,27,32,33,45,48],"ascension_level":0}}