{"host":"b3fp0sgzld04crtx","time":1613958896,"event":{"mods":["AchievementEnabler","BaseMod","Colored Map","Colored Powertips","Highlight Path","Minty Spire (QoL Compilation)","Quick Restart","StSLib"],"gold_per_floor":[114,114,114,129,204,204,233,233,233,233,233,233,247,55,55,160,160,178,0,0,0,0,0,34,34,34,46,61,76,76,95,95,196,196,216,0,25,36,60,94,94,111,111,111,11,27,27,60,72,84,96,108,23,57,57],"floor_reached":56,"language":"ENG","playtime":5451,"items_purged":["All Out Attack","Shame"],"score":1438,"play_id":"04da1401-0c08-4be4-8ef4-a9e2c9f17b00","local_time":"20210221195456","is_ascension_mode":true,"campfire_choices":[{"data":"Footwork","floor":6,"key":"SMITH"},{"data":"Dash","floor":8,"key":"SMITH"},{"data":"Caltrops","floor":10,"key":"SMITH"},{"data":"Die Die Die","floor":12,"key":"SMITH"},{"data":"Backstab","floor":15,"key":"SMITH"},{"floor":23,"key":"DIG"},{"floor":25,"key":"DIG"},{"data":"Wraith Form v2","floor":30,"key":"SMITH"},{"floor":32,"key":"DIG"},{"floor":41,"key":"DIG"},{"floor":44,"key":"DIG"},{"floor":47,"key":"DIG"},{"floor":49,"key":"RECALL"},{"floor":52,"key":"DIG"}],"circlet_count":0,"master_deck":["Survivor+1","Neutralize","Footwork+1","All Out Attack+1","Caltrops+1","Dagger Spray+1","Backstab+1","Dash+1","Skewer","Distraction+1","Prepared","Dodge and Roll","Die Die Die+1","Backflip+1","Cloak And Dagger+1","Wraith Form v2+1","Backflip+1","Backflip+1","Footwork+1","Bullet Time+1","Well Laid Plans","Infinite Blades+1","PiercingWail+1","Accuracy","Venomology+1","Dagger Throw+1","Terror+1","Clumsy","Well Laid Plans+1","Injury","Parasite","Caltrops","Dark Shackles+1","Bullet Time+1"],"relics":["Pandora\u0027s Box","Kunai","Vajra","Toxic Egg 2","PreservedInsect","Cursed Key","Shovel","MutagenicStrength","Omamori","Pear","Anchor","Bronze Scales","War Paint","HoveringKite","Red Mask","Toy Ornithopter","Ice Cream","Darkstone Periapt","Singing Bowl","Regal Pillow","Smiling Mask","MawBank","Letter Opener","Whetstone"],"acts_visited":["Exordium","TheCity","TheBeyond","TheEnding"],"potions_floor_usage":[16,29,38,40,42,46,48,50,54,55,55,55],"damage_taken":[{"damage":4,"enemies":"Jaw Worm","floor":1,"turns":2},{"damage":0,"enemies":"Cultist","floor":4,"turns":2},{"damage":9,"enemies":"Lagavulin","floor":7,"turns":8},{"damage":0,"enemies":"2 Louse","floor":13,"turns":1},{"damage":0,"enemies":"Slime Boss","floor":16,"turns":6},{"damage":0,"enemies":"Chosen","floor":18,"turns":5},{"damage":3,"enemies":"Gremlin Leader","floor":24,"turns":5},{"damage":7,"enemies":"3 Byrds","floor":27,"turns":2},{"damage":14,"enemies":"Snake Plant","floor":28,"turns":3},{"damage":0,"enemies":"3 Cultists","floor":29,"turns":5},{"damage":0,"enemies":"Snecko","floor":31,"turns":5},{"damage":13,"enemies":"Automaton","floor":33,"turns":10},{"damage":0,"enemies":"3 Shapes","floor":35,"turns":5},{"damage":0,"enemies":"3 Darklings","floor":38,"turns":4},{"damage":0,"enemies":"Reptomancer","floor":40,"turns":4},{"damage":11,"enemies":"4 Shapes","floor":42,"turns":5},{"damage":11,"enemies":"Writhing Mass","floor":46,"turns":5},{"damage":13,"enemies":"Nemesis","floor":48,"turns":5},{"damage":39,"enemies":"Time Eater","floor":50,"turns":11},{"damage":39,"enemies":"Shield and Spear","floor":54,"turns":6},{"damage":84,"enemies":"The Heart","floor":55,"turns":9}],"seed_played":"6083399096104695322","potions_obtained":[{"floor":1,"key":"Dexterity Potion"},{"floor":11,"key":"ColorlessPotion"},{"floor":11,"key":"Regen Potion"},{"floor":13,"key":"SteroidPotion"},{"floor":33,"key":"ColorlessPotion"},{"floor":48,"key":"Energy Potion"},{"floor":54,"key":"LiquidBronze"}],"is_trial":false,"path_per_floor":["M","?","?","M","?","R","E","R","T","R","?","R","M","$","R","B",null,"M","$","?","?","?","R","E","R","T","M","M","M","R","M","R","B",null,"M","?","T","M","T","E","R","M","T","R","$","M","R","E","R","B",null,"R","$","E","B",null],"character_chosen":"THE_SILENT","items_purchased":["Cloak And Dagger+1","PreservedInsect","Backflip+1","AttackPotion","Dark Shackles+1"],"campfire_rested":0,"item_purchase_floors":[14,14,19,19,53],"current_hp_per_floor":[66,59,59,59,48,48,39,39,39,39,39,39,39,39,39,39,70,70,70,70,70,70,70,77,77,77,70,56,71,71,71,71,58,80,80,80,80,80,80,80,80,74,80,80,80,82,82,74,74,40,94,94,94,55,1],"gold":57,"neow_bonus":"BOSS_RELIC","is_daily":false,"chose_seed":false,"campfire_upgraded":6,"win_rate":0.0,"timestamp":1613958896,"path_taken":["M","?","?","?","?","R","E","R","T","R","?","R","?","$","R","BOSS","M","$","?","?","?","R","E","R","T","M","M","?","R","M","R","BOSS","M","?","?","M","?","E","R","M","T","R","$","M","R","E","R","BOSS","R","$","E","BOSS"],"items_purchased_type":["Card","Relic","Card","Potion","Card"],"build_version":"2020-12-22","purchased_purges":2,"victory":true,"max_hp_per_floor":[70,70,70,70,70,70,70,70,70,70,70,70,70,70,70,70,70,70,70,70,70,70,70,80,80,80,80,80,80,80,80,80,80,80,80,80,80,80,80,80,80,80,86,86,86,94,94,94,94,94,94,94,94,94,94],"card_choices":[{"not_picked":["Choke","Dagger Spray"],"picked":"Prepared","floor":1},{"not_picked":["Terror","Dagger Spray"],"picked":"Dodge and Roll","floor":4},{"not_picked":["Riddle With Holes","Prepared"],"picked":"Die Die Die","floor":7},{"not_picked":["Infinite Blades","Flechettes"],"picked":"Backflip+1","floor":13},{"not_picked":["Die Die Die","A Thousand Cuts"],"picked":"Wraith Form v2","floor":16},{"not_picked":["Crippling Poison+1","Bane"],"picked":"Backflip+1","floor":18},{"not_picked":["PiercingWail+1","Backflip+1"],"picked":"Bullet Time+1","floor":24},{"not_picked":["Flying Knee","Backstab"],"picked":"Well Laid Plans","floor":27},{"not_picked":["Acrobatics+1","Deflect+1"],"picked":"Infinite Blades+1","floor":28},{"not_picked":["Sucker Punch","Endless Agony+1"],"picked":"PiercingWail+1","floor":29},{"not_picked":["Acrobatics+1","Blade Dance+1"],"picked":"Accuracy","floor":31},{"not_picked":["Wraith Form v2","Malaise+1"],"picked":"Venomology+1","floor":33},{"not_picked":["Flying Knee","Slice+1"],"picked":"Dagger Throw+1","floor":35},{"not_picked":["Dagger Throw","Calculated Gamble+1"],"picked":"Terror+1","floor":38},{"not_picked":["Storm of Steel+1","Poisoned Stab"],"picked":"Well Laid Plans+1","floor":40},{"not_picked":["Predator","Dagger Spray+1","Deflect+1"],"picked":"SKIP","floor":42},{"not_picked":["Masterful Stab","Blade Dance+1","Reflex+1"],"picked":"Singing Bowl","floor":46},{"not_picked":["Riddle With Holes+1","Crippling Poison+1"],"picked":"Caltrops","floor":48},{"not_picked":["Bane+1","Outmaneuver+1"],"picked":"Bullet Time+1","floor":54}],"player_experience":360602,"relics_obtained":[{"floor":7,"key":"Vajra"},{"floor":9,"key":"Toxic Egg 2"},{"floor":23,"key":"Omamori"},{"floor":24,"key":"Pear"},{"floor":25,"key":"Anchor"},{"floor":26,"key":"Bronze Scales"},{"floor":32,"key":"War Paint"},{"floor":37,"key":"Toy Ornithopter"},{"floor":40,"key":"Ice Cream"},{"floor":41,"key":"Darkstone Periapt"},{"floor":43,"key":"Singing Bowl"},{"floor":44,"key":"Regal Pillow"},{"floor":47,"key":"Smiling Mask"},{"floor":48,"key":"MawBank"},{"floor":52,"key":"Letter Opener"},{"floor":54,"key":"Whetstone"}],"event_choices":[{"damage_healed":0,"gold_gain":0,"player_choice":"Success","damage_taken":7,"relics_obtained":["Kunai"],"max_hp_gain":0,"max_hp_loss":0,"event_name":"Scrap Ooze","floor":2,"gold_loss":0},{"cards_removed":["Choke"],"damage_healed":0,"gold_gain":0,"player_choice":"Purged","damage_taken":0,"max_hp_gain":0,"max_hp_loss":0,"event_name":"Purifier","floor":3,"gold_loss":0},{"damage_healed":0,"gold_gain":75,"player_choice":"Gather Gold","damage_taken":11,"max_hp_gain":0,"max_hp_loss":0,"event_name":"World of Goop","floor":5,"gold_loss":0},{"damage_healed":0,"gold_gain":0,"player_choice":"Got Potions","damage_taken":0,"max_hp_gain":0,"max_hp_loss":0,"event_name":"Lab","floor":11,"gold_loss":0},{"damage_healed":0,"gold_gain":0,"player_choice":"Stole Relic","damage_taken":0,"relics_obtained":["Shovel"],"max_hp_gain":0,"max_hp_loss":0,"event_name":"Addict","floor":20,"gold_loss":0,"cards_obtained":["Shame"]},{"damage_healed":0,"gold_gain":0,"player_choice":"Inject Mutagens","damage_taken":0,"relics_obtained":["MutagenicStrength"],"max_hp_gain":0,"max_hp_loss":0,"event_name":"Drug Dealer","floor":21,"gold_loss":0},{"damage_healed":0,"gold_gain":0,"player_choice":"Copied","damage_taken":0,"max_hp_gain":0,"max_hp_loss":0,"event_name":"Duplicator","floor":22,"gold_loss":0,"cards_obtained":["Footwork"]},{"damage_healed":0,"gold_gain":0,"player_choice":"Paid","damage_taken":0,"relics_obtained":["Red Mask"],"max_hp_gain":0,"max_hp_loss":0,"event_name":"Tomb of Lord Red Mask","floor":36,"gold_loss":216}],"is_beta":false,"boss_relics":[{"not_picked":["Runic Pyramid","Runic Dome"],"picked":"Cursed Key"},{"not_picked":["Philosopher\u0027s Stone","Velvet Choker"],"picked":"HoveringKite"}],"items_purged_floors":[19,45],"is_endless":false,"potions_floor_spawned":[1,13,27,28,33,48,54],"ascension_level":4}}