{"host":"j0lq4v91luowxwha","time":1613990171,"event":{"mods":["BaseMod","Colored Powertips","Downfall","Hermit","Minty Spire (QoL Compilation)","Quick Restart","Replay The Spire","StSLib","SuperFastMode","The Cursed"],"gold_per_floor":[99,111,128,139,155,169,193,193,293,313,347,363,363,393,403,403,403,403],"floor_reached":16,"language":"ENG","playtime":858,"items_purged":[],"score":116,"play_id":"ca510946-a45a-4e98-a36c-9805bc575773","local_time":"20210222053611","is_ascension_mode":false,"campfire_choices":[{"floor":13,"key":"REST"}],"circlet_count":0,"master_deck":["sneckomod:Strike","sneckomod:Strike","sneckomod:Strike","sneckomod:Defend","sneckomod:Defend","sneckomod:Defend","sneckomod:TailWhip","sneckomod:SnekBite","sneckomod:Unknown","Replay:Bag of Tricks","sneckomod:SoulRoll","sneckomod:MasterEye","sneckomod:SnakeSap+1","sneckomod:IronFang","sneckomod:UnknownUncommonAttack","sneckomod:CheapStock","sneckomod:UnknownCommonSkill","sneckomod:UnknownBlock","sneckomod:Cheat"],"relics":["sneckomod:SneckoSoul","MealTicket","Smiling Mask","Tiny Chest"],"acts_visited":["Exordium"],"potions_floor_usage":[16],"damage_taken":[{"damage":7,"enemies":"Small Slimes","floor":2,"turns":2},{"damage":6,"enemies":"Jaw Worm","floor":3,"turns":3},{"damage":6,"enemies":"Cultist","floor":4,"turns":3},{"damage":3,"enemies":"Large Slime","floor":5,"turns":5},{"damage":20,"enemies":"Gremlin Gang","floor":6,"turns":5},{"damage":0,"enemies":"Blue Slaver","floor":10,"turns":3},{"damage":40,"enemies":"3 Sentries","floor":11,"turns":9},{"damage":16,"enemies":"Exordium Thugs","floor":12,"turns":6},{"damage":17,"enemies":"Lagavulin","floor":14,"turns":5},{"damage":10,"enemies":"2 Fungi Beasts","floor":15,"turns":5},{"damage":3,"enemies":"SI_SHIV_ARCHETYPE","floor":16,"turns":1}],"seed_played":"-2506988071785450268","potions_obtained":[{"floor":10,"key":"champ:CounterPotion"},{"floor":11,"key":"Elixir"},{"floor":12,"key":"PowerPotion"}],"is_trial":false,"path_per_floor":["R","M","M","M","M","M","T","?","?","M","E","M","R","E","M","B"],"character_chosen":"THE_SNECKO","items_purchased":[],"campfire_rested":1,"item_purchase_floors":[],"current_hp_per_floor":[99,92,86,80,77,57,57,57,57,57,17,1,30,13,3,0,0,0],"gold":403,"neow_bonus":"TEN_PERCENT_HP_BONUS","is_daily":false,"chose_seed":false,"campfire_upgraded":0,"win_rate":0.0,"timestamp":1613990171,"path_taken":["R","M","M","M","M","M","T","?","?","M","E","M","R","E","M","BOSS"],"items_purchased_type":[],"build_version":"2020-12-22","purchased_purges":0,"victory":false,"max_hp_per_floor":[99,99,99,99,99,99,99,99,99,99,99,99,99,99,99,99,99,99],"card_choices":[{"not_picked":["sneckomod:DiceCrush","sneckomod:UnknownUncommonAttack"],"picked":"sneckomod:SoulRoll","floor":2},{"not_picked":["sneckomod:UnknownExhaust","sneckomod:DiceCrush"],"picked":"sneckomod:MasterEye","floor":3},{"not_picked":["sneckomod:DefensiveFlair","sneckomod:UnknownExhaust"],"picked":"sneckomod:SnakeSap","floor":4},{"not_picked":["sneckomod:SoulRoll","sneckomod:DiceBlock"],"picked":"sneckomod:IronFang","floor":5},{"not_picked":["sneckomod:RainOfDice","sneckomod:SnekBeam"],"picked":"sneckomod:UnknownUncommonAttack","floor":6},{"not_picked":["sneckomod:SoulRoll","sneckomod:SoulDraw"],"picked":"sneckomod:CheapStock","floor":10},{"not_picked":["sneckomod:Nope","sneckomod:UnknownCommonAttack"],"picked":"sneckomod:UnknownCommonSkill","floor":11},{"not_picked":["sneckomod:CheapStock","sneckomod:UnknownCommonSkill"],"picked":"sneckomod:UnknownBlock","floor":12},{"not_picked":["sneckomod:QuickBite","sneckomod:WideSting"],"picked":"sneckomod:Cheat","floor":14},{"not_picked":["sneckomod:DiceBlock","sneckomod:RainOfDice","sneckomod:DiceCrush"],"picked":"SKIP","floor":15}],"player_experience":247818,"relics_obtained":[{"floor":7,"key":"MealTicket"},{"floor":11,"key":"Smiling Mask"},{"floor":14,"key":"Tiny Chest"}],"event_choices":[],"is_beta":false,"boss_relics":[],"items_purged_floors":[],"is_endless":false,"potions_floor_spawned":[10,11,12,14,15],"killed_by":"SI_SHIV_ARCHETYPE","ascension_level":0}}