{"host":"wshey5htrz8rni6u","time":1613991562,"event":{"mods":["2.2 Compatiblity","BaseMod","Block Reminder","Colored Map","Colored Powertips","Current Relic Mod","Curses Come First","Dark Map","Key Reminder","Keyboard Shortcuts","Minty Spire (QoL Compilation)","Potion Indicator Mod","Quick Restart","Random Character Button","Relic Sorter","Relic Stats","StSLib","SuperFastMode","Unceasing Turn Reminder","UnlockEverythingMod","Weighted Paths"],"gold_per_floor":[117,117,117,17,41,97,138,138,189,189,233,57,57,87,87,194,194,216,216,216],"floor_reached":19,"language":"ENG","playtime":1162,"items_purged":["Strike_G"],"score":285,"play_id":"3c38422e-2385-4e94-9144-9f8e4451e084","local_time":"20210222025922","is_ascension_mode":true,"campfire_choices":[{"data":"Magnetism","floor":8,"key":"SMITH"},{"floor":15,"key":"REST"}],"circlet_count":0,"master_deck":["AscendersBane","Strike_G","Strike_G","Strike_G","Strike_G","Defend_G","Defend_G","Defend_G","Defend_G","Defend_G","Survivor","Neutralize","Magnetism+1","Escape Plan","Quick Slash","Well Laid Plans","Flechettes","Escape Plan","Envenom","Envenom","Leg Sweep","Tools of the Trade","Backflip+1"],"relics":["Ring of the Serpent","Juzu Bracelet","Golden Idol","Calipers","CeramicFish","Eternal Feather","Akabeko","DollysMirror","PreservedInsect"],"acts_visited":["Exordium","TheCity"],"potions_floor_usage":[18,19],"damage_taken":[{"damage":7,"enemies":"Cultist","floor":1,"turns":5},{"damage":1,"enemies":"2 Louse","floor":5,"turns":2},{"damage":2,"enemies":"Lagavulin","floor":6,"turns":7},{"damage":1,"enemies":"Jaw Worm","floor":7,"turns":4},{"damage":35,"enemies":"Gremlin Nob","floor":11,"turns":6},{"damage":24,"enemies":"Slime Boss","floor":16,"turns":10},{"damage":9,"enemies":"3 Byrds","floor":18,"turns":6},{"damage":51,"enemies":"Masked Bandits","floor":19,"turns":3}],"seed_played":"-316613780652727280","potions_obtained":[{"floor":11,"key":"GhostInAJar"},{"floor":16,"key":"Fruit Juice"}],"is_trial":false,"path_per_floor":["M","?","?","$","M","E","M","R","T","T","E","$","T","?","R","B",null,"M","?"],"character_chosen":"THE_SILENT","items_purchased":["Quick Slash","DollysMirror","Leg Sweep"],"campfire_rested":1,"item_purchase_floors":[4,12,12],"current_hp_per_floor":[56,44,44,44,43,41,40,40,40,40,5,5,5,5,34,10,46,37,0,0],"gold":216,"neow_bonus":"RANDOM_COLORLESS_2","is_daily":false,"chose_seed":false,"campfire_upgraded":1,"win_rate":0.0,"timestamp":1613991562,"path_taken":["M","?","?","$","M","E","M","R","T","?","E","?","?","?","R","BOSS","M","?"],"items_purchased_type":["Card","Relic","Card"],"build_version":"2020-12-13","purchased_purges":1,"victory":false,"max_hp_per_floor":[63,63,58,58,58,58,58,58,58,58,58,58,58,58,58,58,58,58,63,63],"relic_stats":{"counters":[8,43],"Golden Idol":54,"CeramicFish":45,"Eternal Feather":12,"PreservedInsect":0,"Juzu Bracelet":1,"obtain_stats":[{"Calipers":6,"Golden Idol":3,"DollysMirror":12,"CeramicFish":9,"Eternal Feather":10,"PreservedInsect":13,"Juzu Bracelet":2,"Akabeko":11,"Ring of the Serpent":17,"Ring of the Snake":0},{"Calipers":3,"Golden Idol":1,"DollysMirror":5,"CeramicFish":4,"Eternal Feather":4,"PreservedInsect":5,"Juzu Bracelet":1,"Akabeko":5,"Ring of the Serpent":6,"Ring of the Snake":0},{"Calipers":14,"Golden Idol":5,"DollysMirror":24,"CeramicFish":18,"Eternal Feather":18,"PreservedInsect":24,"Juzu Bracelet":5,"Akabeko":24,"Ring of the Serpent":34,"Ring of the Snake":0}]},"card_choices":[{"not_picked":["The Bomb","Chrysalis"],"picked":"Magnetism","floor":0},{"not_picked":["Flechettes","Riddle With Holes"],"picked":"Escape Plan","floor":1},{"not_picked":["Outmaneuver","Sucker Punch"],"picked":"Well Laid Plans","floor":5},{"not_picked":["Slice","Dagger Throw"],"picked":"Flechettes","floor":6},{"not_picked":["Choke","Backstab"],"picked":"Escape Plan","floor":7},{"not_picked":["Grand Finale","Leg Sweep"],"picked":"Envenom","floor":11},{"not_picked":["Venomology","A Thousand Cuts"],"picked":"Tools of the Trade","floor":16},{"not_picked":["Slice","PiercingWail"],"picked":"Backflip+1","floor":18}],"player_experience":182192,"relics_obtained":[{"floor":6,"key":"Calipers"},{"floor":9,"key":"CeramicFish"},{"floor":10,"key":"Eternal Feather"},{"floor":11,"key":"Akabeko"},{"floor":13,"key":"PreservedInsect"}],"event_choices":[{"damage_healed":0,"gold_gain":0,"player_choice":"Success","damage_taken":12,"relics_obtained":["Juzu Bracelet"],"max_hp_gain":0,"max_hp_loss":0,"event_name":"Scrap Ooze","floor":2,"gold_loss":0},{"damage_healed":0,"gold_gain":0,"player_choice":"Lose Max HP","damage_taken":0,"relics_obtained":["Golden Idol"],"max_hp_gain":0,"max_hp_loss":5,"event_name":"Golden Idol","floor":3,"gold_loss":0},{"damage_healed":0,"gold_gain":30,"player_choice":"Searched \u00271\u0027 times","damage_taken":0,"max_hp_gain":0,"max_hp_loss":0,"event_name":"Dead Adventurer","floor":14,"gold_loss":0},{"damage_healed":0,"gold_gain":0,"player_choice":"Fought Bandits","damage_taken":0,"max_hp_gain":0,"max_hp_loss":0,"event_name":"Masked Bandits","floor":19,"gold_loss":0}],"is_beta":false,"boss_relics":[{"not_picked":["Runic Pyramid","Busted Crown"],"picked":"Ring of the Serpent"}],"items_purged_floors":[4],"is_endless":false,"potions_floor_spawned":[11,16],"killed_by":"Masked Bandits","ascension_level":13}}