{"host":"g200jza2br9hmesm","time":1613975524,"event":{"mods":["AchievementEnabler","BaseMod","Colored Map","Downfall","Minty Spire (QoL Compilation)","Quick Restart","Relic Stats","StSLib"],"gold_per_floor":[118,68,68,83,8,42,42,74,97,97,108,31,47,78,78,181,181,193,193,193],"floor_reached":19,"language":"ENG","playtime":653,"items_purged":["Regret"],"score":284,"play_id":"61cfa53e-b57a-44df-b262-a285aaa00865","local_time":"20210222013204","is_ascension_mode":true,"campfire_choices":[{"data":"Noxious Fumes","floor":7,"key":"SMITH"},{"data":"Underhanded Strike","floor":10,"key":"SMITH"},{"floor":15,"key":"REST"}],"circlet_count":0,"master_deck":["Strike_G","Strike_G","Strike_G","Strike_G","Defend_G","Defend_G","Defend_G","Defend_G","Defend_G","Survivor","Neutralize","Slice","Underhanded Strike+1","Noxious Fumes+1","Envenom","Dagger Throw","Storm of Steel"],"relics":["Ring of the Snake","NeowsBlessing","Oddly Smooth Stone","PreservedInsect","Singing Bowl","Anchor","StrikeDummy","Philosopher\u0027s Stone"],"acts_visited":["Exordium","TheCity"],"potions_floor_usage":[13,13],"damage_taken":[{"damage":0,"enemies":"2 Louse","floor":1,"turns":1},{"damage":0,"enemies":"Small Slimes","floor":4,"turns":1},{"damage":0,"enemies":"Gremlin Nob","floor":6,"turns":1},{"damage":16,"enemies":"3 Sentries","floor":8,"turns":7},{"damage":7,"enemies":"Jaw Worm","floor":11,"turns":4},{"damage":4,"enemies":"3 Louse","floor":13,"turns":4},{"damage":25,"enemies":"Lagavulin","floor":14,"turns":6},{"damage":35,"enemies":"Hexaghost","floor":16,"turns":11},{"damage":18,"enemies":"Chosen","floor":18,"turns":5},{"damage":0,"enemies":"3 Byrds","floor":19,"turns":1}],"seed_played":"374550148431836064","potions_obtained":[{"floor":1,"key":"SteroidPotion"},{"floor":11,"key":"SteroidPotion"},{"floor":13,"key":"champ:CounterPotion"},{"floor":16,"key":"SpeedPotion"}],"is_trial":false,"path_per_floor":["M","?","?","M","$","E","R","E","T","R","M","$","M","E","R","B",null,"M","M"],"character_chosen":"THE_SILENT","items_purchased":["Envenom"],"campfire_rested":1,"item_purchase_floors":[12],"current_hp_per_floor":[63,63,63,63,63,63,63,49,49,49,44,44,42,17,39,4,58,42,42,42],"gold":193,"neow_bonus":"THREE_ENEMY_KILL","is_daily":false,"chose_seed":false,"campfire_upgraded":2,"win_rate":0.0,"timestamp":1613975524,"path_taken":["M","?","?","M","$","E","R","E","T","R","M","$","?","E","R","BOSS","M","M"],"items_purchased_type":["Card"],"build_version":"2020-12-22","purchased_purges":1,"victory":false,"max_hp_per_floor":[70,70,70,70,70,70,70,72,72,72,74,74,76,76,76,76,76,78,78,78],"relic_stats":{"Singing Bowl":8,"counters":[10,41],"PreservedInsect":59,"obtain_stats":[{"Anchor":9,"NeowsBlessing":0,"Singing Bowl":8,"Oddly Smooth Stone":3,"Philosopher\u0027s Stone":17,"PreservedInsect":6,"StrikeDummy":14,"Ring of the Snake":0},{"Anchor":4,"NeowsBlessing":0,"Singing Bowl":4,"Oddly Smooth Stone":1,"Philosopher\u0027s Stone":8,"PreservedInsect":3,"StrikeDummy":7,"Ring of the Snake":0},{"Anchor":10,"NeowsBlessing":0,"Singing Bowl":10,"Oddly Smooth Stone":1,"Philosopher\u0027s Stone":35,"PreservedInsect":3,"StrikeDummy":24,"Ring of the Snake":0}],"Ring of the Snake":[20]},"card_choices":[{"not_picked":["Setup","Well Laid Plans"],"picked":"Slice","floor":1},{"not_picked":["Tactician","Bouncing Flask"],"picked":"Underhanded Strike","floor":4},{"not_picked":["Well Laid Plans","PiercingWail"],"picked":"Noxious Fumes","floor":6},{"not_picked":["Acrobatics","Noxious Fumes","Burst"],"picked":"Singing Bowl","floor":8},{"not_picked":["Bane","Cloak And Dagger","Distraction"],"picked":"Singing Bowl","floor":11},{"not_picked":["Crippling Poison","Bane","Predator"],"picked":"Singing Bowl","floor":13},{"not_picked":["Sucker Punch","Outmaneuver"],"picked":"Dagger Throw","floor":14},{"not_picked":["Glass Knife","Doppelganger"],"picked":"Storm of Steel","floor":16},{"not_picked":["Skewer","Dodge and Roll+1","Quick Slash"],"picked":"Singing Bowl","floor":18}],"player_experience":336389,"relics_obtained":[{"floor":6,"key":"PreservedInsect"},{"floor":8,"key":"Singing Bowl"},{"floor":9,"key":"Anchor"},{"floor":14,"key":"StrikeDummy"}],"event_choices":[{"cards_removed":["Strike_G"],"damage_healed":0,"gold_gain":0,"player_choice":"Card Removal","damage_taken":0,"max_hp_gain":0,"max_hp_loss":0,"event_name":"The Cleric","floor":2,"gold_loss":50},{"damage_healed":0,"gold_gain":0,"player_choice":"Box","damage_taken":0,"relics_obtained":["Oddly Smooth Stone"],"max_hp_gain":0,"max_hp_loss":0,"event_name":"Big Fish","floor":3,"gold_loss":0,"cards_obtained":["Regret"]}],"is_beta":false,"boss_relics":[{"not_picked":["Astrolabe","bronze:MakeshiftBattery"],"picked":"Philosopher\u0027s Stone"}],"items_purged_floors":[5],"is_endless":false,"potions_floor_spawned":[1,11,13,16],"killed_by":"3 Byrds","ascension_level":7}}