{"host":"d8cz15m779bv9isj","time":1613991214,"event":{"mods":["Aspiration","Bard","BaseMod","Beaked The Cultist","Colored Map","Colored Powertips","Dark Map","DeckTracker","Hermit","Highlight Path","Infinite Spire","Minty Spire (QoL Compilation)","Quick Restart","Random Character Button","Relic Sorter","Reliquary","Replay The Spire","StSLib","SuperFastMode","Synergy Search","The Blue Laboratory","The Cursed","The Elementalist","The Jungle","TheBandit","TheSurvivalist"],"gold_per_floor":[113,113,113,129,143,143,172,190,217,249,249,280,52,72,72,167,167,185,196,207,217,217,217],"floor_reached":22,"language":"ENG","playtime":1040,"items_purged":["survmod:Strike"],"score":208,"play_id":"ce08b069-1471-4681-8a3d-d616569e8ecd","local_time":"20210222115334","is_ascension_mode":false,"campfire_choices":[{"data":"survmod:DuckAndFlare","floor":6,"key":"SMITH"},{"data":"survmod:FlashbangShot","floor":11,"key":"SMITH"},{"data":"survmod:MarkedShot","floor":15,"key":"SMITH"}],"circlet_count":0,"master_deck":["survmod:Strike","survmod:Strike","survmod:Strike","survmod:Defend","survmod:Defend","survmod:Defend","survmod:Defend","survmod:VersatileOffense","survmod:Sprint","survmod:DuckAndFlare+1","survmod:AcidArrow","survmod:NockAnArrow","survmod:MarkedShot","survmod:FlashbangShot+1","survmod:MarkedShot+1","survmod:BatteringStrike","survmod:QuickDash","survmod:Decoy","survmod:MarkedShot","survmod:ComplexMutation+1","survmod:MarkTrap+1"],"relics":["survmod:InnateMutation","NeowsBlessing","Replay:Bottled Flurry","Strawberry","Bag of Marbles","infinitespire:Bottled Soul","aspiration:Lifesprig","aspiration:RitualDagger"],"acts_visited":["Exordium","TheCity"],"potions_floor_usage":[22],"damage_taken":[{"damage":0,"enemies":"2 Louse","floor":1,"turns":1},{"damage":0,"enemies":"Small Slimes","floor":4,"turns":2},{"damage":0,"enemies":"Cultist","floor":5,"turns":1},{"damage":11,"enemies":"3 Sentries","floor":7,"turns":13},{"damage":0,"enemies":"Exordium Thugs","floor":8,"turns":4},{"damage":10,"enemies":"Replay:BlueRogue","floor":10,"turns":6},{"damage":1,"enemies":"Lagavulin","floor":12,"turns":5},{"damage":0,"enemies":"Blue Slaver","floor":14,"turns":2},{"damage":12,"enemies":"Hexaghost","floor":16,"turns":7},{"damage":18,"enemies":"2 Thieves","floor":18,"turns":4},{"damage":17,"enemies":"3 Byrds","floor":19,"turns":4},{"damage":38,"enemies":"Snecko","floor":20,"turns":6},{"damage":14,"enemies":"Snake Plant","floor":21,"turns":3},{"damage":40,"enemies":"Cultist and Chosen","floor":22,"turns":5}],"seed_played":"-377432830808964388","potions_obtained":[{"floor":5,"key":"Energy Potion"},{"floor":7,"key":"Dexterity Potion"},{"floor":12,"key":"blueLaboratory:PolymorphPotion"},{"floor":19,"key":"SkillPotion"}],"is_trial":false,"path_per_floor":["M","?","?","M","M","R","E","M","T","E","R","E","$","M","R","B",null,"M","M","M","M","M"],"character_chosen":"THE_SURVIVOR","items_purchased":["aspiration:Lifesprig"],"campfire_rested":0,"item_purchase_floors":[13],"current_hp_per_floor":[50,50,50,50,50,50,39,39,46,36,36,35,35,35,35,23,57,39,22,45,34,0,0],"gold":217,"neow_bonus":"THREE_ENEMY_KILL","is_daily":false,"chose_seed":false,"campfire_upgraded":3,"win_rate":0.0,"timestamp":1613991214,"path_taken":["M","?","?","M","?","R","E","M","T","E","R","E","?","M","R","BOSS","M","M","M","M","M"],"items_purchased_type":["Relic"],"build_version":"2020-12-22","purchased_purges":1,"victory":false,"max_hp_per_floor":[50,50,50,50,50,50,50,50,57,57,57,57,57,57,57,57,57,57,57,57,57,57,57],"card_choices":[{"not_picked":["survmod:FenceTrap","survmod:FocusedFire"],"picked":"survmod:DuckAndFlare","floor":1},{"not_picked":["survmod:BearTrap","survmod:FenceTrap"],"picked":"survmod:AcidArrow","floor":4},{"not_picked":["survmod:HiddenTactic","survmod:ExplosiveTrap"],"picked":"survmod:NockAnArrow","floor":5},{"not_picked":["survmod:PersonalMark","survmod:Hawkeye"],"picked":"survmod:MarkedShot","floor":7},{"not_picked":["survmod:GoForFace","survmod:PinningSnipe"],"picked":"survmod:FlashbangShot","floor":8},{"not_picked":["survmod:LongShot","survmod:FenceTrap"],"picked":"survmod:MarkedShot","floor":10},{"not_picked":["survmod:UnfortunateEscape","survmod:AimForTheLiver"],"picked":"survmod:BatteringStrike","floor":12},{"not_picked":["survmod:FenceTrap","survmod:SwiftKick"],"picked":"survmod:QuickDash","floor":14},{"not_picked":["survmod:Heartseeker","survmod:MutantForm"],"picked":"survmod:Decoy","floor":16},{"not_picked":["survmod:UnfortunateEscape","survmod:SimpleMutation"],"picked":"survmod:MarkedShot","floor":18},{"not_picked":["survmod:BearTrap+1","survmod:QuickDash","survmod:BatteringStrike"],"picked":"SKIP","floor":19},{"not_picked":["survmod:Adaptability","survmod:BearTrap"],"picked":"survmod:ComplexMutation+1","floor":20},{"not_picked":["survmod:SwiftKick","survmod:UnfortunateEscape"],"picked":"survmod:MarkTrap+1","floor":21}],"player_experience":252286,"relics_obtained":[{"floor":7,"key":"Replay:Bottled Flurry"},{"floor":9,"key":"Strawberry"},{"floor":10,"key":"Bag of Marbles"},{"floor":12,"key":"infinitespire:Bottled Soul"}],"event_choices":[{"cards_removed":["elementalist:Fire_Emblem"],"damage_healed":5,"gold_gain":0,"player_choice":"Offered Special","damage_taken":0,"max_hp_gain":0,"max_hp_loss":0,"event_name":"Bonfire Elementals","floor":3,"gold_loss":0}],"is_beta":false,"boss_relics":[{"not_picked":["reliquary:Ember","Astrolabe"],"picked":"aspiration:RitualDagger"}],"items_purged_floors":[13],"is_endless":false,"potions_floor_spawned":[5,7,12,14,19],"killed_by":"Cultist and Chosen","ascension_level":0}}