{"host":"szp1d6dso4pv7ddl","time":1613963100,"event":{"mods":["AchievementEnabler","Alarm Clock","BaseMod","Bestiary","Block Reminder","Colored Map","Colored Powertips","Curses Come First","Dark Map","Displayed Cursed Tome","Highlight Path","Minty Spire (QoL Compilation)","Permanent Neow","Quick Restart","Relic Sorter","Relic Stats","StSLib","Synergy Search"],"gold_per_floor":[109,4,21,21,36,64,64,95,95,122,122,139,139,157,157,232,232,244,169,219,219,119,119,119,119,168,168,179,199,74,99,99,99,99],"floor_reached":33,"language":"ENG","playtime":1360,"items_purged":["Strike_B","Writhe","Decay"],"score":566,"play_id":"b7eead18-6f7c-4b37-ada1-987210a47e4e","local_time":"20210221190500","is_ascension_mode":true,"campfire_choices":[{"floor":7.0,"key":"REST"},{"floor":13.0,"key":"REST"},{"floor":15.0,"key":"REST"},{"floor":23.0,"key":"DIG"},{"floor":25.0,"key":"DIG"},{"floor":27.0,"key":"REST"},{"floor":32.0,"key":"REST"}],"circlet_count":0,"master_deck":["AscendersBane","Strike_B","Strike_B","Defend_B","Defend_B","Defend_B","Defend_B","Zap","Dualcast","Defragment","Ball Lightning","Redo","Static Discharge","Ball Lightning","Glacier","Auto Shields","Rainbow","Capacitor","Ball Lightning","Biased Cognition","CurseOfTheBell","Glacier","Electrodynamics"],"relics":["SlaversCollar","Torii","Shovel","Emotion Chip","Orichalcum","Calling Bell","Nunchaku","Singing Bowl","Unceasing Top","PreservedInsect","InkBottle","Du-Vu Doll","Potion Belt","Question Card"],"acts_visited":["Exordium","TheCity"],"potions_floor_usage":[33],"damage_taken":[{"damage":7.0,"enemies":"Jaw Worm","floor":1.0,"turns":4.0},{"damage":2.0,"enemies":"2 Louse","floor":3.0,"turns":2.0},{"damage":7.0,"enemies":"Cultist","floor":5.0,"turns":4.0},{"damage":15.0,"enemies":"3 Sentries","floor":6.0,"turns":5.0},{"damage":37.0,"enemies":"Gremlin Nob","floor":8.0,"turns":4.0},{"damage":0.0,"enemies":"Lagavulin","floor":10.0,"turns":8.0},{"damage":1.0,"enemies":"2 Fungi Beasts","floor":12.0,"turns":4.0},{"damage":6.0,"enemies":"Exordium Wildlife","floor":14.0,"turns":5.0},{"damage":25.0,"enemies":"Slime Boss","floor":16.0,"turns":5.0},{"damage":25.0,"enemies":"Chosen","floor":18.0,"turns":7.0},{"damage":10.0,"enemies":"Shell Parasite","floor":28.0,"turns":5.0},{"damage":64.0,"enemies":"Chosen and Byrds","floor":29.0,"turns":7.0},{"damage":8.0,"enemies":"Slavers","floor":31.0,"turns":4.0},{"damage":43,"enemies":"Collector","floor":33,"turns":7}],"seed_played":"-4710847739251264724","potions_obtained":[{"floor":1.0,"key":"Block Potion"},{"floor":10.0,"key":"ColorlessPotion"},{"floor":16.0,"key":"SteroidPotion"},{"floor":18.0,"key":"FairyPotion"},{"floor":31.0,"key":"FocusPotion"}],"is_trial":false,"path_per_floor":["M","$","M","?","M","E","R","E","T","E","?","M","R","M","R","B",null,"M","$","?","?","$","R","?","R","T","R","M","M","$","E","R","B"],"character_chosen":"DEFECT","items_purchased":["Ball Lightning","Redo"],"campfire_rested":5,"item_purchase_floors":[2,2],"current_hp_per_floor":[57,57,55,48,41,26,47,10,10,10,10,9,30,24,45,20,58,35,35,35,35,35,35,35,35,35,56,48,22,22,14,36,0,0],"gold":99,"neow_bonus":"BOSS_RELIC","is_daily":false,"chose_seed":false,"campfire_upgraded":0,"win_rate":0.0,"timestamp":1613963100,"path_taken":["M","$","M","?","M","E","R","E","T","E","?","?","R","M","R","BOSS","M","$","?","?","$","R","?","R","T","R","M","M","$","E","R","BOSS"],"items_purchased_type":["Card","Card"],"build_version":"2020-12-22","purchased_purges":3,"victory":false,"max_hp_per_floor":[71,71,71,71,71,71,71,71,71,71,71,71,71,71,71,71,71,73,73,73,73,73,73,73,73,73,73,75,75,75,75,75,75,75],"relic_stats":{"Emotion Chip":[38,19,14,5,0],"Nunchaku":[2],"Shovel":2,"Torii":7,"Singing Bowl":4,"counters":[14,71],"PreservedInsect":42,"Orichalcum":[48],"Question Card":0,"obtain_stats":[{"Potion Belt":26,"Torii":6,"Singing Bowl":17,"PreservedInsect":21,"Orichalcum":10,"Question Card":31,"Calling Bell":17,"Du-Vu Doll":25,"SlaversCollar":0,"Emotion Chip":9,"Nunchaku":17,"Shovel":8,"Cracked Core":0,"Unceasing Top":17,"InkBottle":23},{"Potion Belt":10,"Torii":4,"Singing Bowl":9,"PreservedInsect":10,"Orichalcum":6,"Question Card":13,"Calling Bell":9,"Du-Vu Doll":10,"SlaversCollar":0,"Emotion Chip":5,"Nunchaku":9,"Shovel":5,"Cracked Core":0,"Unceasing Top":9,"InkBottle":10},{"Potion Belt":48,"Torii":15,"Singing Bowl":41,"PreservedInsect":48,"Orichalcum":27,"Question Card":64,"Calling Bell":41,"Du-Vu Doll":48,"SlaversCollar":0,"Emotion Chip":19,"Nunchaku":41,"Shovel":19,"Cracked Core":0,"Unceasing Top":41,"InkBottle":48}],"Unceasing Top":[0],"InkBottle":[6]},"card_choices":[{"not_picked":["Conserve Battery","Force Field"],"picked":"Defragment","floor":1.0},{"not_picked":["Redo","Go for the Eyes"],"picked":"Static Discharge","floor":3.0},{"not_picked":["Streamline","Steam"],"picked":"Ball Lightning","floor":5.0},{"not_picked":["Conserve Battery","Fusion"],"picked":"Glacier","floor":6.0},{"not_picked":["Genetic Algorithm","Stack"],"picked":"Auto Shields","floor":8.0},{"not_picked":["Reprogram","Gash"],"picked":"Rainbow","floor":10.0},{"not_picked":["Compile Driver","Streamline"],"picked":"Ball Lightning","floor":12.0},{"not_picked":["White Noise","Steam","Hologram"],"picked":"SKIP","floor":14.0},{"not_picked":["Reboot","Machine Learning"],"picked":"Biased Cognition","floor":16.0},{"not_picked":["Gash","Coolheaded","Redo"],"picked":"Singing Bowl","floor":18.0},{"not_picked":["Sunder","Go for the Eyes","Lockon"],"picked":"Singing Bowl","floor":28.0},{"not_picked":["Recycle","Stack"],"picked":"Glacier","floor":29.0},{"not_picked":["All For One","Undo"],"picked":"Electrodynamics","floor":31.0}],"player_experience":1625368,"relics_obtained":[{"floor":6.0,"key":"Torii"},{"floor":8.0,"key":"Shovel"},{"floor":9.0,"key":"Emotion Chip"},{"floor":10.0,"key":"Orichalcum"},{"floor":17.0,"key":"Nunchaku"},{"floor":17.0,"key":"Singing Bowl"},{"floor":17.0,"key":"Unceasing Top"},{"floor":23.0,"key":"InkBottle"},{"floor":25.0,"key":"Du-Vu Doll"},{"floor":26.0,"key":"Potion Belt"},{"floor":31.0,"key":"Question Card"}],"event_choices":[{"cards_removed":["Strike_B"],"damage_healed":0.0,"max_hp_gain":0.0,"max_hp_loss":0.0,"gold_gain":0.0,"event_name":"Golden Wing","player_choice":"Card Removal","floor":4.0,"gold_loss":0.0,"damage_taken":7.0},{"damage_healed":0.0,"max_hp_gain":0.0,"max_hp_loss":0.0,"gold_gain":0.0,"event_name":"Match and Keep!","player_choice":"1 cards matched","floor":11.0,"gold_loss":0.0,"damage_taken":0.0,"cards_obtained":["Capacitor"]},{"damage_healed":0.0,"max_hp_gain":0.0,"max_hp_loss":0.0,"gold_gain":50.0,"event_name":"Nest","player_choice":"Stole From Cult","floor":20.0,"gold_loss":0.0,"damage_taken":0.0},{"damage_healed":0.0,"max_hp_gain":0.0,"max_hp_loss":0.0,"gold_gain":0.0,"event_name":"The Mausoleum","player_choice":"Opened","floor":21.0,"gold_loss":0.0,"damage_taken":0.0,"relics_obtained":["PreservedInsect"],"cards_obtained":["Writhe"]},{"damage_healed":0.0,"max_hp_gain":0.0,"max_hp_loss":0.0,"gold_gain":0.0,"event_name":"Forgotten Altar","player_choice":"Smashed Altar","floor":24.0,"gold_loss":0.0,"damage_taken":0.0,"cards_obtained":["Decay"]}],"is_beta":false,"boss_relics":[{"not_picked":["Snecko Eye","Busted Crown"],"picked":"Calling Bell"}],"items_purged_floors":[19,22,30],"is_endless":false,"potions_floor_spawned":[1,10,16,18,31],"killed_by":"Collector","ascension_level":17}}