{"host":"h0xw20cia6ppa69g","time":1613979801,"event":{"mods":["AchievementEnabler","BaseMod","Colored Map","Filter the Spire","Googly Eyes","Minty Spire (QoL Compilation)","Relic Stats","StSLib","The Awakened One except there are too many feathers","everything is the same but u backflip on backflip"],"gold_per_floor":[119,119,133,148,148,180,197,228,300,326,27,27,27,52,52,149,149,166,180,180,180,200,228,228,228,228,228,261,130,145,165,165,270,270,289,1288,682,694,38,70,128,168,203,49,49,68,68,79,79,79,79],"floor_reached":50,"language":"ENG","playtime":2528,"items_purged":["Strike_G","Normality","Normality"],"score":828,"play_id":"453b140e-c7c2-4957-bae1-c151fba63aa3","local_time":"20210222014321","is_ascension_mode":true,"campfire_choices":[{"floor":13.0,"key":"REST"},{"data":"Calculated Gamble","floor":15.0,"key":"SMITH"},{"data":"Tactician","floor":24.0,"key":"SMITH"},{"data":"Envenom","floor":27.0,"key":"SMITH"},{"data":"Storm of Steel","floor":32.0,"key":"SMITH"},{"floor":47,"key":"RECALL"},{"data":"Storm of Steel","floor":49,"key":"SMITH"}],"circlet_count":0,"master_deck":["Survivor","Neutralize","Dagger Spray","Calculated Gamble+1","Cloak And Dagger+1","Corpse Explosion","Caltrops","Envenom+1","Cloak And Dagger","Accuracy","Terror","After Image","Flechettes","Venomology","Storm of Steel+1","Noxious Fumes","Tactician+1","Infinite Blades","A Thousand Cuts","PiercingWail","Backstab","Outmaneuver+1","Acrobatics","Tactician","Cloak And Dagger","Backflip","Setup+1","Storm of Steel+1","Footwork","Blade Dance","Tactician+1","Blur+1","Outmaneuver+1","Prepared+1","Reflex+1"],"relics":["Ring of the Snake","Dead Branch","Ancient Tea Set","Tingsha","Sundial","Snake Skull","Lantern","Dream Catcher","Pandora\u0027s Box","Vajra","Meat on the Bone","MealTicket","Coffee Dripper","Chemical X","PreservedInsect","Orichalcum","Toxic Egg 2","FossilizedHelix","MawBank","Unceasing Top","Bag of Preparation","Medical Kit"],"acts_visited":["Exordium","TheCity","TheBeyond"],"potions_floor_usage":[35,38,42,48,50,50,50,50,50],"damage_taken":[{"damage":0.0,"enemies":"2 Louse","floor":1.0,"turns":4.0},{"damage":0.0,"enemies":"Cultist","floor":3.0,"turns":3.0},{"damage":0.0,"enemies":"Jaw Worm","floor":4.0,"turns":5.0},{"damage":12.0,"enemies":"Gremlin Nob","floor":6.0,"turns":3.0},{"damage":2.0,"enemies":"Looter","floor":7.0,"turns":4.0},{"damage":5.0,"enemies":"3 Sentries","floor":8.0,"turns":5.0},{"damage":21.0,"enemies":"Lagavulin","floor":10.0,"turns":5.0},{"damage":10.0,"enemies":"Gremlin Nob","floor":14.0,"turns":5.0},{"damage":19.0,"enemies":"The Guardian","floor":16.0,"turns":8.0},{"damage":0.0,"enemies":"3 Byrds","floor":18.0,"turns":2.0},{"damage":2.0,"enemies":"Shell Parasite","floor":19.0,"turns":3.0},{"damage":0.0,"enemies":"Centurion and Healer","floor":22.0,"turns":3.0},{"damage":0.0,"enemies":"Gremlin Leader","floor":23.0,"turns":3.0},{"damage":0.0,"enemies":"Book of Stabbing","floor":28.0,"turns":3.0},{"damage":0.0,"enemies":"Snake Plant","floor":30.0,"turns":3.0},{"damage":0.0,"enemies":"Snecko","floor":31.0,"turns":2.0},{"damage":0.0,"enemies":"Collector","floor":33.0,"turns":4.0},{"damage":0,"enemies":"Orb Walker","floor":35,"turns":2},{"damage":0,"enemies":"3 Darklings","floor":38,"turns":4},{"damage":0,"enemies":"Reptomancer","floor":40,"turns":2},{"damage":0,"enemies":"2 Orb Walkers","floor":41,"turns":2},{"damage":0,"enemies":"Nemesis","floor":42,"turns":5},{"damage":0,"enemies":"Sphere and 2 Shapes","floor":46,"turns":5},{"damage":0,"enemies":"Maw","floor":48,"turns":2},{"damage":75,"enemies":"Time Eater","floor":50,"turns":11}],"seed_played":"4515222601956882920","potions_obtained":[{"floor":1.0,"key":"Energy Potion"},{"floor":3.0,"key":"Explosive Potion"},{"floor":8.0,"key":"Fire Potion"},{"floor":10.0,"key":"PowerPotion"},{"floor":14.0,"key":"EntropicBrew"},{"floor":22.0,"key":"Fire Potion"},{"floor":38,"key":"Regen Potion"},{"floor":41,"key":"BlessingOfTheForge"},{"floor":45,"key":"CunningPotion"}],"is_trial":false,"path_per_floor":["M","?","M","M","?","E","M","E","T","E","$","?","R","E","R","B",null,"M","M","?","?","M","E","R","?","T","R","E","$","M","M","R","B",null,"M","?","$","M","$","E","?","E","T","$","?","M","R","M","R","B"],"character_chosen":"THE_SILENT","items_purchased":["Accuracy","Lantern","Tactician","Cloak And Dagger","Chemical X","PreservedInsect","Blade Dance","Orichalcum","Toxic Egg 2","FossilizedHelix","Medical Kit","Outmaneuver+1"],"campfire_rested":1,"item_purchase_floors":[11,11,29,29,37,37,37,37,39,39,44,44],"current_hp_per_floor":[63,63,63,63,63,51,49,44,44,23,23,16,34,24,24,5,63,63,61,61,61,61,61,61,50,50,50,50,65,65,65,65,65,68,68,68,68,68,68,68,68,68,68,68,68,68,68,68,68,0,0],"gold":79,"neow_bonus":"ONE_RARE_RELIC","is_daily":false,"chose_seed":false,"campfire_upgraded":5,"win_rate":0.0,"timestamp":1613979801,"path_taken":["M","?","M","?","?","E","M","E","T","E","$","?","R","E","R","BOSS","M","M","?","?","M","E","R","?","T","R","E","$","M","M","R","BOSS","M","?","$","M","$","E","?","E","T","$","?","M","R","M","R","BOSS"],"items_purchased_type":["Card","Relic","Card","Card","Relic","Relic","Card","Relic","Relic","Relic","Relic","Card"],"build_version":"2020-12-22","purchased_purges":3,"victory":false,"max_hp_per_floor":[63,63,63,63,63,63,63,63,63,63,63,63,63,63,63,63,63,63,63,63,63,63,63,63,68,68,68,68,68,68,68,68,68,68,68,68,68,68,68,68,68,68,68,68,68,68,68,68,68,68,68],"relic_stats":{"counters":[25,98],"Dead Branch":[232],"Tingsha":[456],"Snake Skull":[114],"PreservedInsect":108,"Bag of Preparation":[6],"Orichalcum":[6],"MawBank":48,"Medical Kit":[0],"Dream Catcher":0,"Sundial":[6],"Pandora\u0027s Box":["Flechettes","Venomology","Storm of Steel","Noxious Fumes","Tactician","Infinite Blades","A Thousand Cuts"],"MealTicket":15,"Chemical X":[4],"obtain_stats":[{"Lantern":11,"Dead Branch":0,"Vajra":23,"Tingsha":8,"Snake Skull":10,"PreservedInsect":37,"Bag of Preparation":42,"Orichalcum":37,"Ancient Tea Set":6,"MawBank":40,"Medical Kit":44,"Dream Catcher":14,"Sundial":9,"Pandora\u0027s Box":17,"MealTicket":28,"Coffee Dripper":34,"Chemical X":37,"Toxic Egg 2":39,"FossilizedHelix":39,"Unceasing Top":41,"Ring of the Snake":0,"Meat on the Bone":26},{"Lantern":7,"Dead Branch":0,"Vajra":13,"Tingsha":6,"Snake Skull":7,"PreservedInsect":18,"Bag of Preparation":22,"Orichalcum":18,"Ancient Tea Set":4,"MawBank":20,"Medical Kit":22,"Dream Catcher":8,"Sundial":6,"Pandora\u0027s Box":9,"MealTicket":14,"Coffee Dripper":17,"Chemical X":18,"Toxic Egg 2":19,"FossilizedHelix":19,"Unceasing Top":21,"Ring of the Snake":0,"Meat on the Bone":13},{"Lantern":29,"Dead Branch":0,"Vajra":53,"Tingsha":24,"Snake Skull":29,"PreservedInsect":67,"Bag of Preparation":80,"Orichalcum":67,"Ancient Tea Set":15,"MawBank":73,"Medical Kit":80,"Dream Catcher":34,"Sundial":24,"Pandora\u0027s Box":42,"MealTicket":56,"Coffee Dripper":65,"Chemical X":67,"Toxic Egg 2":71,"FossilizedHelix":71,"Unceasing Top":75,"Ring of the Snake":0,"Meat on the Bone":53}],"Unceasing Top":[3],"Ring of the Snake":[50],"Meat on the Bone":0},"card_choices":[{"not_picked":["Well Laid Plans","Quick Slash"],"picked":"Dagger Spray","floor":1.0},{"not_picked":["Blur","Dagger Spray"],"picked":"Cloak And Dagger","floor":3.0},{"not_picked":["All Out Attack","Dagger Spray","Heel Hook"],"picked":"SKIP","floor":4.0},{"not_picked":["Riddle With Holes","Prepared"],"picked":"Corpse Explosion","floor":6.0},{"not_picked":["Underhanded Strike","Masterful Stab"],"picked":"Caltrops","floor":7.0},{"not_picked":["Choke","PiercingWail"],"picked":"Envenom","floor":8.0},{"not_picked":["Acrobatics","Riddle With Holes"],"picked":"Cloak And Dagger","floor":10.0},{"not_picked":["PiercingWail","Choke"],"picked":"Terror","floor":14.0},{"not_picked":["Doppelganger","Bullet Time"],"picked":"After Image","floor":16.0},{"not_picked":["Sucker Punch+1","Dagger Throw"],"picked":"PiercingWail","floor":18.0},{"not_picked":["Envenom","Quick Slash"],"picked":"Backstab","floor":19.0},{"not_picked":["PiercingWail","Flechettes"],"picked":"Outmaneuver+1","floor":22.0},{"not_picked":["Deflect","Slice"],"picked":"Acrobatics","floor":23.0},{"not_picked":["Flying Knee+1","Skewer","Die Die Die"],"picked":"SKIP","floor":28.0},{"not_picked":["Quick Slash","Dagger Spray"],"picked":"Backflip","floor":30.0},{"not_picked":["Skewer","Endless Agony"],"picked":"Setup+1","floor":31.0},{"not_picked":["Adrenaline","Corpse Explosion"],"picked":"Storm of Steel","floor":33.0},{"not_picked":["Poisoned Stab+1","All Out Attack+1"],"picked":"Footwork","floor":35},{"not_picked":["Expertise","Masterful Stab","Dagger Throw+1"],"picked":"SKIP","floor":38},{"not_picked":["Prepared+1","Leg Sweep+1"],"picked":"Tactician+1","floor":40},{"not_picked":["Deflect+1","Dagger Spray+1"],"picked":"Blur+1","floor":42},{"not_picked":["Skewer","Sucker Punch"],"picked":"Prepared+1","floor":46},{"not_picked":["Expertise+1","Blur+1"],"picked":"Reflex+1","floor":48}],"player_experience":3897474,"relics_obtained":[{"floor":6.0,"key":"Ancient Tea Set"},{"floor":8.0,"key":"Tingsha"},{"floor":9.0,"key":"Sundial"},{"floor":10.0,"key":"Snake Skull"},{"floor":14.0,"key":"Dream Catcher"},{"floor":23.0,"key":"Vajra"},{"floor":26.0,"key":"Meat on the Bone"},{"floor":28.0,"key":"MealTicket"},{"floor":40,"key":"MawBank"},{"floor":41,"key":"Unceasing Top"},{"floor":42,"key":"Bag of Preparation"}],"event_choices":[{"damage_healed":0.0,"max_hp_gain":0.0,"max_hp_loss":0.0,"gold_gain":0.0,"cards_transformed":["Strike_G"],"event_name":"Transmorgrifier","player_choice":"Transformed","floor":2.0,"gold_loss":0.0,"damage_taken":0.0,"cards_obtained":["Calculated Gamble"]},{"damage_healed":0.0,"max_hp_gain":0.0,"max_hp_loss":0.0,"gold_gain":0.0,"event_name":"Living Wall","player_choice":"Grow","floor":5.0,"gold_loss":0.0,"damage_taken":0.0,"cards_upgraded":["Cloak And Dagger"]},{"cards_removed":["Defend_G"],"damage_healed":0.0,"max_hp_gain":0.0,"max_hp_loss":0.0,"gold_gain":0.0,"event_name":"Golden Wing","player_choice":"Card Removal","floor":12.0,"gold_loss":0.0,"damage_taken":7.0},{"damage_healed":0.0,"max_hp_gain":0.0,"max_hp_loss":0.0,"gold_gain":0.0,"event_name":"Ghosts","player_choice":"Ignored","floor":20.0,"gold_loss":0.0,"damage_taken":0.0},{"damage_healed":0.0,"max_hp_gain":0.0,"max_hp_loss":0.0,"gold_gain":0.0,"event_name":"Vampires","player_choice":"Ignored","floor":21.0,"gold_loss":0.0,"damage_taken":0.0},{"damage_healed":0.0,"max_hp_gain":5.0,"max_hp_loss":0.0,"gold_gain":0.0,"event_name":"Forgotten Altar","player_choice":"Shed Blood","floor":25.0,"gold_loss":0.0,"damage_taken":16.0},{"damage_healed":0,"gold_gain":999,"player_choice":"Gold","damage_taken":0,"max_hp_gain":0,"max_hp_loss":0,"event_name":"MindBloom","floor":36,"gold_loss":0,"cards_obtained":["Normality","Normality"]},{"damage_healed":0,"gold_gain":0,"player_choice":"Fight","damage_taken":0,"max_hp_gain":0,"max_hp_loss":0,"event_name":"Mysterious Sphere","floor":41,"gold_loss":0},{"damage_healed":0,"gold_gain":0,"player_choice":"Got Potions","damage_taken":0,"max_hp_gain":0,"max_hp_loss":0,"event_name":"Lab","floor":45,"gold_loss":0}],"is_beta":false,"boss_relics":[{"not_picked":["Sozu","Tiny House"],"picked":"Pandora\u0027s Box"},{"not_picked":["Ring of the Serpent","Astrolabe"],"picked":"Coffee Dripper"}],"items_purged_floors":[11,37,39],"is_endless":false,"potions_floor_spawned":[1,3,8,10,14,19,22,23,28,30,38,41,42,46],"killed_by":"Time Eater","ascension_level":1}}