{"host":"zwfzlkwql9nyrw94","time":1613978853,"event":{"mods":["AchievementEnabler","BaseMod","Highlight Path","Minty Spire (QoL Compilation)"],"gold_per_floor":[119,119,119,130,6,6,25,25,102,177,177,177,212,212,212,307,307,327,80,80,103,118,118,133,146,146,146,146],"floor_reached":27,"language":"ENG","playtime":1371,"items_purged":["Caltrops","Bouncing Flask"],"score":209,"play_id":"35d01a69-ddb1-4fe3-bc0c-5eb4d4c51125","local_time":"20210222012733","is_ascension_mode":false,"campfire_choices":[{"data":"Bullet Time","floor":6.0,"key":"SMITH"},{"data":"Doppelganger","floor":8.0,"key":"SMITH"},{"data":"Doppelganger","floor":12.0,"key":"SMITH"},{"data":"Flechettes","floor":15.0,"key":"SMITH"},{"data":"Phantasmal Killer","floor":23.0,"key":"SMITH"}],"circlet_count":0,"master_deck":["Neutralize+1","Doppelganger+1","Flechettes+1","Crippling Poison","Doppelganger+1","Heel Hook+1","Bullet Time+1","Phantasmal Killer+1","Predator+1","Predator+1","Adrenaline"],"relics":["Pandora\u0027s Box","CaptainsWheel","Bottled Lightning","Molten Egg 2","Empty Cage","Whetstone","Bag of Marbles"],"acts_visited":["Exordium","TheCity"],"potions_floor_usage":[],"damage_taken":[{"damage":5.0,"enemies":"Jaw Worm","floor":1.0,"turns":3.0},{"damage":0.0,"enemies":"Small Slimes","floor":4.0,"turns":3.0},{"damage":0.0,"enemies":"Cultist","floor":7.0,"turns":2.0},{"damage":1.0,"enemies":"3 Sentries","floor":13.0,"turns":6.0},{"damage":9.0,"enemies":"The Guardian","floor":16.0,"turns":4.0},{"damage":7.0,"enemies":"Spheric Guardian","floor":18.0,"turns":3.0},{"damage":20.0,"enemies":"2 Thieves","floor":22.0,"turns":2.0},{"damage":11.0,"enemies":"Shelled Parasite and Fungi","floor":24.0,"turns":2.0},{"damage":15,"enemies":"Snake Plant","floor":25,"turns":2},{"damage":22,"enemies":"Gremlin Leader","floor":27,"turns":3}],"seed_played":"755559947678630337","potions_obtained":[{"floor":1.0,"key":"Ancient Potion"},{"floor":7.0,"key":"SneckoOil"},{"floor":22.0,"key":"Fire Potion"},{"floor":25,"key":"EntropicBrew"}],"is_trial":false,"path_per_floor":["M","?","?","M","$","R","M","R","T","?","?","R","E","?","R","B",null,"M","$","?","T","M","R","M","M","T","E"],"character_chosen":"THE_SILENT","items_purchased":["Poisoned Stab","Whetstone"],"campfire_rested":0,"item_purchase_floors":[5,19],"current_hp_per_floor":[65,51,51,51,51,51,51,51,51,40,33,33,32,32,32,23,70,63,63,70,70,50,50,39,24,24,2,2],"gold":146,"neow_bonus":"BOSS_RELIC","is_daily":false,"chose_seed":false,"campfire_upgraded":5,"win_rate":0.0,"timestamp":1613978853,"path_taken":["M","?","?","M","$","R","?","R","T","?","?","R","E","?","R","BOSS","M","$","?","?","M","R","M","M","T","E"],"items_purchased_type":["Card","Relic"],"build_version":"2020-12-22","purchased_purges":2,"victory":false,"max_hp_per_floor":[70,70,70,70,70,70,70,70,70,70,70,70,70,70,70,70,70,70,70,70,70,70,70,70,70,70,70,70],"card_choices":[{"not_picked":["Quick Slash","Skewer"],"picked":"PiercingWail","floor":1.0},{"not_picked":["Riddle With Holes","Masterful Stab","Deflect"],"picked":"SKIP","floor":4.0},{"not_picked":["Expertise","Tactician"],"picked":"Predator","floor":7.0},{"not_picked":["Dagger Spray+1","Venomology"],"picked":"Predator+1","floor":13.0},{"not_picked":["Envenom","Wraith Form v2"],"picked":"Adrenaline","floor":16.0},{"not_picked":["PiercingWail","Finisher+1","Calculated Gamble"],"picked":"SKIP","floor":18.0},{"not_picked":["Bane+1","Dagger Spray+1","Backflip"],"picked":"SKIP","floor":22.0},{"not_picked":["Deadly Poison+1","Acrobatics+1","Deflect"],"picked":"SKIP","floor":24.0},{"not_picked":["Blade Dance+1","Catalyst","PiercingWail"],"picked":"SKIP","floor":25}],"player_experience":158489,"relics_obtained":[{"floor":9.0,"key":"Bottled Lightning"},{"floor":13.0,"key":"Molten Egg 2"},{"floor":21.0,"key":"Bag of Marbles"}],"event_choices":[{"damage_healed":0.0,"max_hp_gain":0.0,"max_hp_loss":0.0,"gold_gain":0.0,"event_name":"Shining Light","player_choice":"Entered Light","floor":2.0,"gold_loss":0.0,"damage_taken":14.0,"cards_upgraded":["Heel Hook","Burst"]},{"damage_healed":0.0,"max_hp_gain":0.0,"max_hp_loss":0.0,"gold_gain":0.0,"event_name":"WeMeetAgain","player_choice":"Gave Potion","floor":3.0,"gold_loss":0.0,"damage_taken":0.0,"relics_obtained":["CaptainsWheel"]},{"damage_healed":0.0,"max_hp_gain":0.0,"max_hp_loss":0.0,"gold_gain":75.0,"event_name":"World of Goop","player_choice":"Gather Gold","floor":10.0,"gold_loss":0.0,"damage_taken":11.0},{"cards_removed":["PiercingWail"],"damage_healed":0.0,"max_hp_gain":0.0,"max_hp_loss":0.0,"gold_gain":0.0,"event_name":"Golden Wing","player_choice":"Card Removal","floor":11.0,"gold_loss":0.0,"damage_taken":7.0},{"cards_removed":["Burst"],"damage_healed":0.0,"max_hp_gain":0.0,"max_hp_loss":0.0,"gold_gain":0.0,"event_name":"Living Wall","player_choice":"Forget","floor":14.0,"gold_loss":0.0,"damage_taken":0.0},{"damage_healed":23.0,"max_hp_gain":0.0,"max_hp_loss":0.0,"gold_gain":0.0,"event_name":"The Library","player_choice":"Heal","floor":20.0,"gold_loss":0.0,"damage_taken":0.0}],"is_beta":false,"boss_relics":[{"not_picked":["Cursed Key","Tiny House"],"picked":"Empty Cage"}],"items_purged_floors":[5,19],"is_endless":false,"potions_floor_spawned":[1,7,22,25],"killed_by":"Gremlin Leader","ascension_level":0}}