{"host":"7sni158j623xchr2","time":1613979741,"event":{"mods":["BaseMod","Colored Map","Highlight Path","Minty Spire (QoL Compilation)","Permanent Neow","Potion Indicator Mod","Rare Cards Sparkle","Relic Sorter","Relic Stats","StSLib","everything is the same but u backflip on backflip"],"gold_per_floor":[164,164,182,202,47,76,76,111,136,136,148,98,114,130,130,228,228,238,17,17,17,36,71,71,71,94,22,57,91,123,135,135,235,235,254,254,476,87,99,126,126,160,160,160,175,191,191,216,216,216,216,216,15,50,50],"floor_reached":56,"language":"ENG","playtime":1763,"items_purged":["Strike_B","Defend_B+1","Strike_B+1"],"score":1564,"play_id":"1ebd73e9-7090-4842-acd9-399831d7310b","local_time":"20210222014221","is_ascension_mode":true,"campfire_choices":[{"data":"Doom and Gloom","floor":7,"key":"SMITH"},{"data":"Defragment","floor":10,"key":"SMITH"},{"data":"Loop","floor":15,"key":"SMITH"},{"data":"Fission","floor":24,"key":"SMITH"},{"data":"White Noise","floor":32,"key":"SMITH"},{"data":"Buffer","floor":41,"key":"SMITH"},{"floor":44,"key":"RECALL"},{"data":"Seek","floor":49,"key":"SMITH"},{"data":"Defragment","floor":52,"key":"SMITH"}],"circlet_count":0,"master_deck":["Defend_B+1","Zap","Dualcast","Cold Snap","Doom and Gloom+1","Lockon","Loop+1","Compile Driver","Defragment+1","Leap","Self Repair","Force Field","Fission+1","Hologram","Defragment+1","Defragment+1","Ball Lightning","Force Field","Undo+1","White Noise+1","Force Field","Glacier+1","Sunder","Electrodynamics","Buffer+1","Redo","Seek+1","Coolheaded+1","Heatsinks"],"relics":["Tiny House","Anchor","DataDisk","Happy Flower","Coffee Dripper","DollysMirror","Toy Ornithopter","Pen Nib","Regal Pillow","Red Mask","White Beast Statue","Busted Crown","Potion Belt","Symbiotic Virus","PreservedInsect","Meat on the Bone","Strawberry"],"acts_visited":["Exordium","TheCity","TheBeyond","TheEnding"],"potions_floor_usage":[6,23,29,55,55,55],"damage_taken":[{"damage":8,"enemies":"2 Louse","floor":1,"turns":3},{"damage":5,"enemies":"Jaw Worm","floor":3,"turns":4},{"damage":0,"enemies":"Small Slimes","floor":4,"turns":2},{"damage":4,"enemies":"Gremlin Nob","floor":6,"turns":3},{"damage":7,"enemies":"3 Sentries","floor":8,"turns":4},{"damage":3,"enemies":"Blue Slaver","floor":11,"turns":3},{"damage":4,"enemies":"2 Fungi Beasts","floor":13,"turns":3},{"damage":0,"enemies":"Looter","floor":14,"turns":4},{"damage":12,"enemies":"The Guardian","floor":16,"turns":8},{"damage":21,"enemies":"Shell Parasite","floor":18,"turns":5},{"damage":0,"enemies":"Chosen","floor":22,"turns":3},{"damage":23,"enemies":"Book of Stabbing","floor":23,"turns":4},{"damage":13,"enemies":"Gremlin Leader","floor":28,"turns":6},{"damage":39,"enemies":"Masked Bandits","floor":29,"turns":6},{"damage":0,"enemies":"Slavers","floor":30,"turns":4},{"damage":7,"enemies":"3 Cultists","floor":31,"turns":4},{"damage":0,"enemies":"Champ","floor":33,"turns":8},{"damage":0,"enemies":"Orb Walker","floor":35,"turns":3},{"damage":24,"enemies":"3 Darklings","floor":39,"turns":3},{"damage":0,"enemies":"Nemesis","floor":40,"turns":7},{"damage":0,"enemies":"Giant Head","floor":42,"turns":8},{"damage":0,"enemies":"Jaw Worm Horde","floor":45,"turns":3},{"damage":0,"enemies":"Sphere and 2 Shapes","floor":46,"turns":6},{"damage":6,"enemies":"Nemesis","floor":48,"turns":7},{"damage":27,"enemies":"Donu and Deca","floor":50,"turns":8},{"damage":8,"enemies":"Shield and Spear","floor":54,"turns":7},{"damage":37,"enemies":"The Heart","floor":55,"turns":13}],"seed_played":"6874080248535195222","potions_obtained":[{"floor":0,"key":"LiquidBronze"},{"floor":4,"key":"Weak Potion"},{"floor":11,"key":"DuplicationPotion"},{"floor":13,"key":"SpeedPotion"},{"floor":31,"key":"Explosive Potion"},{"floor":33,"key":"EssenceOfDarkness"},{"floor":35,"key":"Weak Potion"},{"floor":48,"key":"FairyPotion"}],"is_trial":false,"path_per_floor":["M","?","M","M","$","E","R","E","T","R","M","?","M","M","R","B",null,"M","$","?","?","M","E","R","?","T","$","E","?","E","M","R","B",null,"M","?","?","$","M","E","R","E","T","R","M","M","?","E","R","B",null,"R","$","E","B",null],"character_chosen":"DEFECT","items_purchased":["Loop","DollysMirror","Defragment","White Noise","Potion Belt","GamblersBrew","Energy Potion","Redo","Heatsinks"],"campfire_rested":0,"item_purchase_floors":[5,19,19,27,38,38,38,38,53],"current_hp_per_floor":[72,65,60,60,60,56,56,49,49,49,46,46,42,49,49,44,80,66,66,66,66,66,50,50,50,50,50,44,17,24,17,17,24,80,80,70,70,70,46,53,53,60,60,60,60,67,67,68,68,48,76,76,76,82,58],"gold":50,"neow_bonus":"BOSS_RELIC","is_daily":false,"chose_seed":false,"campfire_upgraded":8,"win_rate":0.0,"timestamp":1613979741,"path_taken":["M","?","M","M","$","E","R","E","T","R","M","?","M","M","R","BOSS","M","$","?","?","M","E","R","?","T","?","E","?","E","M","R","BOSS","M","?","?","$","M","E","R","E","T","R","M","M","?","E","R","BOSS","R","$","E","BOSS"],"items_purchased_type":["Card","Relic","Card","Card","Relic","Potion","Potion","Card","Card"],"build_version":"2020-12-22","purchased_purges":3,"victory":true,"max_hp_per_floor":[80,80,80,80,80,80,80,80,80,80,80,80,80,80,80,80,80,80,80,80,80,80,80,80,80,80,80,80,80,80,80,80,80,80,80,80,80,80,80,80,80,80,80,80,80,80,76,76,76,76,76,76,76,83,83],"relic_stats":{"Regal Pillow":0,"Busted Crown":22,"Happy Flower":[41],"counters":[27,137],"Pen Nib":[12],"PreservedInsect":115,"obtain_stats":[{"Potion Belt":38,"Regal Pillow":28,"Tiny House":0,"Happy Flower":9,"Pen Nib":26,"PreservedInsect":42,"White Beast Statue":30,"Anchor":6,"DataDisk":8,"Busted Crown":34,"DollysMirror":19,"Strawberry":54,"Coffee Dripper":17,"Red Mask":29,"Cracked Core":0,"Symbiotic Virus":40,"Toy Ornithopter":23,"Meat on the Bone":48},{"Potion Belt":18,"Regal Pillow":13,"Tiny House":0,"Happy Flower":5,"Pen Nib":12,"PreservedInsect":21,"White Beast Statue":15,"Anchor":4,"DataDisk":5,"Busted Crown":17,"DollysMirror":10,"Strawberry":26,"Coffee Dripper":9,"Red Mask":14,"Cracked Core":0,"Symbiotic Virus":20,"Toy Ornithopter":12,"Meat on the Bone":24},{"Potion Belt":76,"Regal Pillow":52,"Tiny House":0,"Happy Flower":16,"Pen Nib":46,"PreservedInsect":94,"White Beast Statue":62,"Anchor":12,"DataDisk":16,"Busted Crown":73,"DollysMirror":39,"Strawberry":124,"Coffee Dripper":34,"Red Mask":58,"Cracked Core":0,"Symbiotic Virus":86,"Toy Ornithopter":46,"Meat on the Bone":109}],"Toy Ornithopter":11,"Meat on the Bone":0},"card_choices":[{"not_picked":["Steam","Coolheaded"],"picked":"Cold Snap","floor":0},{"not_picked":["Streamline","Compile Driver"],"picked":"Doom and Gloom","floor":1},{"not_picked":["Turbo","Go for the Eyes","Chaos"],"picked":"SKIP","floor":3},{"not_picked":["Fusion","Cold Snap"],"picked":"Lockon","floor":4},{"not_picked":["Meteor Strike","Leap"],"picked":"Compile Driver","floor":6},{"not_picked":["Undo","Sunder"],"picked":"Defragment","floor":8},{"not_picked":["Gash","Chaos"],"picked":"Leap","floor":11},{"not_picked":["Leap","Turbo"],"picked":"Self Repair","floor":13},{"not_picked":["Redo","Steam"],"picked":"Force Field","floor":14},{"not_picked":["Hyperbeam","Meteor Strike"],"picked":"Fission","floor":16},{"not_picked":["Cold Snap","Streamline"],"picked":"Hologram","floor":18},{"not_picked":["Cold Snap","Ball Lightning"],"picked":"Undo+1","floor":22},{"not_picked":["Recycle","Turbo","Leap"],"picked":"SKIP","floor":23},{"not_picked":["Gash","Doom and Gloom"],"picked":"Force Field","floor":28},{"not_picked":["Compile Driver","Capacitor"],"picked":"Glacier+1","floor":29},{"not_picked":["Hologram","Turbo"],"picked":"Sunder","floor":30},{"not_picked":["Stack","Lockon+1"],"picked":"Electrodynamics","floor":31},{"not_picked":["Creative AI","Biased Cognition"],"picked":"Buffer","floor":33},{"not_picked":["Go for the Eyes"],"picked":"SKIP","floor":35},{"not_picked":["Rebound+1"],"picked":"SKIP","floor":39},{"not_picked":["Ball Lightning"],"picked":"SKIP","floor":40},{"not_picked":[],"picked":"Seek","floor":42},{"not_picked":[],"picked":"Coolheaded+1","floor":45},{"not_picked":["Cold Snap"],"picked":"SKIP","floor":46},{"not_picked":["Barrage"],"picked":"SKIP","floor":48},{"not_picked":["Turbo+1"],"picked":"SKIP","floor":54}],"player_experience":1835945,"relics_obtained":[{"floor":6,"key":"Anchor"},{"floor":8,"key":"DataDisk"},{"floor":9,"key":"Happy Flower"},{"floor":23,"key":"Toy Ornithopter"},{"floor":26,"key":"Pen Nib"},{"floor":28,"key":"Regal Pillow"},{"floor":29,"key":"Red Mask"},{"floor":30,"key":"White Beast Statue"},{"floor":40,"key":"Symbiotic Virus"},{"floor":42,"key":"PreservedInsect"},{"floor":48,"key":"Meat on the Bone"},{"floor":54,"key":"Strawberry"}],"event_choices":[{"cards_removed":["Defend_B"],"damage_healed":0,"gold_gain":0,"player_choice":"Card Removal","damage_taken":7,"max_hp_gain":0,"max_hp_loss":0,"event_name":"Golden Wing","floor":2,"gold_loss":0},{"cards_removed":["Strike_B"],"damage_healed":0,"gold_gain":0,"player_choice":"Card Removal","damage_taken":0,"max_hp_gain":0,"max_hp_loss":0,"event_name":"The Cleric","floor":12,"gold_loss":50},{"damage_healed":0,"gold_gain":0,"player_choice":"Ignored","damage_taken":0,"max_hp_gain":0,"max_hp_loss":0,"event_name":"Vampires","floor":20,"gold_loss":0},{"damage_healed":0,"gold_gain":0,"cards_transformed":["Defend_B","Strike_B"],"player_choice":"Became Test Subject","damage_taken":0,"max_hp_gain":0,"max_hp_loss":0,"event_name":"Drug Dealer","floor":21,"gold_loss":0,"cards_obtained":["Ball Lightning","Force Field"]},{"damage_healed":0,"gold_gain":0,"player_choice":"Simplicity","damage_taken":0,"max_hp_gain":0,"max_hp_loss":0,"event_name":"Back to Basics","floor":25,"gold_loss":0,"cards_upgraded":["Defend_B","Defend_B"]},{"damage_healed":0,"gold_gain":0,"player_choice":"Fought Bandits","damage_taken":0,"max_hp_gain":0,"max_hp_loss":0,"event_name":"Masked Bandits","floor":29,"gold_loss":0},{"damage_healed":0,"gold_gain":0,"player_choice":"Memory 3","damage_taken":10,"max_hp_gain":0,"max_hp_loss":0,"event_name":"SensoryStone","floor":36,"gold_loss":0},{"damage_healed":0,"gold_gain":222,"player_choice":"Wore Mask","damage_taken":0,"max_hp_gain":0,"max_hp_loss":0,"event_name":"Tomb of Lord Red Mask","floor":37,"gold_loss":0},{"damage_healed":0,"gold_gain":0,"player_choice":"Max HP","damage_taken":0,"max_hp_gain":0,"max_hp_loss":4,"event_name":"Winding Halls","floor":47,"gold_loss":0}],"is_beta":false,"boss_relics":[{"not_picked":["SacredBark","Astrolabe"],"picked":"Coffee Dripper"},{"not_picked":["Philosopher\u0027s Stone","Black Star"],"picked":"Busted Crown"}],"items_purged_floors":[5,38,53],"is_endless":false,"potions_floor_spawned":[4,11,13,14,18,31,33,35,39,40,42,45,46,48,54],"ascension_level":2}}