{"host":"11728qvdvolffudn","time":1613986186,"event":{"mods":["BaseMod","Block Reminder","Colored Powertips","Curses Come First","Custom Start","Displayed Cursed Tome","Highlight Path","Minty Spire (QoL Compilation)","Permanent Neow","Quick Restart","Rare Cards Sparkle","Relic Stats","StSLib","Weighted Paths"],"gold_per_floor":[116,116,142,156,106,106,147,147,172,195,215,244,244,265,265,395,395,408,408,408,408],"floor_reached":20,"language":"ENG","playtime":711,"items_purged":[],"score":215,"play_id":"cacbd609-4764-4ad7-b6a3-356778b00089","local_time":"20210222092946","is_ascension_mode":true,"campfire_choices":[{"data":"Rampage","floor":6,"key":"SMITH"},{"data":"Defend_R","floor":8,"key":"SMITH"},{"floor":15,"key":"REST"}],"circlet_count":0,"master_deck":["Strike_R","Strike_R","Strike_R","Defend_R+1","Defend_R","Defend_R","Defend_R","Bash","Limit Break","Rampage+1","Pummel","Inflame","Regret","Flex","CurseOfTheBell"],"relics":["Burning Blood","Golden Idol","Dream Catcher","Centennial Puzzle","Anchor","Odd Mushroom","Lantern","Calling Bell","Pen Nib","The Courier","Magic Flower","CultistMask"],"acts_visited":["Exordium","TheCity"],"potions_floor_usage":[12,14,16,16],"damage_taken":[{"damage":5,"enemies":"2 Louse","floor":1,"turns":4},{"damage":13,"enemies":"Jaw Worm","floor":4,"turns":5},{"damage":39,"enemies":"Lagavulin","floor":7,"turns":7},{"damage":0,"enemies":"Small Slimes","floor":10,"turns":4},{"damage":5,"enemies":"3 Louse","floor":11,"turns":4},{"damage":0,"enemies":"The Mushroom Lair","floor":12,"turns":3},{"damage":10,"enemies":"2 Fungi Beasts","floor":14,"turns":3},{"damage":40,"enemies":"The Guardian","floor":16,"turns":10},{"damage":48,"enemies":"Spheric Guardian","floor":18,"turns":6},{"damage":0,"enemies":"2 Thieves","floor":20,"turns":1}],"seed_played":"-7056352606269984211","potions_obtained":[{"floor":4,"key":"Explosive Potion"},{"floor":7,"key":"Weak Potion"},{"floor":11,"key":"ElixirPotion"},{"floor":14,"key":"GamblersBrew"},{"floor":18,"key":"SkillPotion"}],"is_trial":false,"path_per_floor":["M","?","T","M","?","R","E","R","T","M","M","?","?","M","R","B",null,"M","?","M"],"character_chosen":"IRONCLAD","items_purchased":[],"campfire_rested":1,"item_purchase_floors":[],"current_hp_per_floor":[80,60,60,53,53,53,20,20,20,26,27,33,33,29,53,19,65,26,26,26,26],"gold":408,"neow_bonus":"TRANSFORM_CARD","is_daily":false,"chose_seed":false,"campfire_upgraded":2,"win_rate":0.0,"timestamp":1613986186,"path_taken":["M","?","?","M","?","R","E","R","T","M","M","?","?","M","R","BOSS","M","?","?"],"items_purchased_type":[],"build_version":"2020-12-22","purchased_purges":0,"victory":false,"max_hp_per_floor":[80,80,80,80,80,80,80,80,80,80,80,80,80,80,80,80,80,80,80,80,80],"relic_stats":{"Dream Catcher":1,"Centennial Puzzle":[12],"counters":[10,47],"Golden Idol":59,"Magic Flower":[3],"Pen Nib":[0],"obtain_stats":[{"Calling Bell":17,"Dream Catcher":3,"Centennial Puzzle":7,"Anchor":9,"Lantern":13,"Golden Idol":2,"Magic Flower":17,"Pen Nib":17,"The Courier":17,"CultistMask":19,"Odd Mushroom":12,"Burning Blood":0},{"Calling Bell":8,"Dream Catcher":1,"Centennial Puzzle":3,"Anchor":3,"Lantern":6,"Golden Idol":1,"Magic Flower":8,"Pen Nib":8,"The Courier":8,"CultistMask":9,"Odd Mushroom":6,"Burning Blood":0},{"Calling Bell":40,"Dream Catcher":4,"Centennial Puzzle":16,"Anchor":16,"Lantern":27,"Golden Idol":4,"Magic Flower":40,"Pen Nib":40,"The Courier":40,"CultistMask":46,"Odd Mushroom":27,"Burning Blood":0}],"Burning Blood":56},"card_choices":[{"not_picked":["Anger","Flame Barrier","Sentinel"],"picked":"SKIP","floor":1},{"not_picked":["Clash","Power Through"],"picked":"Rampage","floor":4},{"not_picked":["Dual Wield","Hemokinesis","Dropkick"],"picked":"SKIP","floor":7},{"not_picked":["Clothesline","Spot Weakness"],"picked":"Pummel","floor":10},{"not_picked":["Blood for Blood","Thunderclap"],"picked":"Inflame","floor":11},{"not_picked":["Power Through","Entrench","Heavy Blade"],"picked":"SKIP","floor":14},{"not_picked":["Carnage","Inflame"],"picked":"Flex","floor":15},{"not_picked":["Thunderclap","Infernal Blade+1","Carnage"],"picked":"SKIP","floor":18}],"player_experience":226388,"relics_obtained":[{"floor":3,"key":"Dream Catcher"},{"floor":7,"key":"Centennial Puzzle"},{"floor":9,"key":"Anchor"},{"floor":12,"key":"Odd Mushroom"},{"floor":17,"key":"Pen Nib"},{"floor":17,"key":"The Courier"},{"floor":17,"key":"Magic Flower"}],"event_choices":[{"damage_healed":0,"gold_gain":0,"player_choice":"Take Damage","damage_taken":20,"relics_obtained":["Golden Idol"],"max_hp_gain":0,"max_hp_loss":0,"event_name":"Golden Idol","floor":2,"gold_loss":0},{"cards_removed":["Strike_R"],"damage_healed":0,"gold_gain":0,"player_choice":"Card Removal","damage_taken":0,"max_hp_gain":0,"max_hp_loss":0,"event_name":"The Cleric","floor":5,"gold_loss":50},{"damage_healed":0,"gold_gain":0,"player_choice":"Fought Mushrooms","damage_taken":0,"max_hp_gain":0,"max_hp_loss":0,"event_name":"Mushrooms","floor":12,"gold_loss":0},{"damage_healed":0,"gold_gain":0,"player_choice":"Box","damage_taken":0,"relics_obtained":["Lantern"],"max_hp_gain":0,"max_hp_loss":0,"event_name":"Big Fish","floor":13,"gold_loss":0,"cards_obtained":["Regret"]},{"damage_healed":0,"gold_gain":0,"player_choice":"Trade","damage_taken":0,"relics_obtained":["CultistMask"],"max_hp_gain":0,"max_hp_loss":0,"event_name":"FaceTrader","floor":19,"gold_loss":0}],"is_beta":false,"boss_relics":[{"not_picked":["Sozu","Busted Crown"],"picked":"Calling Bell"}],"items_purged_floors":[],"is_endless":false,"potions_floor_spawned":[4,7,11,14,18],"killed_by":"2 Thieves","ascension_level":5}}