{"host":"gjwzgdilc53yxmt0","time":1613962923,"event":{"mods":["2.2 Compatiblity","BaseMod","Bestiary","Highlight Path","Minty Spire (QoL Compilation)","Relic Stats","StSLib","ojb\u0027s Info Mod"],"gold_per_floor":[115,127,127,73,73,99,99,129,155,155,155,180,180,213,213,213,213],"floor_reached":16,"language":"ENG","playtime":807,"items_purged":[],"score":298,"play_id":"f5f1fdb5-548e-4876-9419-a27ab459126b","local_time":"20210221220203","is_ascension_mode":true,"campfire_choices":[{"floor":7,"key":"REST"},{"floor":15,"key":"REST"}],"circlet_count":0,"master_deck":["AscendersBane","Strike_G","Strike_G","Defend_G","Defend_G","Defend_G","Defend_G","Defend_G","Survivor","Neutralize","Dagger Spray","Quick Slash","Blade Dance","Blur","Dagger Throw","Wraith Form v2","Underhanded Strike"],"relics":["Ring of the Snake","Strawberry","Juzu Bracelet","Happy Flower","PreservedInsect","Question Card","Omamori","Paper Crane"],"acts_visited":["Exordium"],"potions_floor_usage":[6,12,14],"damage_taken":[{"damage":0.0,"enemies":"Jaw Worm","floor":1.0,"turns":6.0},{"damage":0.0,"enemies":"2 Louse","floor":2.0,"turns":3.0},{"damage":28,"enemies":"Lagavulin","floor":6,"turns":7},{"damage":27,"enemies":"3 Sentries","floor":8,"turns":8},{"damage":0,"enemies":"Gremlin Nob","floor":12,"turns":3},{"damage":7,"enemies":"3 Sentries","floor":14,"turns":6},{"damage":41,"enemies":"Slime Boss","floor":16,"turns":8}],"seed_played":"-2289071271500358448","potions_obtained":[{"floor":2.0,"key":"Swift Potion"},{"floor":8,"key":"Poison Potion"}],"is_trial":false,"path_per_floor":["M","M","?","$","?","E","R","E","T","?","?","E","?","E","R","B"],"character_chosen":"THE_SILENT","items_purchased":["FearPotion"],"campfire_rested":2,"item_purchase_floors":[4],"current_hp_per_floor":[66,66,66,66,66,38,59,32,32,32,25,25,25,18,39,0,0],"gold":213,"neow_bonus":"RANDOM_COMMON_RELIC","is_daily":false,"chose_seed":false,"campfire_upgraded":0,"win_rate":0.0,"timestamp":1613962923,"path_taken":["M","M","?","$","?","E","R","E","T","?","?","E","?","E","R","BOSS"],"items_purchased_type":["Potion"],"build_version":"2020-12-22","purchased_purges":0,"victory":false,"max_hp_per_floor":[73,73,73,73,73,73,73,73,73,73,73,73,73,73,73,73,73],"relic_stats":{"Happy Flower":[5],"counters":[7,41],"PreservedInsect":55,"Juzu Bracelet":1,"Question Card":1,"obtain_stats":[{"Happy Flower":8,"Strawberry":0,"PreservedInsect":9,"Juzu Bracelet":6,"Omamori":13,"Paper Crane":14,"Question Card":12,"Ring of the Snake":0},{"Happy Flower":4,"Strawberry":0,"PreservedInsect":4,"Juzu Bracelet":3,"Omamori":5,"Paper Crane":6,"Question Card":5,"Ring of the Snake":0},{"Happy Flower":24,"Strawberry":0,"PreservedInsect":24,"Juzu Bracelet":16,"Omamori":27,"Paper Crane":33,"Question Card":27,"Ring of the Snake":0}],"Ring of the Snake":[14]},"card_choices":[{"not_picked":["Deflect","Concentrate"],"picked":"Dagger Spray","floor":1.0},{"not_picked":["Eviscerate","Choke"],"picked":"Flying Knee","floor":2.0},{"not_picked":["Calculated Gamble","Poisoned Stab"],"picked":"Blade Dance","floor":6},{"not_picked":["PiercingWail","Backflip"],"picked":"Blur","floor":8},{"not_picked":["Cloak And Dagger","Flying Knee"],"picked":"Wraith Form v2","floor":12},{"not_picked":["Skewer","Flying Knee","Quick Slash"],"picked":"Underhanded Strike","floor":14}],"player_experience":4972970,"relics_obtained":[{"floor":6,"key":"Juzu Bracelet"},{"floor":8,"key":"Happy Flower"},{"floor":9,"key":"PreservedInsect"},{"floor":12,"key":"Question Card"},{"floor":14,"key":"Paper Crane"}],"event_choices":[{"damage_healed":0.0,"max_hp_gain":0.0,"max_hp_loss":0.0,"gold_gain":0.0,"cards_transformed":["Strike_G"],"event_name":"Living Wall","player_choice":"Change","floor":3.0,"gold_loss":0.0,"damage_taken":0.0,"cards_obtained":["Quick Slash"]},{"damage_healed":0.0,"max_hp_gain":0.0,"max_hp_loss":0.0,"gold_gain":0.0,"event_name":"Liars Game","player_choice":"Ignored","floor":5.0,"gold_loss":0.0,"damage_taken":0.0},{"damage_healed":0,"gold_gain":0,"cards_transformed":["Strike_G"],"player_choice":"Transformed","damage_taken":0,"max_hp_gain":0,"max_hp_loss":0,"event_name":"Transmorgrifier","floor":10,"gold_loss":0,"cards_obtained":["Dagger Throw"]},{"cards_removed":["Strike_G"],"damage_healed":0,"gold_gain":0,"player_choice":"Card Removal","damage_taken":7,"max_hp_gain":0,"max_hp_loss":0,"event_name":"Golden Wing","floor":11,"gold_loss":0},{"cards_removed":["Flying Knee"],"damage_healed":0,"gold_gain":0,"player_choice":"Gave Card","damage_taken":0,"relics_obtained":["Omamori"],"max_hp_gain":0,"max_hp_loss":0,"event_name":"WeMeetAgain","floor":13,"gold_loss":0}],"is_beta":false,"boss_relics":[],"items_purged_floors":[],"is_endless":false,"potions_floor_spawned":[2,8],"killed_by":"Slime Boss","ascension_level":20}}