{"host":"kn32u0f2pym5bozc","time":1613991488,"event":{"mods":["2.2 Compatiblity","BaseMod","Bestiary","Better Third Choice","Minty Spire (QoL Compilation)","Permanent Neow","Relic Stats","StSLib","The Animator"],"gold_per_floor":[119,119,144,42,117,156,183,227,227,247,267,280,21,55,55,190,190,206,219,44,143,243,243,264,302,302,302,320,338,354,392,392,523,523,548,562,562,586,611,611,659,671,710,771,816,828,840,858,504,504,504,522],"floor_reached":53,"language":"ENG","playtime":5048,"items_purged":["animator:Strike","animator:Strike"],"score":1247,"play_id":"b7e2326d-1a5f-4b4b-b41c-e14fddef45d8","local_time":"20210222055808","is_ascension_mode":true,"campfire_choices":[{"data":"animator:DolaCouronne","floor":15.0,"key":"SMITH"},{"data":"animator:AcuraShin","floor":23.0,"key":"SMITH"},{"data":"animator:KrulTepes","floor":27.0,"key":"SMITH"},{"floor":32.0,"key":"REST"},{"floor":40.0,"key":"REST"},{"floor":42.0,"key":"RECALL"},{"floor":51.0,"key":"REST"}],"circlet_count":0,"master_deck":["AscendersBane","animator:Strike_AccelWorld+1","animator:Defend_AccelWorld","animator:Strike","animator:Defend","animator:Defend","animator:Defend+1","animator:Kuroyukihime+1","animator:LimeBell","animator:KrulTepes+1","animator:Verdia","animator:Mitsurugi","animator:Mitsuba","animator:Sebas","animator:Emonzaemon","animator:Hans+1","animator:CrowleyEusford","animator:Lancer","animator:Kazuma","animator:Souei","animator:DolaCouronne+1","animator:HiiragiShinya","animator:AcuraShin+1","animator:Kaijin+1","animator:Elsword","animator:Shuna","animator:Shichika","animator:Viivi","animator:Demiurge","animator:Yoichi","animator:IzunaHatsuse","animator:Greed+1","animator:EmiyaShirou","animator:RinTohsaka","animator:HigakiRinne","animator:Shichika","animator:Chris+1","animator:Gillette","animator:Darkness+1","animator:Kagari+1"],"relics":["animator:LivingPicture","animator:TheMissingPiece","animator:PurgingStone","NeowsBlessing","Bloody Idol","Frozen Egg 2","Happy Flower","War Paint","Lee\u0027s Waffle","CloakClasp","Black Star","Gambling Chip","Mercury Hourglass","Red Skull","Juzu Bracelet","animator:HallowedScabbard","Fusion Hammer","MawBank","Smiling Mask","PreservedInsect","animator:ExquisiteBloodVial","Art of War","Vajra"],"acts_visited":["Exordium","TheCity","TheBeyond"],"potions_floor_usage":[52,52],"damage_taken":[{"damage":0.0,"enemies":"Small Slimes","floor":1.0,"turns":2.0},{"damage":0.0,"enemies":"Jaw Worm","floor":3.0,"turns":1.0},{"damage":0.0,"enemies":"Lagavulin","floor":6.0,"turns":2.0},{"damage":0.0,"enemies":"Cultist","floor":7.0,"turns":4.0},{"damage":18.0,"enemies":"Gremlin Nob","floor":8.0,"turns":6.0},{"damage":3.0,"enemies":"2 Fungi Beasts","floor":10.0,"turns":4.0},{"damage":6.0,"enemies":"Exordium Thugs","floor":11.0,"turns":4.0},{"damage":4.0,"enemies":"Exordium Wildlife","floor":12.0,"turns":4.0},{"damage":2.0,"enemies":"3 Sentries","floor":14.0,"turns":10.0},{"damage":15.0,"enemies":"The Guardian","floor":16.0,"turns":10.0},{"damage":7.0,"enemies":"Spheric Guardian","floor":18.0,"turns":5.0},{"damage":4.0,"enemies":"Chosen","floor":19.0,"turns":4.0},{"damage":21.0,"enemies":"Shelled Parasite and Fungi","floor":24.0,"turns":6.0},{"damage":3.0,"enemies":"Gremlin Leader","floor":25.0,"turns":7.0},{"damage":20.0,"enemies":"Chosen and Byrds","floor":28.0,"turns":6.0},{"damage":13.0,"enemies":"Centurion and Healer","floor":29.0,"turns":6.0},{"damage":18.0,"enemies":"Shelled Parasite and Fungi","floor":30.0,"turns":4.0},{"damage":7.0,"enemies":"animator:HornedBat","floor":31.0,"turns":5.0},{"damage":40.0,"enemies":"Champ","floor":33.0,"turns":9.0},{"damage":16.0,"enemies":"3 Shapes","floor":35.0,"turns":7.0},{"damage":0.0,"enemies":"Orb Walker","floor":36.0,"turns":4.0},{"damage":44.0,"enemies":"Transient","floor":38.0,"turns":5.0},{"damage":0.0,"enemies":"Sphere and 2 Shapes","floor":39.0,"turns":3.0},{"damage":0.0,"enemies":"Nemesis","floor":41.0,"turns":9.0},{"damage":15.0,"enemies":"Reptomancer","floor":44.0,"turns":6.0},{"damage":3.0,"enemies":"Spire Growth","floor":45.0,"turns":7.0},{"damage":31.0,"enemies":"animator:KrulTepes","floor":48.0,"turns":12.0},{"damage":84,"enemies":"Awakened One","floor":52,"turns":20}],"seed_played":"4715510099854818653","potions_obtained":[{"floor":7.0,"key":"SmokeBomb"},{"floor":8.0,"key":"SkillPotion"},{"floor":11.0,"key":"SneckoOil"},{"floor":12.0,"key":"FearPotion"},{"floor":14.0,"key":"DuplicationPotion"},{"floor":25.0,"key":"PowerPotion"},{"floor":29.0,"key":"SmokeBomb"},{"floor":30.0,"key":"Swift Potion"},{"floor":36.0,"key":"Dexterity Potion"},{"floor":41.0,"key":"Fruit Juice"},{"floor":44.0,"key":"FearPotion"},{"floor":45.0,"key":"animator:FalseLifePotion"}],"is_trial":false,"path_per_floor":["M","?","M","$","?","E","M","E","T","M","M","M","$","E","R","B",null,"M","M","$","?","?","R","M","E","T","R","M","M","M","E","R","B",null,"M","M","?","M","M","R","E","R","T","E","M","R","R","M","$","?","R","B",null],"character_chosen":"THE_ANIMATOR","items_purchased":["animator:Mitsurugi","animator:Mitsuba","animator:Souei","animator:DolaCouronne","Lee\u0027s Waffle","animator:GrowthPotion","Vajra","animator:Darkness+1","animator:Kagari+1"],"campfire_rested":3,"item_purchase_floors":[4,4,13,13,13,20,49,49,49],"current_hp_per_floor":[59,43,43,43,32,32,34,18,18,19,17,17,73,71,71,58,69,66,68,68,68,68,68,52,56,56,56,43,36,24,23,45,23,62,64,72,63,31,39,61,69,69,69,72,77,77,77,59,59,59,80,54],"gold":522,"neow_bonus":"THREE_ENEMY_KILL","is_daily":false,"chose_seed":false,"campfire_upgraded":3,"win_rate":0.0,"timestamp":1613991488,"path_taken":["M","?","M","$","?","E","M","E","T","M","M","M","?","E","R","BOSS","M","M","$","?","?","R","M","E","T","R","M","M","M","E","R","BOSS","M","M","?","M","M","R","E","R","T","E","M","R","$","?","R","BOSS"],"items_purchased_type":["Card","Card","Card","Card","Relic","Potion","Relic","Card","Card"],"build_version":"2020-12-22","purchased_purges":2,"victory":true,"max_hp_per_floor":[66,66,66,66,66,66,66,66,66,66,66,66,73,73,73,73,73,73,73,73,73,73,73,73,74,74,74,75,75,75,75,75,75,75,75,75,75,75,75,75,75,75,75,80,80,80,80,80,80,80,80,83],"relic_stats":{"Lee\u0027s Waffle":56,"Happy Flower":[52],"counters":[28,172],"PreservedInsect":61,"CloakClasp":[317],"Juzu Bracelet":0,"War Paint":["animator:Kuroyukihime","animator:Defend"],"MawBank":96,"Smiling Mask":50,"Mercury Hourglass":[383],"Bloody Idol":10,"Gambling Chip":[45],"Black Star":4,"Art of War":[4],"obtain_stats":[{"animator:TheMissingPiece":0,"Vajra":49,"CloakClasp":14,"Juzu Bracelet":31,"Smiling Mask":41,"Blood Vial":6,"animator:PurgingStone":0,"Gambling Chip":25,"Fusion Hammer":34,"animator:HallowedScabbard":31,"Red Skull":26,"Lee\u0027s Waffle":13,"NeowsBlessing":0,"Happy Flower":8,"Golden Idol":2,"PreservedInsect":43,"Frozen Egg 2":6,"War Paint":9,"MawBank":41,"Mercury Hourglass":25,"animator:ExquisiteBloodVial":44,"Bloody Idol":50,"animator:LivingPicture":0,"Black Star":17,"Art of War":44},{"animator:TheMissingPiece":0,"Vajra":27,"CloakClasp":9,"Juzu Bracelet":18,"Smiling Mask":24,"Blood Vial":3,"animator:PurgingStone":0,"Gambling Chip":14,"Fusion Hammer":19,"animator:HallowedScabbard":18,"Red Skull":14,"Lee\u0027s Waffle":8,"NeowsBlessing":0,"Happy Flower":5,"Golden Idol":1,"PreservedInsect":24,"Frozen Egg 2":3,"War Paint":5,"MawBank":24,"Mercury Hourglass":14,"animator:ExquisiteBloodVial":25,"Bloody Idol":27,"animator:LivingPicture":0,"Black Star":10,"Art of War":25},{"animator:TheMissingPiece":0,"Vajra":152,"CloakClasp":37,"Juzu Bracelet":90,"Smiling Mask":127,"Blood Vial":5,"animator:PurgingStone":0,"Gambling Chip":69,"Fusion Hammer":99,"animator:HallowedScabbard":90,"Red Skull":69,"Lee\u0027s Waffle":27,"NeowsBlessing":0,"Happy Flower":15,"Golden Idol":2,"PreservedInsect":127,"Frozen Egg 2":5,"War Paint":15,"MawBank":127,"Mercury Hourglass":69,"animator:ExquisiteBloodVial":133,"Bloody Idol":152,"animator:LivingPicture":0,"Black Star":47,"Art of War":133}]},"card_choices":[{"not_picked":["animator:Demiurge","animator:HighElfArcher"],"picked":"animator:KrulTepes","floor":1.0},{"not_picked":["animator:HighElfArcher","animator:Layla"],"picked":"animator:Verdia","floor":3.0},{"not_picked":["animator:ChaikaBohdan","animator:Cocytus"],"picked":"animator:Sebas","floor":6.0},{"not_picked":["animator:TsurugaMeisai","animator:Hitei+1"],"picked":"animator:Emonzaemon","floor":7.0},{"not_picked":["animator:Nanami","animator:SwordMaiden"],"picked":"animator:Hans+1","floor":8.0},{"not_picked":["animator:TukaLunaMarceau","animator:Mikaela"],"picked":"animator:CrowleyEusford","floor":10.0},{"not_picked":["animator:Genos","animator:Shion"],"picked":"animator:Lancer","floor":11.0},{"not_picked":["animator:Megumin","animator:Darkness+1"],"picked":"animator:Kazuma","floor":12.0},{"not_picked":["animator:DolaRiku","animator:Yoichi"],"picked":"animator:HiiragiShinya","floor":14.0},{"not_picked":["animator:Father","animator:Greed+1"],"picked":"animator:AcuraShin","floor":16.0},{"not_picked":["animator:RinTohsaka+1","animator:Mitsuba+1"],"picked":"animator:Kaijin+1","floor":18.0},{"not_picked":["animator:Demiurge","animator:Tyuule"],"picked":"animator:Elsword","floor":19.0},{"not_picked":["animator:Benimaru","animator:Shion"],"picked":"animator:Shuna","floor":24.0},{"not_picked":["animator:Layla","animator:Witch"],"picked":"animator:Shichika","floor":25.0},{"not_picked":["animator:Benimaru+1","animator:ElricEdward"],"picked":"animator:Viivi","floor":28.0},{"not_picked":["animator:Shuna","animator:Caster"],"picked":"animator:Demiurge","floor":29.0},{"not_picked":["animator:Mitsuba","animator:Mikaela"],"picked":"animator:Yoichi","floor":30.0},{"not_picked":["animator:Guren","animator:Aqua"],"picked":"animator:IzunaHatsuse","floor":31.0},{"not_picked":["animator:GoblinSlayer","animator:Guren"],"picked":"animator:Greed+1","floor":33.0},{"not_picked":["animator:Togame","animator:Entoma+1"],"picked":"animator:EmiyaShirou","floor":35.0},{"not_picked":["animator:Rena","animator:AcuraTooru"],"picked":"animator:RinTohsaka","floor":36.0},{"not_picked":["animator:Togame","animator:Nanami"],"picked":"animator:Shichika","floor":38.0},{"not_picked":["animator:Elsword","animator:Rena"],"picked":"animator:Chris+1","floor":39.0},{"not_picked":["animator:Cocytus","animator:Lancer+1","animator:YaoHaDucy"],"picked":"SKIP","floor":41.0},{"not_picked":["animator:Konayuki","animator:Togame","animator:Viivi"],"picked":"SKIP","floor":44.0},{"not_picked":["animator:AcuraTooru","animator:Viivi"],"picked":"animator:Gillette","floor":45.0}],"player_experience":950091,"relics_obtained":[{"floor":6.0,"key":"Blood Vial"},{"floor":6.0,"key":"Frozen Egg 2"},{"floor":8.0,"key":"Blood Vial"},{"floor":8.0,"key":"Happy Flower"},{"floor":9.0,"key":"War Paint"},{"floor":14.0,"key":"Blood Vial"},{"floor":14.0,"key":"CloakClasp"},{"floor":25.0,"key":"Gambling Chip"},{"floor":25.0,"key":"Mercury Hourglass"},{"floor":26.0,"key":"Red Skull"},{"floor":31.0,"key":"Blood Vial"},{"floor":31.0,"key":"Juzu Bracelet"},{"floor":31.0,"key":"animator:HallowedScabbard"},{"floor":41.0,"key":"Blood Vial"},{"floor":41.0,"key":"MawBank"},{"floor":41.0,"key":"Smiling Mask"},{"floor":43.0,"key":"PreservedInsect"},{"floor":44.0,"key":"animator:ExquisiteBloodVial"},{"floor":44.0,"key":"Art of War"},{"floor":44.0,"key":"Blood Vial"}],"event_choices":[{"damage_healed":0.0,"max_hp_gain":0.0,"max_hp_loss":0.0,"gold_gain":0.0,"event_name":"Golden Idol","player_choice":"Take Damage","floor":2.0,"gold_loss":0.0,"damage_taken":16.0,"relics_obtained":["Golden Idol"]},{"damage_healed":0.0,"max_hp_gain":0.0,"max_hp_loss":0.0,"gold_gain":75.0,"event_name":"betterThird:BetterGoop","player_choice":"Gold","floor":5.0,"gold_loss":0.0,"damage_taken":11.0},{"damage_healed":0.0,"max_hp_gain":0.0,"max_hp_loss":0.0,"gold_gain":99.0,"event_name":"betterThird:BetterNest","player_choice":"Steal","floor":21.0,"gold_loss":0.0,"damage_taken":0.0},{"damage_healed":0.0,"max_hp_gain":0.0,"max_hp_loss":0.0,"gold_gain":100.0,"event_name":"Golden Shrine","player_choice":"Pray","floor":22.0,"gold_loss":0.0,"damage_taken":0.0},{"damage_healed":0.0,"max_hp_gain":0.0,"max_hp_loss":0.0,"gold_gain":0.0,"event_name":"Winding Halls","player_choice":"Embrace Madness","floor":37.0,"gold_loss":0.0,"damage_taken":9.0,"cards_obtained":["animator:HigakiRinne"]},{"damage_healed":0.0,"max_hp_gain":0.0,"max_hp_loss":0.0,"gold_gain":0.0,"event_name":"betterThird:BetterPortal","player_choice":"Random: Violet","floor":50.0,"gold_loss":0.0,"damage_taken":0.0},{"damage_healed":0.0,"max_hp_gain":0.0,"max_hp_loss":0.0,"gold_gain":0.0,"event_name":"Forgotten Altar","player_choice":"Gave Idol","floor":50.0,"relics_lost":["Golden Idol"],"gold_loss":0.0,"damage_taken":0.0,"relics_obtained":["Bloody Idol"]}],"is_beta":false,"boss_relics":[{"not_picked":["animator:CrumblingOrb","Philosopher\u0027s Stone"],"picked":"Black Star"},{"not_picked":["SacredBark","animator:RacePiece"],"picked":"Fusion Hammer"}],"items_purged_floors":[20,49],"is_endless":false,"potions_floor_spawned":[7,8,11,12,14,25,29,30,36,41,44,45],"ascension_level":10}}