{"host":"abdxwahegzejqccj","time":1613980450,"event":{"mods":["BaseMod","Better Note","BetterRewards","Colored Powertips","Downfall","Hermit","Minty Spire (QoL Compilation)","StSLib","The Cursed"],"gold_per_floor":[116,116,128,128,53,85,85,116,143,143,172,192,63,97,97,192,192,206,224,124,138,138,138,163,163,186,198,233,252,282,299,299,299,299],"floor_reached":33,"language":"ENG","playtime":1107,"items_purged":["Regret","Strike_R"],"score":480,"play_id":"76a18bc6-2b7a-4592-86ea-a1cac63af2b9","local_time":"20210222185410","is_ascension_mode":true,"campfire_choices":[{"data":"Body Slam","floor":7,"key":"SMITH"},{"data":"Bash","floor":10,"key":"SMITH"},{"data":"Armaments","floor":15,"key":"SMITH"},{"data":"Feed","floor":23,"key":"SMITH"},{"data":"Shrug It Off","floor":25,"key":"SMITH"},{"data":"Juggernaut","floor":32,"key":"SMITH"}],"circlet_count":0,"master_deck":["Strike_R","Strike_R","Strike_R","Strike_R","Defend_R","Defend_R","Defend_R","Defend_R","Bash+1","Body Slam+1","Cleave","Shrug It Off+1","Dropkick","Twin Strike","Fire Breathing","Armaments+1","Iron Wave","Fire Breathing","Feed+1","Iron Wave","Iron Wave","Thunderclap","Juggernaut+1","Uppercut+1","Feed"],"relics":["Burning Blood","StrikeDummy","Happy Flower","Juzu Bracelet","Akabeko","Bag of Marbles","Blood Vial","Orichalcum","Mark of Pain","MealTicket","PreservedInsect","Ornamental Fan","Tiny Chest"],"acts_visited":["Exordium","TheCity"],"potions_floor_usage":[14,14,22,24,24,27,33,33],"damage_taken":[{"damage":7,"enemies":"Jaw Worm","floor":1,"turns":3},{"damage":3,"enemies":"Cultist","floor":3,"turns":2},{"damage":26,"enemies":"Gremlin Nob","floor":6,"turns":4},{"damage":27,"enemies":"Lagavulin","floor":8,"turns":6},{"damage":2,"enemies":"Gremlin Nob","floor":11,"turns":3},{"damage":0,"enemies":"2 Louse","floor":12,"turns":1},{"damage":17,"enemies":"Lagavulin","floor":14,"turns":4},{"damage":49,"enemies":"The Guardian","floor":16,"turns":10},{"damage":6,"enemies":"2 Thieves","floor":18,"turns":3},{"damage":9,"enemies":"Shell Parasite","floor":19,"turns":3},{"damage":19,"enemies":"Snake Plant","floor":21,"turns":3},{"damage":33,"enemies":"Book of Stabbing","floor":24,"turns":5},{"damage":0,"enemies":"Snecko","floor":27,"turns":2},{"damage":0,"enemies":"Slavers","floor":28,"turns":2},{"damage":3,"enemies":"Centurion and Healer","floor":29,"turns":7},{"damage":6,"enemies":"Book of Stabbing","floor":30,"turns":3},{"damage":4,"enemies":"Snake Plant","floor":31,"turns":3},{"damage":112,"enemies":"Automaton","floor":33,"turns":10}],"seed_played":"2332971420677887360","potions_obtained":[{"floor":8,"key":"SpeedPotion"},{"floor":12,"key":"BlessingOfTheForge"},{"floor":16,"key":"DuplicationPotion"},{"floor":18,"key":"Weak Potion"},{"floor":21,"key":"bronze:BurnAndBuffPotion"},{"floor":22,"key":"Fruit Juice"},{"floor":22,"key":"Swift Potion"},{"floor":27,"key":"Dexterity Potion"},{"floor":31,"key":"PowerPotion"}],"is_trial":false,"path_per_floor":["M","?","M","T","$","E","R","E","T","R","E","M","$","E","R","B",null,"M","M","$","M","?","R","E","R","T","M","E","M","E","M","R","B"],"character_chosen":"IRONCLAD","items_purchased":["Fire Breathing","Armaments","Iron Wave"],"campfire_rested":0,"item_purchase_floors":[13,13,13],"current_hp_per_floor":[87,87,88,88,88,68,68,47,47,47,51,59,59,50,50,9,88,91,88,88,77,82,82,61,61,61,73,85,94,96,100,100,0,0],"gold":299,"neow_bonus":"TEN_PERCENT_HP_BONUS","is_daily":false,"chose_seed":false,"campfire_upgraded":6,"win_rate":0.0,"timestamp":1613980450,"path_taken":["M","?","M","?","$","E","R","E","T","R","E","M","$","E","R","BOSS","M","M","$","M","?","R","E","R","T","M","E","M","E","M","R","BOSS"],"items_purchased_type":["Card","Card","Card"],"build_version":"2020-12-22","purchased_purges":2,"victory":false,"max_hp_per_floor":[88,88,88,88,88,88,88,88,88,88,88,88,88,88,88,88,88,91,91,91,91,96,96,100,100,100,104,108,112,112,112,112,112,112],"card_choices":[{"not_picked":["Twin Strike","Seeing Red"],"picked":"Body Slam","floor":1},{"not_picked":["Evolve","Clothesline"],"picked":"Cleave","floor":3},{"not_picked":["Anger","Sword Boomerang"],"picked":"Shrug It Off","floor":6},{"not_picked":["Headbutt","Wild Strike","Power Through"],"picked":"SKIP","floor":8},{"not_picked":["Havoc","Reaper"],"picked":"Dropkick","floor":11},{"not_picked":["Flame Barrier","Bloodletting"],"picked":"Twin Strike","floor":12},{"not_picked":["Havoc","Shrug It Off"],"picked":"Fire Breathing","floor":14},{"not_picked":["Exhume","Impervious"],"picked":"Feed","floor":16},{"not_picked":["Flex","Body Slam"],"picked":"Iron Wave","floor":18},{"not_picked":["Havoc","Twin Strike"],"picked":"Iron Wave","floor":19},{"not_picked":["Iron Wave","Armaments+1"],"picked":"Thunderclap","floor":21},{"not_picked":["Warcry","Headbutt","Anger"],"picked":"SKIP","floor":24},{"not_picked":["Reckless Charge","Clothesline+1"],"picked":"Juggernaut","floor":27},{"not_picked":["Sentinel","Shrug It Off","Flame Barrier"],"picked":"SKIP","floor":28},{"not_picked":["Flex+1","Pummel"],"picked":"Uppercut+1","floor":29},{"not_picked":["Headbutt","Iron Wave+1","Dual Wield+1"],"picked":"SKIP","floor":30},{"not_picked":["Cleave+1","Armaments"],"picked":"Feed","floor":31}],"player_experience":414554,"relics_obtained":[{"floor":4,"key":"Happy Flower"},{"floor":6,"key":"Juzu Bracelet"},{"floor":8,"key":"Akabeko"},{"floor":9,"key":"Bag of Marbles"},{"floor":11,"key":"Blood Vial"},{"floor":14,"key":"Orichalcum"},{"floor":24,"key":"MealTicket"},{"floor":26,"key":"PreservedInsect"},{"floor":28,"key":"Ornamental Fan"},{"floor":30,"key":"Tiny Chest"}],"event_choices":[{"damage_healed":0,"gold_gain":0,"player_choice":"Box","damage_taken":0,"relics_obtained":["StrikeDummy"],"max_hp_gain":0,"max_hp_loss":0,"event_name":"Big Fish","floor":2,"gold_loss":0,"cards_obtained":["Regret"]},{"damage_healed":0,"gold_gain":0,"player_choice":"Got Potions","damage_taken":0,"max_hp_gain":0,"max_hp_loss":0,"event_name":"Lab","floor":22,"gold_loss":0}],"is_beta":false,"boss_relics":[{"not_picked":["Cursed Key","Black Star"],"picked":"Mark of Pain"}],"items_purged_floors":[5,20],"is_endless":false,"potions_floor_spawned":[8,12,16,18,21,27,31],"killed_by":"Automaton","ascension_level":4}}