{"host":"cjhtzh7tp54jdfyv","time":1613986287,"event":{"mods":["AchievementEnabler","BaseMod","Colored Map","Colored Powertips","Curses Come First","DeckTracker","Filter the Spire","Minty Spire (QoL Compilation)","RNG Fix","Relic Sorter","Relic Stats","StSLib","UnlockEverythingMod","ojb\u0027s Better Paths Mod","ojb\u0027s Info Mod"],"gold_per_floor":[114,125,85,85,105,105,105,136,136,161,161,177,209,228,228,307,307,317,257,274,299,315,315,349,349,349,365,392,166,192,20,20,93,93,104,120,342,157,177,210,222,222,222,82,112,112,131,150,150,150,150,150,150,16,41,41],"floor_reached":57,"language":"ENG","playtime":4390,"items_purged":["ReachHeaven","CarveReality","FollowUp","FlurryOfBlows","EmptyFist"],"score":3380,"play_id":"0f0a0cb1-3e73-4040-bf5c-5cd865884cf9","local_time":"20210222043127","is_ascension_mode":true,"campfire_choices":[{"data":"Eruption","floor":6,"key":"SMITH"},{"data":"CrushJoints","floor":11,"key":"SMITH"},{"data":"Adaptation","floor":15,"key":"SMITH"},{"data":"Vengeance","floor":23,"key":"SMITH"},{"data":"Vengeance","floor":25,"key":"SMITH"},{"data":"Master of Strategy","floor":32,"key":"SMITH"},{"data":"Adaptation","floor":46,"key":"SMITH"},{"floor":49,"key":"RECALL"},{"floor":53,"key":"REST"}],"circlet_count":0,"master_deck":["AscendersBane","Eruption+1","Vigilance+1","DevaForm+1","Vengeance+1","Vengeance+1","CrushJoints+1","InnerPeace+1","FearNoEvil+1","Adaptation+1","EmptyMind+1","Vault+1","Master of Strategy+1","Adaptation+1","Adaptation+1","Sanctity+1","Crescendo+1"],"relics":["Pandora\u0027s Box","The Courier","Gremlin Horn","HornCleat","InkBottle","Philosopher\u0027s Stone","Red Mask","Pen Nib","Pantograph","Regal Pillow","VioletLotus","Toxic Egg 2","Bottled Tornado","Potion Belt","Centennial Puzzle","Eternal Feather"],"acts_visited":["Exordium","TheCity","TheBeyond","TheEnding"],"potions_floor_usage":[8,21,56],"damage_taken":[{"damage":12,"enemies":"Small Slimes","floor":1,"turns":3},{"damage":12,"enemies":"Jaw Worm","floor":2,"turns":2},{"damage":6,"enemies":"2 Louse","floor":5,"turns":2},{"damage":2,"enemies":"3 Sentries","floor":8,"turns":3},{"damage":12,"enemies":"Lagavulin","floor":10,"turns":4},{"damage":11,"enemies":"Exordium Thugs","floor":12,"turns":2},{"damage":16,"enemies":"3 Sentries","floor":13,"turns":3},{"damage":0,"enemies":"Large Slime","floor":14,"turns":2},{"damage":0,"enemies":"Slime Boss","floor":16,"turns":3},{"damage":0,"enemies":"Spheric Guardian","floor":18,"turns":2},{"damage":22,"enemies":"Shell Parasite","floor":20,"turns":2},{"damage":0,"enemies":"Masked Bandits","floor":21,"turns":3},{"damage":0,"enemies":"Sentry and Sphere","floor":22,"turns":2},{"damage":0,"enemies":"Gremlin Leader","floor":24,"turns":2},{"damage":0,"enemies":"Cultist and Chosen","floor":27,"turns":3},{"damage":15,"enemies":"Book of Stabbing","floor":28,"turns":3},{"damage":0,"enemies":"Gremlin Leader","floor":30,"turns":3},{"damage":0,"enemies":"Champ","floor":33,"turns":3},{"damage":0,"enemies":"3 Darklings","floor":35,"turns":2},{"damage":0,"enemies":"3 Shapes","floor":36,"turns":2},{"damage":0,"enemies":"Maw","floor":39,"turns":2},{"damage":0,"enemies":"Reptomancer","floor":40,"turns":2},{"damage":0,"enemies":"Writhing Mass","floor":41,"turns":3},{"damage":0,"enemies":"Nemesis","floor":45,"turns":2},{"damage":0,"enemies":"Jaw Worm Horde","floor":47,"turns":2},{"damage":0,"enemies":"Maw","floor":48,"turns":2},{"damage":0,"enemies":"Awakened One","floor":50,"turns":3},{"damage":1,"enemies":"Time Eater","floor":51,"turns":3},{"damage":0,"enemies":"Shield and Spear","floor":55,"turns":2},{"damage":8,"enemies":"The Heart","floor":56,"turns":5}],"seed_played":"-3413013455812909697","potions_obtained":[{"floor":3,"key":"Ambrosia"},{"floor":3,"key":"SneckoOil"},{"floor":13,"key":"GamblersBrew"},{"floor":20,"key":"Regen Potion"},{"floor":22,"key":"Explosive Potion"},{"floor":27,"key":"FairyPotion"},{"floor":28,"key":"SteroidPotion"},{"floor":33,"key":"DistilledChaos"},{"floor":47,"key":"Explosive Potion"},{"floor":55,"key":"Explosive Potion"}],"is_trial":false,"path_per_floor":["M","M","?","?","M","R","?","E","T","E","R","M","E","M","R","B",null,"M","$","M","?","M","R","E","R","T","M","E","$","E","$","R","B",null,"M","M","?","$","M","E","M","?","T","$","E","R","M","M","R","B","B",null,"R","$","E","B",null],"character_chosen":"WATCHER","items_purchased":["Master of Strategy","LessonLearned","Adaptation","Centennial Puzzle"],"campfire_rested":1,"item_purchase_floors":[29,31,38,54],"current_hp_per_floor":[49,37,37,68,62,62,55,53,53,41,41,30,14,14,14,14,55,55,55,33,42,42,42,42,42,42,42,27,27,27,27,27,52,64,64,64,64,64,64,64,64,64,64,64,64,64,64,64,64,68,67,68,68,68,68,60],"gold":41,"neow_bonus":"BOSS_RELIC","is_daily":false,"chose_seed":false,"campfire_upgraded":7,"win_rate":0.0,"timestamp":1613986287,"path_taken":["M","M","?","?","M","R","?","E","T","E","R","M","E","M","R","BOSS","M","$","M","?","M","R","E","R","T","?","E","$","E","?","R","BOSS","M","M","?","$","M","E","M","?","T","$","E","R","M","M","R","BOSS","BOSS","R","$","E","BOSS"],"items_purchased_type":["Card","Card","Card","Relic"],"build_version":"2020-12-22","purchased_purges":5,"victory":true,"max_hp_per_floor":[68,68,68,68,68,68,68,68,68,68,68,68,68,68,68,68,68,68,68,68,68,68,68,68,68,68,68,68,68,68,68,68,68,68,68,68,68,68,68,68,68,68,68,68,68,68,68,68,68,68,68,68,68,68,68,68],"relic_stats":{"Regal Pillow":0,"Centennial Puzzle":[3],"Gremlin Horn":[23,23],"counters":[30,77],"Pantograph":29,"Pandora\u0027s Box":["DevaForm","Vengeance","Vengeance","CarveReality","CrushJoints","Fasting2","ReachHeaven","Fasting2"],"Eternal Feather":0,"Pen Nib":[33],"VioletLotus":[209],"obtain_stats":[{"Potion Belt":45,"Regal Pillow":30,"Gremlin Horn":9,"Eternal Feather":55,"The Courier":8,"Pen Nib":24,"Bottled Tornado":43,"Centennial Puzzle":54,"HornCleat":10,"Pantograph":28,"Pandora\u0027s Box":0,"Philosopher\u0027s Stone":17,"VioletLotus":34,"Red Mask":21,"PureWater":0,"Toxic Egg 2":40,"InkBottle":13},{"Potion Belt":24,"Regal Pillow":17,"Gremlin Horn":4,"Eternal Feather":29,"The Courier":4,"Pen Nib":14,"Bottled Tornado":23,"Centennial Puzzle":28,"HornCleat":5,"Pantograph":16,"Pandora\u0027s Box":0,"Philosopher\u0027s Stone":9,"VioletLotus":18,"Red Mask":12,"PureWater":0,"Toxic Egg 2":22,"InkBottle":7},{"Potion Belt":60,"Regal Pillow":44,"Gremlin Horn":10,"Eternal Feather":72,"The Courier":10,"Pen Nib":35,"Bottled Tornado":58,"Centennial Puzzle":70,"HornCleat":14,"Pantograph":41,"Pandora\u0027s Box":0,"Philosopher\u0027s Stone":24,"VioletLotus":47,"Red Mask":31,"PureWater":0,"Toxic Egg 2":55,"InkBottle":19}],"InkBottle":[64]},"card_choices":[{"not_picked":["Vengeance","BowlingBash"],"picked":"EmptyFist","floor":1},{"not_picked":["Crescendo","CutThroughFate"],"picked":"FollowUp","floor":2},{"not_picked":["Halt","CrushJoints"],"picked":"FlurryOfBlows","floor":5},{"not_picked":["ForeignInfluence","FlyingSleeves"],"picked":"InnerPeace","floor":8},{"not_picked":["PathToVictory","Sanctity"],"picked":"FearNoEvil","floor":10},{"not_picked":["Prostrate","ForeignInfluence"],"picked":"Adaptation","floor":12},{"not_picked":["FlyingSleeves","EmptyFist","Conclude"],"picked":"SKIP","floor":13},{"not_picked":["CutThroughFate","EmptyFist","WheelKick"],"picked":"SKIP","floor":14},{"not_picked":["BowlingBash","Prostrate","Study"],"picked":"SKIP","floor":18},{"not_picked":["ClearTheMind","InnerPeace","Vengeance"],"picked":"SKIP","floor":20},{"not_picked":["WreathOfFlame","Wallop","Crescendo"],"picked":"SKIP","floor":22},{"not_picked":["Crescendo","WreathOfFlame+1"],"picked":"EmptyMind+1","floor":24},{"not_picked":["Collect","Vengeance","ClearTheMind"],"picked":"SKIP","floor":27},{"not_picked":["Consecrate","JustLucky"],"picked":"Vault","floor":28},{"not_picked":["SashWhip","Protect","CutThroughFate"],"picked":"SKIP","floor":30},{"not_picked":["SandsOfTime","JustLucky","Halt+1"],"picked":"SKIP","floor":35},{"not_picked":["SandsOfTime","JustLucky","Halt+1"],"picked":"SKIP","floor":35},{"not_picked":["MentalFortress","SashWhip+1","PathToVictory"],"picked":"SKIP","floor":36},{"not_picked":["SashWhip","EmptyMind","Protect"],"picked":"SKIP","floor":39},{"not_picked":["FlurryOfBlows","InnerPeace+1","WaveOfTheHand+1"],"picked":"SKIP","floor":40},{"not_picked":["Evaluate+1","Ragnarok"],"picked":"Adaptation+1","floor":41},{"not_picked":["Prostrate+1","JustLucky","ClearTheMind+1"],"picked":"SKIP","floor":45},{"not_picked":["CutThroughFate","SignatureMove","SashWhip"],"picked":"SKIP","floor":47},{"not_picked":["SashWhip","Prostrate+1"],"picked":"Sanctity+1","floor":48},{"not_picked":["Evaluate+1","DeceiveReality+1"],"picked":"Crescendo+1","floor":55}],"player_experience":5136980,"relics_obtained":[{"floor":8,"key":"The Courier"},{"floor":9,"key":"Gremlin Horn"},{"floor":10,"key":"HornCleat"},{"floor":13,"key":"InkBottle"},{"floor":21,"key":"Red Mask"},{"floor":24,"key":"Pen Nib"},{"floor":28,"key":"Pantograph"},{"floor":30,"key":"Regal Pillow"},{"floor":40,"key":"Toxic Egg 2"},{"floor":43,"key":"Bottled Tornado"},{"floor":45,"key":"Potion Belt"},{"floor":55,"key":"Eternal Feather"}],"event_choices":[{"damage_healed":0,"gold_gain":0,"player_choice":"Bought 3 Potions","damage_taken":0,"max_hp_gain":0,"max_hp_loss":0,"event_name":"The Woman in Blue","floor":3,"gold_loss":0},{"cards_removed":["Fasting2"],"damage_healed":31,"gold_gain":0,"player_choice":"Offered Uncommon","damage_taken":0,"max_hp_gain":0,"max_hp_loss":0,"event_name":"Bonfire Elementals","floor":4,"gold_loss":0},{"cards_removed":["Fasting2"],"damage_healed":0,"gold_gain":0,"player_choice":"Card Removal","damage_taken":7,"max_hp_gain":0,"max_hp_loss":0,"event_name":"Golden Wing","floor":7,"gold_loss":0},{"damage_healed":0,"gold_gain":0,"player_choice":"Fought Bandits","damage_taken":0,"max_hp_gain":0,"max_hp_loss":0,"event_name":"Masked Bandits","floor":21,"gold_loss":0},{"damage_healed":0,"gold_gain":222,"player_choice":"Wore Mask","damage_taken":0,"max_hp_gain":0,"max_hp_loss":0,"event_name":"Tomb of Lord Red Mask","floor":37,"gold_loss":0},{"cards_removed":["LessonLearned"],"damage_healed":0,"gold_gain":0,"player_choice":"Removed Attack","damage_taken":0,"max_hp_gain":0,"max_hp_loss":0,"event_name":"Falling","floor":42,"gold_loss":0}],"is_beta":false,"boss_relics":[{"not_picked":["Ectoplasm","Sozu"],"picked":"Philosopher\u0027s Stone"},{"not_picked":["Empty Cage","SacredBark"],"picked":"VioletLotus"}],"items_purged_floors":[19,29,31,38,44],"is_endless":false,"potions_floor_spawned":[5,13,16,20,22,27,28,33,35,36,40,41,47,55],"ascension_level":20}}