{"host":"x05n69rv5q9mps34","time":1613965064,"event":{"mods":["AchievementEnabler","BaseMod","Colored Map","Minty Spire (QoL Compilation)","SuperFastMode"],"gold_per_floor":[118,118,118,132,152,152,184,194,194,213,254,275,301,301,301,405,405,430,430,71,90,115,156,156,175,208,208,51,71,71,97,97,193,193,216,27,27,43,72,72,81,81,113,162,189,189,189],"floor_reached":46,"language":"ENG","playtime":1865,"items_purged":["Strike_G","Normality"],"score":479,"play_id":"6ca15c03-d3c2-4452-80da-4592da2b96d1","local_time":"20210222003744","is_ascension_mode":false,"campfire_choices":[{"data":"Neutralize","floor":6,"key":"SMITH"},{"data":"Poisoned Stab","floor":15,"key":"SMITH"},{"data":"Backflip","floor":27,"key":"SMITH"},{"floor":32,"key":"REST"},{"data":"Bane","floor":40,"key":"SMITH"},{"floor":42,"key":"RECALL"}],"circlet_count":0,"master_deck":["Strike_G","Strike_G","Strike_G","Strike_G","Defend_G","Defend_G","Defend_G","Defend_G","Defend_G","Survivor","Neutralize+1","Deflect","Poisoned Stab","Blade Dance","Dagger Throw","Poisoned Stab","Backflip+1","Cloak And Dagger","Poisoned Stab+1","Acrobatics","Dodge and Roll","Bane+1","Slice","Dagger Spray","Bane+1","Blade Dance","Slice","Dagger Throw","Backflip","PiercingWail","Prepared","Blade Dance","Doubt","Doubt","Parasite"],"relics":["Sozu","Orichalcum","Ornamental Fan","CeramicFish","StoneCalendar","Cursed Key","HornCleat","Frozen Egg 2","Runic Pyramid","Akabeko","White Beast Statue","Smiling Mask","Mango"],"acts_visited":["Exordium","TheCity","TheBeyond"],"potions_floor_usage":[],"damage_taken":[{"damage":6,"enemies":"Jaw Worm","floor":1,"turns":4},{"damage":1,"enemies":"Small Slimes","floor":4,"turns":5},{"damage":0,"enemies":"2 Louse","floor":5,"turns":2},{"damage":10,"enemies":"3 Sentries","floor":7,"turns":9},{"damage":0,"enemies":"Exordium Thugs","floor":8,"turns":4},{"damage":4,"enemies":"Gremlin Gang","floor":10,"turns":5},{"damage":6,"enemies":"Gremlin Nob","floor":11,"turns":4},{"damage":0,"enemies":"Lots of Slimes","floor":12,"turns":5},{"damage":0,"enemies":"Looter","floor":13,"turns":2},{"damage":35,"enemies":"The Guardian","floor":16,"turns":10},{"damage":5,"enemies":"Shell Parasite","floor":18,"turns":5},{"damage":3,"enemies":"Spheric Guardian","floor":21,"turns":4},{"damage":1,"enemies":"Cultist and Chosen","floor":22,"turns":6},{"damage":33,"enemies":"Gremlin Leader","floor":23,"turns":9},{"damage":2,"enemies":"3 Cultists","floor":25,"turns":6},{"damage":0,"enemies":"Centurion and Healer","floor":29,"turns":5},{"damage":9,"enemies":"Sentry and Sphere","floor":31,"turns":5},{"damage":51,"enemies":"Automaton","floor":33,"turns":11},{"damage":0,"enemies":"Orb Walker","floor":35,"turns":3},{"damage":6,"enemies":"3 Darklings","floor":38,"turns":7},{"damage":12,"enemies":"Spire Growth","floor":39,"turns":5},{"damage":21,"enemies":"2 Orb Walkers","floor":44,"turns":6},{"damage":37,"enemies":"Writhing Mass","floor":45,"turns":7},{"damage":10,"enemies":"Maw","floor":46,"turns":5}],"seed_played":"5796884058296661313","potions_obtained":[],"is_trial":false,"path_per_floor":["M","?","?","M","M","R","E","M","T","M","E","M","M","?","R","B",null,"M","?","$","M","M","E","?","M","T","R","$","M","?","M","R","B",null,"M","$","?","M","M","R","T","R","T","?","M","M"],"character_chosen":"THE_SILENT","items_purchased":["HornCleat","Bane","Blade Dance","Slice","Akabeko","Prepared"],"campfire_rested":1,"item_purchase_floors":[20,20,28,28,36,36],"current_hp_per_floor":[64,64,64,63,63,63,53,53,53,49,43,43,43,43,43,8,70,65,65,65,62,61,28,51,49,49,49,49,49,49,40,61,10,70,70,70,70,64,52,52,52,52,52,45,8,0,0],"gold":189,"neow_bonus":"BOSS_RELIC","is_daily":false,"chose_seed":false,"campfire_upgraded":4,"win_rate":0.0,"timestamp":1613965064,"path_taken":["M","?","?","M","M","R","E","M","T","M","E","M","M","?","R","BOSS","M","?","$","?","?","E","?","M","T","R","$","M","?","M","R","BOSS","M","$","?","M","M","R","?","R","T","?","?","M"],"items_purchased_type":["Relic","Card","Card","Card","Relic","Card"],"build_version":"2020-12-22","purchased_purges":2,"victory":false,"max_hp_per_floor":[70,70,70,70,70,70,70,70,70,70,70,70,70,70,70,70,70,70,70,70,70,70,70,70,70,70,70,70,70,70,70,70,70,70,70,70,70,70,70,70,70,70,70,84,84,84,84],"card_choices":[{"not_picked":["Acrobatics","Masterful Stab"],"picked":"Deflect","floor":1},{"not_picked":["All Out Attack","Noxious Fumes"],"picked":"Poisoned Stab","floor":4},{"not_picked":["Underhanded Strike","Riddle With Holes"],"picked":"Blade Dance","floor":5},{"not_picked":["Catalyst","Infinite Blades"],"picked":"Dagger Throw","floor":7},{"not_picked":["Choke","Sucker Punch"],"picked":"Poisoned Stab","floor":8},{"not_picked":["Underhanded Strike","Accuracy"],"picked":"Backflip","floor":10},{"not_picked":["Footwork","Flying Knee"],"picked":"Cloak And Dagger","floor":11},{"not_picked":["Flying Knee","Setup"],"picked":"Poisoned Stab","floor":12},{"not_picked":["Crippling Poison","Expertise"],"picked":"Acrobatics","floor":13},{"not_picked":["Infinite Blades","Deadly Poison"],"picked":"Dodge and Roll","floor":18},{"not_picked":["All Out Attack+1","Caltrops+1","Poisoned Stab"],"picked":"SKIP","floor":21},{"not_picked":["Dash","Calculated Gamble+1"],"picked":"Slice","floor":22},{"not_picked":["Caltrops+1","Skewer"],"picked":"Dagger Spray","floor":23},{"not_picked":["Deflect+1","Calculated Gamble"],"picked":"Bane+1","floor":25},{"not_picked":["Deflect","Well Laid Plans+1"],"picked":"Dagger Throw","floor":29},{"not_picked":["PiercingWail+1","Poisoned Stab"],"picked":"Backflip","floor":31},{"not_picked":["Heel Hook","Sucker Punch+1"],"picked":"PiercingWail","floor":35},{"not_picked":["Eviscerate+1","Deadly Poison","Setup+1"],"picked":"SKIP","floor":38},{"not_picked":["Infinite Blades+1","All Out Attack+1"],"picked":"Blade Dance","floor":39},{"not_picked":["Skewer+1","Bouncing Flask","Tactician"],"picked":"SKIP","floor":45},{"not_picked":["Skewer+1","Bouncing Flask","Tactician"],"picked":"SKIP","floor":45}],"player_experience":1027310,"relics_obtained":[{"floor":7,"key":"Ornamental Fan"},{"floor":9,"key":"CeramicFish"},{"floor":11,"key":"StoneCalendar"},{"floor":23,"key":"Frozen Egg 2"},{"floor":41,"key":"White Beast Statue"},{"floor":43,"key":"Smiling Mask"},{"floor":44,"key":"Mango"}],"event_choices":[{"damage_healed":0,"gold_gain":0,"player_choice":"Box","damage_taken":0,"relics_obtained":["Orichalcum"],"max_hp_gain":0,"max_hp_loss":0,"event_name":"Big Fish","floor":2,"gold_loss":0,"cards_obtained":["Regret"]},{"damage_healed":0,"gold_gain":0,"player_choice":"Ignored","damage_taken":0,"max_hp_gain":0,"max_hp_loss":0,"event_name":"Liars Game","floor":3,"gold_loss":0},{"cards_removed":["Regret"],"damage_healed":0,"gold_gain":0,"player_choice":"Purged","damage_taken":0,"max_hp_gain":0,"max_hp_loss":0,"event_name":"Purifier","floor":14,"gold_loss":0},{"damage_healed":0,"gold_gain":0,"player_choice":"Got Potions","damage_taken":0,"max_hp_gain":0,"max_hp_loss":0,"event_name":"Lab","floor":19,"gold_loss":0},{"damage_healed":23,"gold_gain":0,"player_choice":"Heal","damage_taken":0,"max_hp_gain":0,"max_hp_loss":0,"event_name":"The Library","floor":24,"gold_loss":0},{"damage_healed":0,"gold_gain":0,"player_choice":"Ignored","damage_taken":0,"max_hp_gain":0,"max_hp_loss":0,"event_name":"N\u0027loth","floor":30,"gold_loss":0},{"damage_healed":0,"gold_gain":0,"player_choice":"Memory 1","damage_taken":0,"max_hp_gain":0,"max_hp_loss":0,"event_name":"SensoryStone","floor":37,"gold_loss":0},{"damage_healed":0,"gold_gain":0,"player_choice":"Fight","damage_taken":0,"max_hp_gain":0,"max_hp_loss":0,"event_name":"Mysterious Sphere","floor":44,"gold_loss":0}],"is_beta":false,"boss_relics":[{"not_picked":["Astrolabe","SacredBark"],"picked":"Cursed Key"},{"not_picked":["Tiny House","Busted Crown"],"picked":"Runic Pyramid"}],"items_purged_floors":[20,28],"is_endless":false,"potions_floor_spawned":[5,7,8,11,12,16,21,23,31,33,35,44,45],"killed_by":"Maw","ascension_level":0}}