{"host":"mzi5fmi0sxohsdsn","time":1613995138,"event":{"mods":["AchievementEnabler","BaseMod","DeckTracker","Filter the Spire","Minty Spire (QoL Compilation)","Quick Restart","Shop Mod","StSLib"],"gold_per_floor":[117,136,149,168,0,0,30,30,30,44,44,118,186,33,33,158,158,178,178,192,192,207,207,207,207],"floor_reached":24,"language":"RUS","playtime":2019,"items_purged":[],"score":196,"play_id":"8f0a4081-1555-445f-b73d-cc937ac13ced","local_time":"20210222185858","is_ascension_mode":false,"campfire_choices":[{"data":"CarveReality","floor":6.0,"key":"SMITH"},{"data":"WindmillStrike","floor":11.0,"key":"SMITH"},{"floor":15,"key":"REST"},{"data":"Protect","floor":23,"key":"SMITH"}],"circlet_count":0,"master_deck":["Strike_P","Strike_P","Strike_P","Defend_P","Defend_P","Defend_P","Defend_P","Eruption","Vigilance","Protect+1","Consecrate","ForeignInfluence","WindmillStrike+1","CarveReality+1","Bandage Up","ThirdEye","FearNoEvil","BattleHymn","DevaForm","CurseOfTheBell","EmptyBody+1","Consecrate+1","FollowUp+1"],"relics":["SacredBark","Potion Belt","Golden Idol","Yang","Question Card","Happy Flower","Calling Bell","Regal Pillow","Molten Egg 2","FossilizedHelix","Turnip"],"acts_visited":["Exordium","TheCity"],"potions_floor_usage":[12,12,16,16,24],"damage_taken":[{"damage":6.0,"enemies":"Small Slimes","floor":1.0,"turns":6.0},{"damage":0.0,"enemies":"2 Louse","floor":2.0,"turns":2.0},{"damage":6.0,"enemies":"Jaw Worm","floor":3.0,"turns":4.0},{"damage":5.0,"enemies":"Looter","floor":4.0,"turns":4.0},{"damage":30.0,"enemies":"3 Sentries","floor":7.0,"turns":6.0},{"damage":2.0,"enemies":"Blue Slaver","floor":10.0,"turns":5.0},{"damage":14,"enemies":"Lagavulin Event","floor":12,"turns":4},{"damage":31,"enemies":"The Guardian","floor":16,"turns":10},{"damage":8,"enemies":"Spheric Guardian","floor":18,"turns":5},{"damage":24,"enemies":"2 Thieves","floor":20,"turns":5},{"damage":9,"enemies":"Shelled Parasite and Fungi","floor":22,"turns":6},{"damage":47,"enemies":"Gremlin Leader","floor":24,"turns":5}],"seed_played":"-6684220566108176202","potions_obtained":[{"floor":2.0,"key":"LiquidBronze"},{"floor":7.0,"key":"SteroidPotion"},{"floor":10.0,"key":"ColorlessPotion"},{"floor":12,"key":"Weak Potion"},{"floor":20,"key":"LiquidBronze"}],"is_trial":false,"path_per_floor":["M","M","M","M","$","R","E","?","T","M","R","?","?","$","R","B",null,"M","?","M","?","M","R","E"],"character_chosen":"WATCHER","items_purchased":["CarveReality","Bandage Up","Happy Flower"],"campfire_rested":1,"item_purchase_floors":[5,5,14],"current_hp_per_floor":[66,66,60,55,55,55,29,29,29,31,31,21,21,21,41,14,67,63,63,43,43,38,38,0,0],"gold":207,"neow_bonus":"BOSS_RELIC","is_daily":false,"chose_seed":false,"campfire_upgraded":3,"win_rate":0.0,"timestamp":1613995138,"path_taken":["M","M","M","M","$","R","E","?","T","M","R","?","?","?","R","BOSS","M","?","M","?","M","R","E"],"items_purchased_type":["Card","Card","Relic"],"build_version":"2020-12-22","purchased_purges":0,"victory":false,"max_hp_per_floor":[72,72,72,72,72,72,72,67,67,67,67,67,67,67,67,67,67,67,67,67,67,67,67,67,67],"card_choices":[{"not_picked":["ClearTheMind","JustLucky"],"picked":"Protect","floor":1.0},{"not_picked":["CrushJoints","EmptyBody"],"picked":"Consecrate","floor":2.0},{"not_picked":["Vengeance","Weave"],"picked":"ForeignInfluence","floor":3.0},{"not_picked":["DeceiveReality","FlyingSleeves"],"picked":"WindmillStrike","floor":4.0},{"not_picked":["SandsOfTime","Wish"],"picked":"ThirdEye","floor":7.0},{"not_picked":["Fasting2","InnerPeace"],"picked":"FearNoEvil","floor":10.0},{"not_picked":["Prostrate","ClearTheMind"],"picked":"BattleHymn","floor":12},{"not_picked":["Alpha","Ragnarok","Judgement"],"picked":"DevaForm","floor":16},{"not_picked":["Conclude+1","Adaptation+1","Halt"],"picked":"EmptyBody+1","floor":18},{"not_picked":["WheelKick+1","BattleHymn","ClearTheMind+1"],"picked":"Consecrate+1","floor":20},{"not_picked":["WaveOfTheHand","ClearTheMind+1","LessonLearned+1"],"picked":"FollowUp+1","floor":22}],"player_experience":182642,"relics_obtained":[{"floor":7.0,"key":"Potion Belt"},{"floor":9.0,"key":"Yang"},{"floor":12,"key":"Question Card"},{"floor":17,"key":"Regal Pillow"},{"floor":17,"key":"Molten Egg 2"},{"floor":17,"key":"FossilizedHelix"}],"event_choices":[{"damage_healed":0.0,"max_hp_gain":0.0,"max_hp_loss":5.0,"gold_gain":0.0,"event_name":"Golden Idol","player_choice":"Lose Max HP","floor":8.0,"gold_loss":0.0,"damage_taken":0.0,"relics_obtained":["Golden Idol"]},{"damage_healed":0,"gold_gain":0,"player_choice":"Searched \u00272\u0027 times","damage_taken":0,"max_hp_gain":0,"max_hp_loss":0,"event_name":"Dead Adventurer","floor":12,"gold_loss":0},{"damage_healed":0,"gold_gain":68,"player_choice":"Gained Gold","damage_taken":0,"max_hp_gain":0,"max_hp_loss":0,"event_name":"Golden Wing","floor":13,"gold_loss":0},{"damage_healed":0,"gold_gain":0,"player_choice":"Opened","damage_taken":0,"relics_obtained":["Turnip"],"max_hp_gain":0,"max_hp_loss":0,"event_name":"The Mausoleum","floor":19,"gold_loss":0},{"cards_removed":["Strike_P"],"damage_healed":0,"gold_gain":0,"player_choice":"Elegance","damage_taken":0,"max_hp_gain":0,"max_hp_loss":0,"event_name":"Back to Basics","floor":21,"gold_loss":0}],"is_beta":false,"boss_relics":[{"not_picked":["VioletLotus","Fusion Hammer"],"picked":"Calling Bell"}],"items_purged_floors":[],"is_endless":false,"potions_floor_spawned":[2,7,10,12,20],"killed_by":"Gremlin Leader","ascension_level":0}}