{"host":"k4crn7o6x50xmhd2","time":1613960615,"event":{"mods":["AchievementEnabler","BaseMod","Better Skull","BetterRewards","Colored Powertips","Conspire","Curses Come First","Energized Spire","GifTheSpireLib","Minty Spire (QoL Compilation)","Potionbrewer","RatMod","Remove Card Discount Mod","Replay The Spire","Shop Mod","Spikes Relics","StSLib","Stuff the Spire","SuperFastMode","The Wild Card","Transform Curses","Virulent Crown"],"gold_per_floor":[117,135,187,187,29,29,29,204,204,304,8,27,27,40,40,141,141,156,25,25,0,0,0,0,0,26,44,80,80,105,118,118,118,118],"floor_reached":33,"language":"ENG","playtime":1493,"items_purged":["Wraith Form v2","Echo Form","potionbrewer:AlchemistForm","Doubt"],"score":229,"play_id":"fa19e7ce-f2da-47af-92a4-71070ea85204","local_time":"20210221212335","daily_mods":["Red Cards","Green Cards","Blue Cards","Heirloom","Time Dilation","Flight","Binary"],"is_ascension_mode":false,"campfire_choices":[{"floor":6,"key":"REST"},{"data":"Zap","floor":7,"key":"SMITH"},{"floor":13,"key":"REST"},{"floor":15,"key":"REST"},{"floor":23,"key":"REST"},{"floor":24,"key":"REST"},{"floor":25,"key":"REST"},{"floor":32,"key":"REST"}],"circlet_count":0,"master_deck":["Demon Form","DevaForm+1","Strike_B","Strike_B","Strike_B","Strike_B","Defend_B","Defend_B","Defend_B","Defend_B","Zap+1","Fluid Movement","Beam Cell","Anger+1","conspire:SharedLibrary+1","Run Through","Streamline","Electrodynamics+1","rat:SilverDagger+1","Clothesline+1","Quick Slash"],"relics":["Cracked Core","Shovel","potionbrewer:RamsHorn","MerchantsRug","potionbrewer:MortarAndPestle","HyperAlloy","Gremlin Food","ReplayFunnel","Dream Catcher","Centennial Puzzle"],"acts_visited":["Exordium","TheCity"],"potions_floor_usage":[18,33],"damage_taken":[{"damage":7,"enemies":"Cultist","floor":1,"turns":5},{"damage":4,"enemies":"conspire:RoseBush","floor":2,"turns":5},{"damage":8,"enemies":"2 Louse","floor":12,"turns":3},{"damage":10,"enemies":"conspire:2 RoseBushes","floor":14,"turns":4},{"damage":47,"enemies":"Hexaghost","floor":16,"turns":8},{"damage":57,"enemies":"3 Byrds","floor":18,"turns":7},{"damage":9,"enemies":"Chosen","floor":27,"turns":5},{"damage":20,"enemies":"3 Cultists","floor":31,"turns":5},{"damage":73,"enemies":"Automaton","floor":33,"turns":6}],"seed_played":"4212443863446395537","potions_obtained":[{"floor":1,"key":"potionbrewer:DiscountPotion"},{"floor":12,"key":"Dexterity Potion"},{"floor":18,"key":"Languid Potion"},{"floor":31,"key":"Fire Potion"}],"is_trial":true,"path_per_floor":["M","M","?","?","$","R","R","?","T","?","$","M","R","M","R","B",null,"M","$","?","?","?","R","R","R","T","M","$","?","T","M","R","B"],"character_chosen":"DEFECT","items_purchased":["MerchantsRug","HyperAlloy","Run Through","Gremlin Food","Omamori"],"campfire_rested":7,"item_purchase_floors":[5,11,11,19,19],"current_hp_per_floor":[68,64,34,34,34,56,56,56,56,56,56,48,70,60,75,28,75,18,18,18,18,18,40,62,75,75,66,66,66,66,46,68,0,0],"gold":118,"neow_bonus":"","is_daily":false,"chose_seed":false,"campfire_upgraded":1,"win_rate":0.0,"timestamp":1613960615,"path_taken":["M","?","?","?","?","R","R","?","T","?","$","M","R","?","R","BOSS","M","$","?","?","?","R","R","R","T","?","$","?","?","M","R","BOSS"],"items_purchased_type":["Relic","Relic","Card","Relic","Relic"],"build_version":"2020-12-22","purchased_purges":4,"victory":false,"max_hp_per_floor":[75,75,75,75,75,75,75,75,75,75,75,75,75,75,75,75,75,75,75,75,75,75,75,75,75,75,75,75,75,75,75,75,75,75],"card_choices":[{"not_picked":["StuffTheSpire:Incursion"],"picked":"Fluid Movement","floor":1},{"not_picked":["Tempest"],"picked":"Beam Cell","floor":2},{"not_picked":["Defy Death"],"picked":"Anger","floor":3},{"not_picked":["StuffTheSpire:Incantation","StuffTheSpire:Slingshot"],"picked":"SKIP","floor":12},{"not_picked":["Conserve Battery"],"picked":"Streamline","floor":14},{"not_picked":["Bludgeon"],"picked":"Electrodynamics","floor":16},{"not_picked":["Finisher"],"picked":"rat:SilverDagger","floor":18},{"not_picked":["Reprogram"],"picked":"Clothesline+1","floor":27},{"not_picked":["StuffTheSpire:ClusterCrunch","Panic Button+1"],"picked":"SKIP","floor":31},{"not_picked":["Redo+1"],"picked":"Quick Slash","floor":32}],"player_experience":724757,"relics_obtained":[{"floor":3,"key":"potionbrewer:RamsHorn"},{"floor":9,"key":"potionbrewer:MortarAndPestle"},{"floor":26,"key":"Dream Catcher"},{"floor":30,"key":"Centennial Puzzle"}],"event_choices":[{"damage_healed":0,"gold_gain":175,"player_choice":"AGREE","damage_taken":0,"max_hp_gain":0,"max_hp_loss":0,"event_name":"Liars Game","floor":8,"gold_loss":0,"cards_obtained":["Doubt"]},{"damage_healed":0,"gold_gain":100,"player_choice":"Pray","damage_taken":0,"max_hp_gain":0,"max_hp_loss":0,"event_name":"Golden Shrine","floor":10,"gold_loss":0},{"damage_healed":0,"gold_gain":0,"player_choice":"Smashed Altar","damage_taken":0,"max_hp_gain":0,"max_hp_loss":0,"event_name":"Forgotten Altar","floor":20,"gold_loss":0,"cards_obtained":["Decay"]},{"damage_healed":0,"gold_gain":0,"player_choice":"Paid Fearfully","damage_taken":0,"max_hp_gain":0,"max_hp_loss":0,"event_name":"Masked Bandits","floor":21,"gold_loss":25},{"damage_healed":0,"gold_gain":0,"player_choice":"Ignored","damage_taken":0,"max_hp_gain":0,"max_hp_loss":0,"event_name":"Ghosts","floor":29,"gold_loss":0}],"is_beta":false,"boss_relics":[{"not_picked":["Pandora\u0027s Box","conspire:SlowCooker"],"picked":"Inserter"}],"items_purged_floors":[5,5,5,11],"is_endless":false,"potions_floor_spawned":[1,12,18,31],"killed_by":"Automaton","ascension_level":0}}