{"host":"Luke","time":1613956812,"event":{"mods":["BaseMod","Downfall","Hermit","Minty Spire (QoL Compilation)","StSLib","The Exalted"],"gold_per_floor":[0,19,33,18,93,93,93,93,122,122,107,127,27,27,43,146,146,46,59,59,59,59,71,120,20,51,66,85,85,85,117,137,241,241,241,255,255,54,109,73,73,73,87,121,171,171,171,8,18,18,18,45,45,45,45,45,45,45],"floor_reached":56,"language":"ENG","playtime":3651,"items_purged":[],"score":807,"play_id":"a6d67c48-d3af-4102-9954-86f140ee29c4","local_time":"20210222012012","is_ascension_mode":false,"campfire_choices":[{"data":"Slimebound:Equalize","floor":1,"key":"SMITH"},{"data":"Slimebound:RollThrough","floor":6,"key":"SMITH"},{"floor":8,"key":"RECALL"},{"floor":13,"key":"REST"},{"floor":18,"key":"REST"},{"floor":25,"key":"REST"},{"floor":29,"key":"REST"},{"floor":35,"key":"REST"},{"floor":42,"key":"REST"},{"floor":47,"key":"REST"},{"floor":54,"key":"REST"}],"circlet_count":0,"master_deck":["Slimebound:Strike_Slimebound","Slimebound:Tackle","Slimebound:Defend_Slimebound","Slimebound:Defend_Slimebound","Slimebound:Defend_Slimebound","Slimebound:Split","Slimebound:CorrosiveSpit","Slimebound:Equalize+1","Slimebound:FinishingTackle","Slimebound:HauntingLick","Slimebound:FlameTackle","Slimebound:RollThrough+1","Slimebound:HungryTackle","Slimebound:Recycling","Slimebound:HauntingLick","Slimebound:SamplingLick","Slimebound:CheckThePlaybook","Slimebound:SplitLeeching","Slimebound:CheckThePlaybook","Slimebound:LeadByExample","Slimebound:TongueLash+1","Slimebound:RainOfGoop","Slimebound:SplitMire","Slimebound:SamplingLick+1","RitualDagger+1","Slimebound:GoopSpray+1","Slimebound:Chomp","Slimebound:RallyTheTroops","CurseOfTheBell","Sadistic Nature","Slimebound:ServeAndProtect","Slimebound:SplitBruiser+1","Slimebound:AcidTongue","Slimebound:GoopSpray+1","Slimebound:SplitMire+1","Slimebound:WasteNot","Slimebound:SplitMire+1"],"relics":["Slimebound:AbsorbEndCombat","downfall:HeartBlessingBlue","Bromod:ArcaneAvenger","Fusion Hammer","downfall:HeartBlessingGreen","downfall:RedIOU","PreservedInsect","downfall:HeartBlessingRed","InkBottle","Dead Branch","Bromod:ArcanePistoleer","Calling Bell","Ancient Tea Set","StrikeDummy","Lizard Tail","WingedGreaves","Bromod:ArcaneTrickery","Molten Egg 2","Turnip","Bromod:ArcaneGuardian","Bromod:ArcanePulse"],"acts_visited":["Exordium","TheCity","TheBeyond","TheEnding"],"potions_floor_usage":[9,16,19,31,32,33,43,50,56,56],"damage_taken":[{"damage":10,"enemies":"Cultist","floor":2,"turns":3},{"damage":1,"enemies":"Jaw Worm","floor":3,"turns":3},{"damage":20,"enemies":"downfall:FleeingMerchant","floor":4,"turns":4},{"damage":36,"enemies":"Lagavulin","floor":9,"turns":5},{"damage":21,"enemies":"downfall:FleeingMerchant","floor":11,"turns":4},{"damage":1,"enemies":"Small Slimes","floor":12,"turns":3},{"damage":15,"enemies":"2 Fungi Beasts","floor":15,"turns":3},{"damage":40,"enemies":"DF_ARCHETYPE_STREAMLINE","floor":16,"turns":6},{"damage":12,"enemies":"Shell Parasite","floor":19,"turns":3},{"damage":0,"enemies":"Spheric Guardian","floor":23,"turns":3},{"damage":18,"enemies":"Book of Stabbing","floor":26,"turns":3},{"damage":5,"enemies":"downfall:FleeingMerchant","floor":27,"turns":4},{"damage":15,"enemies":"Snake Plant","floor":28,"turns":2},{"damage":17,"enemies":"Slavers","floor":31,"turns":2},{"damage":6,"enemies":"Sentry and Sphere","floor":32,"turns":3},{"damage":0,"enemies":"WA_ARCHETYPE_CALM","floor":33,"turns":4},{"damage":13,"enemies":"3 Shapes","floor":36,"turns":3},{"damage":29,"enemies":"2 Orb Walkers","floor":39,"turns":3},{"damage":8,"enemies":"3 Darklings","floor":43,"turns":4},{"damage":6,"enemies":"Reptomancer","floor":44,"turns":4},{"damage":0,"enemies":"Reptomancer","floor":45,"turns":3},{"damage":1,"enemies":"Maw","floor":49,"turns":5},{"damage":25,"enemies":"SI_POISON_ARCHETYPE","floor":50,"turns":5},{"damage":15,"enemies":"downfall:CharBossMerchant","floor":52,"turns":3},{"damage":30,"enemies":"downfall:NeowBoss","floor":55,"turns":12},{"damage":132,"enemies":"downfall:NeowBossFinal","floor":56,"turns":8}],"seed_played":"5399336754871831399","potions_obtained":[{"floor":3,"key":"Energy Potion"},{"floor":15,"key":"Strength Potion"},{"floor":16,"key":"hexamod:SoulburnPotion"},{"floor":26,"key":"LiquidMemories"},{"floor":30,"key":"CultistPotion"},{"floor":32,"key":"Fruit Juice"},{"floor":33,"key":"Explosive Potion"},{"floor":39,"key":"sneckomod:MuddlingPotion"},{"floor":44,"key":"Slimebound:SpawnSlimePotion"},{"floor":52,"key":"LiquidMemories"}],"is_trial":false,"path_per_floor":["R","M","M","$","?","R","T","R","E","?","$","M","R","T","M","B",null,"R","M","?","?","?","M","T","R","E","$","M","R","?","E","M","B",null,"R","M","?","$","?","$","T","R","M","E","?","T","R","$","M","B",null,"E","$","R","B","B"],"character_chosen":"SLIMEBOUND","items_purchased":["Slimebound:SplitMire","Dead Branch","Sadistic Nature","Slimebound:ServeAndProtect","Slimebound:AcidTongue","Slimebound:WasteNot"],"campfire_rested":8,"item_purchase_floors":[27,27,38,38,40,48],"current_hp_per_floor":[65,55,65,51,51,51,51,51,33,33,24,39,71,71,58,35,75,75,75,49,49,49,59,59,75,59,62,65,75,75,74,80,80,80,80,73,73,73,48,48,48,72,72,74,78,78,80,80,79,62,80,68,68,80,70,0,0,0],"gold":45,"neow_bonus":"TRANSFORM_TWO_CARDS","is_daily":false,"chose_seed":false,"campfire_upgraded":2,"win_rate":0.0,"timestamp":1613956812,"path_taken":["R","M","M","$","?","R","T","R","E","?","$","M","R","?","M","BOSS","R","M","?","?","?","?","T","R","E","$","M","R","?","E","M","BOSS","R","M","?","$","?","?","T","R","?","E","?","?","R","$","M","BOSS","E","$","R","BOSS","BOSS"],"items_purchased_type":["Card","Relic","Card","Card","Card","Card"],"build_version":"2020-12-18","purchased_purges":0,"victory":false,"max_hp_per_floor":[65,65,65,65,65,65,65,65,65,65,65,65,75,75,75,75,75,75,75,75,75,75,75,75,75,75,75,75,75,75,75,80,80,80,80,80,80,80,80,80,80,80,80,80,80,80,80,80,80,80,80,80,80,80,80,80,80,80],"card_choices":[{"not_picked":["Slimebound:ItLooksTasty","Slimebound:SpikyOuterGoop"],"picked":"Slimebound:HauntingLick","floor":2},{"not_picked":["Slimebound:RejuvenatingLick","Slimebound:Dissolve"],"picked":"Slimebound:FlameTackle","floor":3},{"not_picked":["Slimebound:SplitLeeching","Slimebound:RejuvenatingLick"],"picked":"Slimebound:RollThrough","floor":4},{"not_picked":["Slimebound:FinishingTackle","Slimebound:LevelUp"],"picked":"Slimebound:HungryTackle","floor":9},{"not_picked":["Slimebound:SplitLeeching","Slimebound:DivideAndConquer"],"picked":"Slimebound:Recycling","floor":11},{"not_picked":["Slimebound:SplitLeeching","Slimebound:LeechEnergy"],"picked":"Slimebound:HauntingLick","floor":12},{"not_picked":["Slimebound:Dissolve","Slimebound:LevelUp"],"picked":"Slimebound:SamplingLick","floor":15},{"not_picked":["Slimebound:Recycling","Slimebound:SelfFormingGoo"],"picked":"Slimebound:CheckThePlaybook","floor":16},{"not_picked":["Slimebound:DivideAndConquer","Slimebound:SplitAcid"],"picked":"Slimebound:SplitLeeching","floor":19},{"not_picked":["Slimebound:PressTheAttack","Slimebound:GrowthPunch"],"picked":"Slimebound:LeadByExample","floor":23},{"not_picked":["Slimebound:Gluttony","Slimebound:SplitMire"],"picked":"Slimebound:TongueLash+1","floor":26},{"not_picked":["Slimebound:DuplicatedForm","Slimebound:GoopTackle"],"picked":"Slimebound:RainOfGoop","floor":27},{"not_picked":["Slimebound:ComboTackle+1","Slimebound:HauntingLick"],"picked":"Slimebound:SamplingLick+1","floor":28},{"not_picked":["Slimebound:MassRepurpose","Slimebound:PressTheAttack"],"picked":"Slimebound:GoopSpray+1","floor":31},{"not_picked":["Slimebound:SlimeBarrage","Slimebound:SamplingLick"],"picked":"Slimebound:Chomp","floor":32},{"not_picked":["Slimebound:DuplicatedForm","Slimebound:PrepareCrush"],"picked":"Slimebound:RallyTheTroops","floor":33},{"not_picked":["Slimebound:SlimeSpikes","Slimebound:GoopTackle+1","Slimebound:ItLooksTasty"],"picked":"SKIP","floor":36},{"not_picked":["Slimebound:SplitSpecialist+1","Slimebound:Gluttony"],"picked":"Slimebound:SplitBruiser+1","floor":39},{"not_picked":["Slimebound:SplitLeeching","Slimebound:LeechEnergy","Slimebound:LivingWall+1"],"picked":"SKIP","floor":43},{"not_picked":["Slimebound:Repurpose","Slimebound:ComboTackle+1"],"picked":"Slimebound:GoopSpray+1","floor":44},{"not_picked":["Slimebound:ItLooksTasty+1","Slimebound:SlimeSpikes+1"],"picked":"Slimebound:SplitMire+1","floor":45},{"not_picked":["Slimebound:SplitLeeching+1","Slimebound:SplitBruiser+1"],"picked":"Slimebound:SplitMire+1","floor":49},{"not_picked":["Slimebound:LeechEnergy+1","Slimebound:SplitAcid+1","Slimebound:HauntingLick"],"picked":"SKIP","floor":52}],"player_experience":771455,"relics_obtained":[{"floor":9,"key":"Boot"},{"floor":14,"key":"Bromod:ArcaneAvenger"},{"floor":24,"key":"PreservedInsect"},{"floor":26,"key":"InkBottle"},{"floor":31,"key":"Bromod:ArcanePistoleer"},{"floor":34,"key":"Ancient Tea Set"},{"floor":34,"key":"StrikeDummy"},{"floor":34,"key":"Lizard Tail"},{"floor":39,"key":"WingedGreaves"},{"floor":41,"key":"Bromod:ArcaneTrickery"},{"floor":44,"key":"Molten Egg 2"},{"floor":45,"key":"Turnip"},{"floor":46,"key":"Bromod:ArcaneGuardian"},{"floor":52,"key":"Bromod:ArcanePulse"}],"event_choices":[{"cards_removed":["Slimebound:Strike_Slimebound"],"damage_healed":0,"gold_gain":0,"player_choice":"Removed Attack","damage_taken":0,"max_hp_gain":0,"max_hp_loss":0,"event_name":"Falling","floor":37,"gold_loss":0},{"damage_healed":0,"gold_gain":0,"player_choice":"Fight","damage_taken":0,"max_hp_gain":0,"max_hp_loss":0,"event_name":"Mysterious Sphere","floor":39,"gold_loss":0}],"is_beta":true,"boss_relics":[{"not_picked":["Snecko Eye","Velvet Choker"],"picked":"Fusion Hammer"},{"not_picked":["Slimebound:AbsorbEndCombatUpgraded","Philosopher\u0027s Stone"],"picked":"Calling Bell"}],"items_purged_floors":[],"is_endless":false,"potions_floor_spawned":[3,15,16,26,32,33,39,44,52],"killed_by":"downfall:NeowBossFinal","ascension_level":0}}