{"host":"13o02hya6v6rzuva","time":1613985318,"event":{"mods":["BaseMod","Minty Spire (QoL Compilation)","Relic Stats"],"gold_per_floor":[115,128,128,128,128,128,138,173,196,237,133,161,184,210,210,292,292,305,334,29,55,76,76,76,76],"floor_reached":24,"language":"ENG","playtime":1164,"items_purged":[],"score":360,"play_id":"cc3eb912-adbc-4e73-96b0-bbf816e51e72","local_time":"20210222101518","is_ascension_mode":true,"campfire_choices":[{"data":"Bludgeon","floor":6.0,"key":"SMITH"},{"floor":15.0,"key":"REST"},{"data":"Flame Barrier","floor":23,"key":"SMITH"}],"circlet_count":0,"master_deck":["AscendersBane","Strike_R+1","Strike_R","Strike_R","Strike_R","Strike_R","Defend_R","Defend_R","Defend_R","Defend_R","Bash","Bludgeon+1","Cleave","Spot Weakness","Shrug It Off","Flame Barrier+1","True Grit+1","Bloodletting+1","Shockwave+1","Shockwave+1","Iron Wave","Uppercut+1","Combust","Headbutt","Immolate","Armaments+1","Dodge and Roll+1","Protect+1"],"relics":["Burning Blood","Nunchaku","Smiling Mask","CeramicFish","Lantern","Toxic Egg 2","Orrery","Whetstone","Coffee Dripper","Tiny Chest","PrismaticShard"],"acts_visited":["Exordium","TheCity"],"potions_floor_usage":[],"damage_taken":[{"damage":4.0,"enemies":"Small Slimes","floor":1.0,"turns":2.0},{"damage":0.0,"enemies":"2 Louse","floor":2.0,"turns":2.0},{"damage":0.0,"enemies":"Cultist","floor":7.0,"turns":2.0},{"damage":25.0,"enemies":"3 Sentries","floor":8.0,"turns":6.0},{"damage":16.0,"enemies":"Gremlin Nob","floor":10.0,"turns":4.0},{"damage":19.0,"enemies":"Lagavulin","floor":12.0,"turns":5.0},{"damage":8.0,"enemies":"3 Louse","floor":13.0,"turns":4.0},{"damage":8.0,"enemies":"Large Slime","floor":14.0,"turns":3.0},{"damage":26.0,"enemies":"Slime Boss","floor":16.0,"turns":9.0},{"damage":21.0,"enemies":"3 Byrds","floor":18.0,"turns":4.0},{"damage":2.0,"enemies":"Spheric Guardian","floor":19.0,"turns":3.0},{"damage":11.0,"enemies":"Centurion and Healer","floor":21.0,"turns":7.0},{"damage":16,"enemies":"Cultist and Chosen","floor":22,"turns":5},{"damage":49,"enemies":"Gremlin Leader","floor":24,"turns":8}],"seed_played":"-7889256479747429364","potions_obtained":[{"floor":1.0,"key":"GamblersBrew"},{"floor":8.0,"key":"BlessingOfTheForge"},{"floor":16.0,"key":"CultistPotion"},{"floor":21.0,"key":"SteroidPotion"}],"is_trial":false,"path_per_floor":["M","M","?","?","?","R","M","E","T","E","$","E","M","M","R","B",null,"M","M","$","M","M","R","E"],"character_chosen":"IRONCLAD","items_purchased":["Orrery","Tiny Chest","PrismaticShard"],"campfire_rested":1,"item_purchase_floors":[11,20,20],"current_hp_per_floor":[74,80,68,68,68,68,74,55,55,45,45,32,30,28,52,32,68,53,57,57,52,42,42,0,0],"gold":76,"neow_bonus":"ONE_RANDOM_RARE_CARD","is_daily":false,"chose_seed":false,"campfire_upgraded":2,"win_rate":0.0,"timestamp":1613985318,"path_taken":["M","M","?","?","?","R","M","E","T","E","$","E","?","M","R","BOSS","M","M","$","M","M","R","E"],"items_purchased_type":["Relic","Relic","Relic"],"build_version":"2020-12-22","purchased_purges":0,"victory":false,"max_hp_per_floor":[80,80,80,80,80,80,80,80,80,80,80,80,80,80,80,80,80,80,80,80,80,80,80,80,80],"relic_stats":{"Nunchaku":[8],"counters":[14,64],"CeramicFish":117,"Tiny Chest":0,"Whetstone":["Uppercut","Strike_R"],"Smiling Mask":0,"obtain_stats":[{"Nunchaku":3,"Lantern":9,"CeramicFish":8,"Orrery":11,"Tiny Chest":20,"Coffee Dripper":17,"Whetstone":12,"Toxic Egg 2":10,"Smiling Mask":5,"PrismaticShard":20,"Burning Blood":0},{"Nunchaku":2,"Lantern":4,"CeramicFish":4,"Orrery":5,"Tiny Chest":11,"Coffee Dripper":9,"Whetstone":6,"Toxic Egg 2":5,"Smiling Mask":2,"PrismaticShard":11,"Burning Blood":0},{"Nunchaku":4,"Lantern":12,"CeramicFish":12,"Orrery":16,"Tiny Chest":44,"Coffee Dripper":37,"Whetstone":21,"Toxic Egg 2":16,"Smiling Mask":4,"PrismaticShard":44,"Burning Blood":0}],"Burning Blood":78},"card_choices":[{"not_picked":["Anger","Thunderclap"],"picked":"Cleave","floor":1.0},{"not_picked":["Uppercut","Heavy Blade"],"picked":"Spot Weakness","floor":2.0},{"not_picked":["Infernal Blade","Sever Soul"],"picked":"Shrug It Off","floor":7.0},{"not_picked":["Bloodletting","Reaper"],"picked":"Flame Barrier","floor":8.0},{"not_picked":["Corruption","Heavy Blade"],"picked":"True Grit+1","floor":10.0},{"not_picked":["Flex+1","Pommel Strike"],"picked":"Bloodletting+1","floor":11.0},{"not_picked":["Reckless Charge","Anger"],"picked":"Shockwave+1","floor":11.0},{"not_picked":["Havoc+1","Combust"],"picked":"Shockwave+1","floor":11.0},{"not_picked":["Clash","Sword Boomerang"],"picked":"Iron Wave","floor":11.0},{"not_picked":["Exhume+1","True Grit+1"],"picked":"Uppercut","floor":11.0},{"not_picked":["Sever Soul","Dual Wield+1","Carnage"],"picked":"SKIP","floor":12.0},{"not_picked":["Sword Boomerang","Heavy Blade"],"picked":"Combust","floor":13.0},{"not_picked":["Dark Embrace","Warcry+1"],"picked":"Headbutt","floor":14.0},{"not_picked":["Reaper","Corruption"],"picked":"Immolate","floor":16.0},{"not_picked":["Perfected Strike","Wild Strike","Cleave"],"picked":"SKIP","floor":18.0},{"not_picked":["Havoc+1","Perfected Strike"],"picked":"Armaments+1","floor":19.0},{"not_picked":["Sucker Punch","Thunder Strike"],"picked":"Dodge and Roll+1","floor":21.0},{"not_picked":["Sword Boomerang","Sucker Punch"],"picked":"Protect+1","floor":22}],"player_experience":1238455,"relics_obtained":[{"floor":5.0,"key":"Smiling Mask"},{"floor":8.0,"key":"CeramicFish"},{"floor":9.0,"key":"Lantern"},{"floor":10.0,"key":"Toxic Egg 2"},{"floor":12.0,"key":"Whetstone"}],"event_choices":[{"damage_healed":0.0,"max_hp_gain":0.0,"max_hp_loss":0.0,"gold_gain":0.0,"event_name":"Scrap Ooze","player_choice":"Success","floor":3.0,"gold_loss":0.0,"damage_taken":12.0,"relics_obtained":["Nunchaku"]},{"damage_healed":0.0,"max_hp_gain":0.0,"max_hp_loss":0.0,"gold_gain":0.0,"event_name":"The Cleric","player_choice":"Leave","floor":4.0,"gold_loss":0.0,"damage_taken":0.0},{"damage_healed":0.0,"max_hp_gain":0.0,"max_hp_loss":0.0,"gold_gain":0.0,"event_name":"Wheel of Change","player_choice":"Relic","floor":5.0,"gold_loss":0.0,"damage_taken":0.0}],"is_beta":false,"boss_relics":[{"not_picked":["SacredBark","SlaversCollar"],"picked":"Coffee Dripper"}],"items_purged_floors":[],"is_endless":false,"potions_floor_spawned":[1,8,12,16,18,21],"killed_by":"Gremlin Leader","ascension_level":13}}