{"host":"xltl1aroowo69o4n","time":1613964287,"event":{"mods":["BaseMod","Colored Map","Colored Powertips","Downfall","Koishi","Marisa????????","Minty Spire (QoL Compilation)","Replay The Spire","StSLib","The Cursed","The Hierophant","The Mystic","The Necromancer","The Servant 0.9.4"],"gold_per_floor":[99,99,99,99,99,115,115,146,321,346,346,356,370,404,420,420,420],"floor_reached":16,"language":"ENG","playtime":636,"items_purged":[],"score":124,"play_id":"211e6fb3-b2fa-460e-8082-84225341bf9d","local_time":"20210221222447","is_ascension_mode":true,"campfire_choices":[{"floor":1,"key":"RECALL"},{"floor":11,"key":"REST"}],"circlet_count":0,"master_deck":["Koishi:BasicStrike","Koishi:BasicStrike","Koishi:BasicStrike","Koishi:BasicStrike","Koishi:BasicDefend","Koishi:BasicDefend","Koishi:BasicDefend","Koishi:BasicDefend","Koishi:Provoke","Koishi:HauntingSlash","Koishi:HeartAttack","Pain","Koishi:MassHysteria","Koishi:StingingMind","Koishi:LastRemote","Koishi:RuptureMind","Doubt","Koishi:Untouchable","Koishi:PhantomStrike","Koishi:UnansweredLove","Koishi:Possession","Koishi:DreadfulBlow"],"relics":["Koishi:ImaginaryFriend","downfall:HeartsMalice","WarpedTongs","Koishi:TeethAndClaws","Turnip","TungstenRod","HornCleat"],"acts_visited":["Exordium"],"potions_floor_usage":[14,16],"damage_taken":[{"damage":0,"enemies":"Jaw Worm","floor":2,"turns":1},{"damage":0,"enemies":"Cultist","floor":4,"turns":1},{"damage":0,"enemies":"Small Slimes","floor":5,"turns":1},{"damage":6,"enemies":"2 Fungi Beasts","floor":6,"turns":3},{"damage":22,"enemies":"3 Sentries","floor":8,"turns":7},{"damage":19,"enemies":"Lagavulin","floor":10,"turns":7},{"damage":2,"enemies":"Exordium Thugs","floor":12,"turns":5},{"damage":3,"enemies":"Gremlin Gang","floor":13,"turns":4},{"damage":13,"enemies":"3 Sentries","floor":14,"turns":7},{"damage":5,"enemies":"Blue Slaver","floor":15,"turns":3},{"damage":33,"enemies":"IC_STATUS_ARCHETYPE","floor":16,"turns":13}],"seed_played":"-4505016337296097578","potions_obtained":[{"floor":8,"key":"SneckoOil"},{"floor":10,"key":"DuplicationPotion"},{"floor":12,"key":"FearPotion"}],"is_trial":false,"path_per_floor":["R_BF","M","?","M","M","M","T","E","?","E","R","M","M","E","M","B"],"character_chosen":"KOISHI","items_purchased":[],"campfire_rested":1,"item_purchase_floors":[],"current_hp_per_floor":[60,60,60,60,60,54,54,32,32,20,38,37,35,32,27,0,0],"gold":420,"neow_bonus":"THREE_ENEMY_KILL","is_daily":false,"chose_seed":false,"campfire_upgraded":0,"win_rate":0.0,"timestamp":1613964287,"path_taken":["R_BF","M","?","?","?","M","T","E","?","E","R","M","M","E","M","BOSS"],"items_purchased_type":[],"build_version":"2020-12-13","purchased_purges":0,"victory":false,"max_hp_per_floor":[60,60,60,60,60,60,60,60,60,60,60,60,60,60,60,60,60],"card_choices":[{"not_picked":["Koishi:PhantomBarrier","Koishi:SubterraneanRose"],"picked":"Koishi:HeartAttack","floor":2},{"not_picked":["Koishi:FreudianInstinct","Koishi:SprinkleStarAndHeart"],"picked":"Koishi:MassHysteria","floor":4},{"not_picked":["Koishi:BloodcurdlingScream","Koishi:SpiritedAway"],"picked":"Koishi:StingingMind","floor":5},{"not_picked":["Koishi:ReleaseOfTheId","Koishi:HeartAttack"],"picked":"Koishi:LastRemote","floor":6},{"not_picked":["Koishi:BloodcurdlingScream","Koishi:StingingMind"],"picked":"Koishi:RuptureMind","floor":8},{"not_picked":["Koishi:SpiritedAway","Koishi:GrowingPain"],"picked":"Koishi:Untouchable","floor":10},{"not_picked":["Koishi:DanmakuParanoia","Koishi:PhantomBarrier"],"picked":"Koishi:PhantomStrike","floor":12},{"not_picked":["Koishi:PhantomStrike","Koishi:ReflexRadar"],"picked":"Koishi:UnansweredLove","floor":13},{"not_picked":["Koishi:VengefulSpirit","Koishi:TremblingHands"],"picked":"Koishi:Possession","floor":14},{"not_picked":["Koishi:Jaunt","Koishi:FleetingPhantom"],"picked":"Koishi:DreadfulBlow","floor":15}],"player_experience":266279,"relics_obtained":[{"floor":7,"key":"Koishi:TeethAndClaws"},{"floor":8,"key":"Turnip"},{"floor":10,"key":"TungstenRod"},{"floor":14,"key":"HornCleat"}],"event_choices":[{"damage_healed":0,"gold_gain":0,"player_choice":"Rummage","damage_taken":0,"relics_obtained":["WarpedTongs"],"max_hp_gain":0,"max_hp_loss":0,"event_name":"Accursed Blacksmith","floor":3,"gold_loss":0,"cards_obtained":["Pain"]}],"is_beta":false,"boss_relics":[],"items_purged_floors":[],"is_endless":false,"potions_floor_spawned":[8,10,12],"killed_by":"IC_STATUS_ARCHETYPE","ascension_level":1}}