{"host":"yecadp3kwkksam5a","time":1613992272,"event":{"mods":["BaseMod","Koishi","Minty Spire (QoL Compilation)","Replay The Spire","StSLib","SuperFastMode","The Cursed","The Gatherer","The Jungle"],"gold_per_floor":[114,125,139,139,139,139,168,181,232,267,286,44,69,99,99,174,174,186,186,186,236,246,279,279,279,279,150,184,24,57,83,83,162,162,175,202,202,202,44,77,104,138,138,138,138,172,134,9,9,82,160,160,178,178,14,34,49,49,49,49,49,49,49,124,124,153,153,153],"floor_reached":67,"language":"KOR","playtime":3520,"items_purged":["Strike_B","Strike_B","Zap"],"score":3164,"play_id":"2492878d-abf3-4cd1-8c06-e9a2760eae06","local_time":"20210222201112","daily_mods":["Heirloom","Flight"],"is_ascension_mode":true,"campfire_choices":[{"data":"Chaos","floor":6.0,"key":"SMITH"},{"data":"Coolheaded","floor":15.0,"key":"SMITH"},{"data":"Recycle","floor":24.0,"key":"SMITH"},{"data":"Fusion","floor":25.0,"key":"SMITH"},{"data":"Consume","floor":44.0,"key":"SMITH"},{"data":"Buffer","floor":49.0,"key":"SMITH"},{"data":"Coolheaded","floor":49.0,"key":"SMITH"},{"data":"Seek","floor":58.0,"key":"SMITH"},{"data":"Hologram","floor":58.0,"key":"SMITH"},{"data":"Barrage","floor":59.0,"key":"SMITH"},{"data":"Dualcast","floor":59.0,"key":"SMITH"},{"data":"Defend_B+1","floor":60.0,"key":"SMITH"},{"data":"Defend_B+2","floor":60.0,"key":"SMITH"},{"data":"Defend_B+3","floor":62.0,"key":"SMITH"},{"data":"Defend_B+4","floor":62.0,"key":"SMITH"},{"data":"Defend_B+5","floor":65.0,"key":"SMITH"},{"data":"Defend_B+6","floor":65.0,"key":"SMITH"},{"data":"Defragment","floor":67,"key":"SMITH"},{"data":"Defend_B+1","floor":67,"key":"SMITH"}],"circlet_count":0,"master_deck":["AscendersBane","Strike_B","Defend_B+1","Defend_B+2","Dualcast+1","Coolheaded+1","Chaos+1","Cold Snap+1","Coolheaded+1","Hologram+1","Compile Driver","Rebound","Buffer+1","Barrage+1","Fusion+1","Recycle+1","Turbo","Compile Driver","Consume+1","Fusion+1","Chill+1","Seek+1","Defragment+1","Strike_B+10"],"relics":["Cracked Core","Counterbalance","Runic Capacitor","Runic Capacitor","Runic Capacitor","Pantograph","MealTicket","Bag of Preparation","Replay:Mystery Machine","Meat on the Bone","SlaversCollar","Toy Ornithopter","Sundial","ReplayTheSpireMod:Lightbulb","ClockworkSouvenir","Simple Rune","Centennial Puzzle","Empty Cage","Prayer Wheel","Calipers","OrangePellets","Vajra","Lantern","Replay:Rubber Ducky","Lizard Tail","Durian","Replay:Arrowhead","Prayer Wheel","Ring of Chaos","Solar Panel","DataDisk","Torii"],"acts_visited":["Exordium","TheCity","TheBeyond","Exordium"],"potions_floor_usage":[],"damage_taken":[{"damage":2.0,"enemies":"Cultist","floor":1.0,"turns":4.0},{"damage":1.0,"enemies":"2 Louse","floor":2.0,"turns":4.0},{"damage":4.0,"enemies":"Small Slimes","floor":3.0,"turns":3.0},{"damage":19.0,"enemies":"3 Sentries","floor":7.0,"turns":7.0},{"damage":0.0,"enemies":"Red Slaver","floor":8.0,"turns":4.0},{"damage":12.0,"enemies":"Lagavulin","floor":10.0,"turns":7.0},{"damage":0.0,"enemies":"Lots of Slimes","floor":11.0,"turns":2.0},{"damage":23.0,"enemies":"Gremlin Nob","floor":13.0,"turns":4.0},{"damage":0.0,"enemies":"Lagavulin","floor":14.0,"turns":5.0},{"damage":33.0,"enemies":"Hexaghost","floor":16.0,"turns":9.0},{"damage":9.0,"enemies":"Spheric Guardian","floor":18.0,"turns":8.0},{"damage":10.0,"enemies":"Shell Parasite","floor":22.0,"turns":5.0},{"damage":21.0,"enemies":"Slavers","floor":23.0,"turns":2.0},{"damage":11.0,"enemies":"Book of Stabbing","floor":28.0,"turns":4.0},{"damage":12.0,"enemies":"Replay:Snechameleon","floor":30.0,"turns":5.0},{"damage":0.0,"enemies":"Slavers","floor":31.0,"turns":1.0},{"damage":11.0,"enemies":"Champ","floor":33.0,"turns":8.0},{"damage":20.0,"enemies":"3 Darklings","floor":35.0,"turns":2.0},{"damage":0.0,"enemies":"Nemesis","floor":40.0,"turns":10.0},{"damage":1.0,"enemies":"R_Hoarder","floor":41.0,"turns":8.0},{"damage":0.0,"enemies":"Giant Head","floor":42.0,"turns":5.0},{"damage":22.0,"enemies":"Reptomancer","floor":46.0,"turns":4.0},{"damage":5.0,"enemies":"Time Eater","floor":50.0,"turns":15.0},{"damage":4.0,"enemies":"Awakened One","floor":51.0,"turns":9.0},{"damage":9.0,"enemies":"Jaw Worm","floor":53.0,"turns":3.0},{"damage":0.0,"enemies":"2 Louse","floor":56.0,"turns":2.0},{"damage":0.0,"enemies":"Small Slimes","floor":57.0,"turns":3.0},{"damage":0.0,"enemies":"3 Sentries","floor":66.0,"turns":6.0}],"seed_played":"-4946855444000292619","potions_obtained":[{"floor":1.0,"key":"LifebloodPotion"},{"floor":8.0,"key":"SteroidPotion"},{"floor":10.0,"key":"Adrenaline Potion"},{"floor":11.0,"key":"SpeedPotion"},{"floor":13.0,"key":"PowerPotion"},{"floor":23.0,"key":"DuplicationPotion"},{"floor":56.0,"key":"AttackPotion"}],"is_trial":true,"path_per_floor":["M","M","M","?","?","R","E","M","T","E","M","$","E","E","R","B",null,"M","?","?","?","M","E","R","R","T","$","E","$","E","E","R","B",null,"M","?","?","?","$","E","E","E","T","R","?","E","$","$","R","B","B",null,"M","?","$","M","M","R","R","R","T","R","?","?","R","E","R"],"character_chosen":"DEFECT","items_purchased":["Bag of Preparation","Turbo","ClockworkSouvenir","OrangePellets","Replay:Arrowhead","DataDisk"],"campfire_rested":0,"item_purchase_floors":[12,27,29,39,47,55],"current_hp_per_floor":[62,61,57,62,62,62,43,43,43,31,31,46,23,23,23,27,64,55,55,55,55,45,36,36,36,36,51,40,55,43,43,65,65,73,53,23,23,23,38,38,37,37,37,37,37,32,47,62,62,72,73,76,67,67,77,77,77,77,77,77,77,77,70,59,59,61,61,61],"gold":153,"neow_bonus":"","is_daily":false,"chose_seed":false,"campfire_upgraded":19,"win_rate":0.0,"timestamp":1613992272,"path_taken":["M","M","?","?","?","R","E","?","T","E","?","$","E","E","R","BOSS","M","?","?","?","?","E","R","R","T","$","E","$","E","E","R","BOSS","M","?","?","?","?","E","E","E","T","R","?","E","$","$","R","BOSS","BOSS","M","?","$","M","?","R","R","R","T","R","?","?","R","E","R"],"items_purchased_type":["Relic","Card","Relic","Relic","Relic","Relic"],"build_version":"2020-12-22","purchased_purges":3,"victory":false,"max_hp_per_floor":[71,71,71,76,76,76,76,76,76,76,76,76,76,76,76,76,76,76,76,76,76,76,76,76,76,76,76,76,76,76,76,76,76,76,76,76,72,72,72,72,72,72,72,72,72,77,77,77,77,77,77,77,77,77,77,77,77,77,77,77,77,77,77,77,77,77,77,77],"card_choices":[{"not_picked":["Lockon","Heatsinks"],"picked":"Coolheaded","floor":1.0},{"not_picked":["Sweeping Beam","ReplayGash"],"picked":"Chaos","floor":2.0},{"not_picked":["Gash","Beam Cell"],"picked":"Cold Snap","floor":3.0},{"not_picked":["Static Discharge","Stack"],"picked":"Coolheaded","floor":7.0},{"not_picked":["Reprogram","Reboot"],"picked":"Hologram","floor":8.0},{"not_picked":["Static Discharge","Conserve Battery"],"picked":"Compile Driver","floor":10.0},{"not_picked":["Cold Snap","Hologram","Redo"],"picked":"SKIP","floor":11.0},{"not_picked":["Gash","FIFO Queue","Heatsinks"],"picked":"SKIP","floor":13.0},{"not_picked":["Go for the Eyes","Blizzard"],"picked":"Rebound","floor":14.0},{"not_picked":["Multi-Cast","ReplayRNGCard"],"picked":"Buffer","floor":16.0},{"not_picked":["Coolheaded","ReplayTheSpireMod:GoodbyeWorld"],"picked":"Barrage","floor":18.0},{"not_picked":["Panic Button+1","Gash","Go for the Eyes"],"picked":"SKIP","floor":22.0},{"not_picked":["Auto Shields+1","ReplayGash"],"picked":"Recycle","floor":23.0},{"not_picked":["Leap","Turbo"],"picked":"Compile Driver","floor":28.0},{"not_picked":["Rip and Tear","Ball Lightning+1"],"picked":"Consume","floor":30.0},{"not_picked":["Mirror Shield","Leap"],"picked":"Fusion+1","floor":31.0},{"not_picked":["ReplayRNGCard","Creative AI"],"picked":"ReplayTheSpireMod:Fabricate Wheel","floor":33.0},{"not_picked":["Coolheaded","Streamline"],"picked":"Chill+1","floor":35.0},{"not_picked":["Reprogram","Ball Lightning","Static Discharge"],"picked":"SKIP","floor":35.0},{"not_picked":["Compile Driver","Hologram","Barrage"],"picked":"SKIP","floor":40.0},{"not_picked":["Compile Driver","Hologram","Barrage"],"picked":"SKIP","floor":40.0},{"not_picked":["White Noise","Gash","Hologram"],"picked":"SKIP","floor":41.0},{"not_picked":["Rip and Tear","Panic Button","Reprogram"],"picked":"SKIP","floor":42.0},{"not_picked":["Cold Snap+1","ReplayGash","Consume+1"],"picked":"SKIP","floor":46.0},{"not_picked":["Rainbow","Core Surge"],"picked":"ReplayTheSpireMod:Fabricate Wheel","floor":50.0},{"not_picked":["ReplayTheSpireMod:Omega Cannon","Amplify"],"picked":"Seek","floor":51.0},{"not_picked":["Go for the Eyes","Turbo","Doom and Gloom"],"picked":"SKIP","floor":53.0},{"not_picked":["Glacier","Beam Cell","Scrape"],"picked":"SKIP","floor":53.0},{"not_picked":["Leap","Redo","FTL"],"picked":"SKIP","floor":53.0},{"not_picked":["Conserve Battery","Barrage","Tempest"],"picked":"SKIP","floor":56.0},{"not_picked":["Heatsinks","Compile Driver","Coolheaded"],"picked":"SKIP","floor":56.0},{"not_picked":["Heatsinks","ReplayTheSpireMod:GoodbyeWorld","Reboot"],"picked":"SKIP","floor":56.0},{"not_picked":["Conserve Battery","Barrage","Tempest"],"picked":"SKIP","floor":56.0},{"not_picked":["Heatsinks","Compile Driver","Coolheaded"],"picked":"SKIP","floor":56.0},{"not_picked":["Heatsinks","ReplayTheSpireMod:GoodbyeWorld","Reboot"],"picked":"SKIP","floor":56.0},{"not_picked":["Barrage","Panic Button","Steam"],"picked":"SKIP","floor":57.0},{"not_picked":["Crystallizer","Hello World","Fusion"],"picked":"SKIP","floor":57.0},{"not_picked":["Gash","Scrape","Turbo"],"picked":"SKIP","floor":57.0},{"not_picked":["Compile Driver","Melter"],"picked":"Defragment","floor":66}],"player_experience":649865,"relics_obtained":[{"floor":7.0,"key":"Pantograph"},{"floor":10.0,"key":"MealTicket"},{"floor":13.0,"key":"Replay:Mystery Machine"},{"floor":14.0,"key":"Meat on the Bone"},{"floor":23.0,"key":"Toy Ornithopter"},{"floor":26.0,"key":"Sundial"},{"floor":28.0,"key":"ReplayTheSpireMod:Lightbulb"},{"floor":30.0,"key":"Simple Rune"},{"floor":31.0,"key":"Centennial Puzzle"},{"floor":36.0,"key":"Calipers"},{"floor":40.0,"key":"Vajra"},{"floor":41.0,"key":"Lantern"},{"floor":42.0,"key":"Replay:Rubber Ducky"},{"floor":43.0,"key":"Lizard Tail"},{"floor":46.0,"key":"Durian"},{"floor":61.0,"key":"Torii"}],"event_choices":[{"damage_healed":0.0,"max_hp_gain":5.0,"max_hp_loss":0.0,"gold_gain":0.0,"event_name":"Big Fish","player_choice":"Donut","floor":4.0,"gold_loss":0.0,"damage_taken":0.0},{"damage_healed":0.0,"max_hp_gain":0.0,"max_hp_loss":0.0,"gold_gain":0.0,"cards_transformed":["Strike_B"],"event_name":"Transmorgrifier","player_choice":"Transformed","floor":5.0,"gold_loss":0.0,"damage_taken":0.0,"cards_obtained":["Doom and Gloom"]},{"damage_healed":0.0,"max_hp_gain":0.0,"max_hp_loss":0.0,"gold_gain":0.0,"event_name":"The Library","player_choice":"Read","floor":19.0,"gold_loss":0.0,"damage_taken":0.0,"cards_obtained":["Fusion"]},{"damage_healed":0.0,"max_hp_gain":0.0,"max_hp_loss":0.0,"gold_gain":0.0,"event_name":"The Mausoleum","player_choice":"Ignored","floor":20.0,"gold_loss":0.0,"damage_taken":0.0},{"damage_healed":0.0,"max_hp_gain":0.0,"max_hp_loss":0.0,"gold_gain":50.0,"event_name":"Golden Shrine","player_choice":"Pray","floor":21.0,"gold_loss":0.0,"damage_taken":0.0},{"damage_healed":0.0,"max_hp_gain":0.0,"max_hp_loss":4.0,"gold_gain":0.0,"event_name":"Winding Halls","player_choice":"Max HP","floor":37.0,"gold_loss":0.0,"damage_taken":0.0},{"damage_healed":0.0,"max_hp_gain":0.0,"max_hp_loss":0.0,"gold_gain":0.0,"event_name":"Tomb of Lord Red Mask","player_choice":"Ignored","floor":38.0,"gold_loss":0.0,"damage_taken":0.0},{"damage_healed":0.0,"max_hp_gain":0.0,"max_hp_loss":0.0,"gold_gain":0.0,"event_name":"SensoryStone","player_choice":"Memory 1","floor":45.0,"gold_loss":0.0,"damage_taken":0.0},{"damage_healed":0.0,"max_hp_gain":0.0,"max_hp_loss":0.0,"gold_gain":0.0,"event_name":"WeMeetAgain","player_choice":"Gave Potion","floor":54.0,"gold_loss":0.0,"damage_taken":0.0,"relics_obtained":["Solar Panel"]},{"cards_removed":["Doom and Gloom"],"damage_healed":0.0,"max_hp_gain":0.0,"max_hp_loss":0.0,"gold_gain":0.0,"event_name":"Golden Wing","player_choice":"Card Removal","floor":63.0,"gold_loss":0.0,"damage_taken":7.0},{"damage_healed":0.0,"max_hp_gain":0.0,"max_hp_loss":0.0,"gold_gain":75.0,"event_name":"World of Goop","player_choice":"Gather Gold","floor":64.0,"gold_loss":0.0,"damage_taken":11.0}],"is_beta":false,"boss_relics":[{"not_picked":["ReplayTheSpireMod:DimensionalGlitch","Replay:Drink Me"],"picked":"SlaversCollar"},{"not_picked":["Replay:Fungal Core","Kintsugi"],"picked":"Empty Cage"},{"not_picked":["Pandora\u0027s Box","Honey Jar"],"picked":"Ring of Chaos"}],"items_purged_floors":[12,27,48],"is_endless":true,"potions_floor_spawned":[1,8,10,11,13,14,23,28,33,40,41,46,51,56],"ascension_level":20}}