{"host":"nptej036rrbiurf5","time":1613956496,"event":{"mods":["BaseMod","Colored Map","Colored Powertips","DeckTracker","Minty Spire (QoL Compilation)","StSLib","SuperFastMode"],"gold_per_floor":[111,130,148,159,171,199,249,249,249],"floor_reached":8,"language":"KOR","playtime":171,"items_purged":[],"score":120,"play_id":"42125e4f-b7d5-45fe-a9eb-14fa6da4dceb","local_time":"20210222101456","is_ascension_mode":true,"campfire_choices":[],"circlet_count":0,"master_deck":["AscendersBane","Strike_P","Strike_P","Strike_P","Strike_P","Defend_P","Defend_P","Defend_P","Defend_P","Eruption","Vigilance","SignatureMove","FearNoEvil","Sanctity","Protect"],"relics":["PureWater","NeowsBlessing","Dream Catcher"],"acts_visited":["Exordium"],"potions_floor_usage":[],"damage_taken":[{"damage":0.0,"enemies":"Jaw Worm","floor":1.0,"turns":1.0},{"damage":0.0,"enemies":"Cultist","floor":2.0,"turns":1.0},{"damage":0.0,"enemies":"Small Slimes","floor":3.0,"turns":1.0},{"damage":1.0,"enemies":"Looter","floor":4.0,"turns":3.0},{"damage":26.0,"enemies":"Exordium Thugs","floor":5.0,"turns":4.0},{"damage":5.0,"enemies":"3 Sentries","floor":6.0,"turns":7.0},{"damage":8,"enemies":"Lagavulin","floor":8,"turns":5}],"seed_played":"-719510900627851590","potions_obtained":[{"floor":1.0,"key":"Strength Potion"},{"floor":2.0,"key":"DistilledChaos"},{"floor":3.0,"key":"CultistPotion"}],"is_trial":false,"path_per_floor":["M","M","M","M","M","E","?","E"],"character_chosen":"WATCHER","items_purchased":[],"campfire_rested":0,"item_purchase_floors":[],"current_hp_per_floor":[61,61,61,60,34,29,23,15,15],"gold":249,"neow_bonus":"THREE_ENEMY_KILL","is_daily":false,"chose_seed":false,"campfire_upgraded":0,"win_rate":0.0,"timestamp":1613956496,"path_taken":["M","M","M","M","M","E","?","E"],"items_purchased_type":[],"build_version":"2020-12-22","purchased_purges":0,"victory":false,"max_hp_per_floor":[68,68,68,68,68,68,68,68,68],"card_choices":[{"not_picked":["Fasting2","PathToVictory"],"picked":"SignatureMove","floor":1.0},{"not_picked":["Evaluate","CrushJoints","FlyingSleeves"],"picked":"SKIP","floor":2.0},{"not_picked":["CrushJoints","WindmillStrike"],"picked":"FearNoEvil","floor":3.0},{"not_picked":["WreathOfFlame","FearNoEvil"],"picked":"Sanctity","floor":4.0},{"not_picked":["WaveOfTheHand","CrushJoints"],"picked":"Protect","floor":5.0},{"not_picked":["Crescendo","WindmillStrike","PathToVictory"],"picked":"SKIP","floor":6.0}],"player_experience":998799,"relics_obtained":[{"floor":6.0,"key":"Dream Catcher"}],"event_choices":[{"damage_healed":0,"gold_gain":50,"player_choice":"Touch","damage_taken":6,"max_hp_gain":0,"max_hp_loss":0,"event_name":"FaceTrader","floor":7,"gold_loss":0}],"is_beta":false,"boss_relics":[],"items_purged_floors":[],"is_endless":false,"potions_floor_spawned":[1,2,3],"killed_by":"Lagavulin","ascension_level":20}}