{"host":"wmrrle71ao22fxdw","time":1613995883,"event":{"mods":["BaseMod","Colored Map","Minty Spire (QoL Compilation)","Rare Cards Sparkle","Relic Stats"],"gold_per_floor":[111,124,144,155,170,205,205,239,239,239,273,12,12,187,187,282,282,294,654,39,50,50,50],"floor_reached":22,"language":"ENG","playtime":1307,"items_purged":["Strike_G"],"score":214,"play_id":"d3e8f9bd-9502-4636-9eb0-7bd80e2cf9d8","local_time":"20210222131123","is_ascension_mode":true,"campfire_choices":[{"floor":7,"key":"REST"},{"data":"Crippling Poison","floor":13,"key":"SMITH"},{"floor":15,"key":"REST"}],"circlet_count":0,"master_deck":["Strike_G","Strike_G","Strike_G","Strike_G","Defend_G","Defend_G","Defend_G","Defend_G","Survivor","Neutralize","Well Laid Plans","All Out Attack","Prepared","Crippling Poison+1","PiercingWail","Predator","Dagger Spray","Deadly Poison","Doubt","Wraith Form v2","Blur+1","Noxious Fumes"],"relics":["Ring of the Snake","Boot","Anchor","MealTicket","Oddly Smooth Stone","Kunai","SlaversCollar","CaptainsWheel","Blood Vial"],"acts_visited":["Exordium","TheCity"],"potions_floor_usage":[11,11,11],"damage_taken":[{"damage":0,"enemies":"2 Louse","floor":1,"turns":4},{"damage":0,"enemies":"Small Slimes","floor":2,"turns":2},{"damage":1,"enemies":"Cultist","floor":3,"turns":4},{"damage":2,"enemies":"Looter","floor":4,"turns":4},{"damage":1,"enemies":"Red Slaver","floor":5,"turns":4},{"damage":35,"enemies":"3 Sentries","floor":6,"turns":9},{"damage":37,"enemies":"Lagavulin","floor":8,"turns":7},{"damage":10,"enemies":"3 Sentries","floor":11,"turns":8},{"damage":28,"enemies":"Hexaghost","floor":16,"turns":11},{"damage":23,"enemies":"Shell Parasite","floor":18,"turns":9},{"damage":10,"enemies":"Spheric Guardian","floor":21,"turns":6},{"damage":20,"enemies":"Cultist and Chosen","floor":22,"turns":6}],"seed_played":"-7988207753833442059","potions_obtained":[{"floor":2,"key":"EssenceOfSteel"},{"floor":3,"key":"PowerPotion"},{"floor":5,"key":"SkillPotion"},{"floor":11,"key":"Explosive Potion"},{"floor":21,"key":"GamblersBrew"}],"is_trial":false,"path_per_floor":["M","M","M","M","M","E","R","E","T","?","E","$","R","?","R","B",null,"M","?","$","M","M"],"character_chosen":"THE_SILENT","items_purchased":["Kunai","CaptainsWheel","Noxious Fumes","Blood Vial"],"campfire_rested":2,"item_purchase_floors":[12,20,20,20],"current_hp_per_floor":[70,70,69,67,66,31,52,15,15,15,5,20,20,20,41,13,70,47,11,26,18,0,0],"gold":50,"neow_bonus":"TRANSFORM_CARD","is_daily":false,"chose_seed":false,"campfire_upgraded":1,"win_rate":0.0,"timestamp":1613995883,"path_taken":["M","M","M","M","M","E","R","E","T","?","E","$","R","?","R","BOSS","M","?","$","M","?"],"items_purchased_type":["Relic","Relic","Card","Relic"],"build_version":"2020-12-22","purchased_purges":1,"victory":false,"max_hp_per_floor":[70,70,70,70,70,70,70,70,70,70,70,70,70,70,70,70,70,70,70,70,70,70,70],"relic_stats":{"Blood Vial":4,"counters":[12,74],"MealTicket":30,"Kunai":[2],"Boot":[63],"obtain_stats":[{"Blood Vial":20,"SlaversCollar":17,"Anchor":8,"CaptainsWheel":20,"Oddly Smooth Stone":11,"MealTicket":9,"Kunai":12,"Boot":6,"Ring of the Snake":0},{"Blood Vial":10,"SlaversCollar":9,"Anchor":7,"CaptainsWheel":10,"Oddly Smooth Stone":8,"MealTicket":7,"Kunai":8,"Boot":6,"Ring of the Snake":0},{"Blood Vial":62,"SlaversCollar":53,"Anchor":34,"CaptainsWheel":62,"Oddly Smooth Stone":42,"MealTicket":34,"Kunai":42,"Boot":27,"Ring of the Snake":0}],"Ring of the Snake":[24]},"card_choices":[{"not_picked":["Quick Slash","Outmaneuver"],"picked":"All Out Attack","floor":1},{"not_picked":["Calculated Gamble","Bane"],"picked":"Prepared","floor":2},{"not_picked":["Flechettes","Blur"],"picked":"Crippling Poison","floor":3},{"not_picked":["Underhanded Strike","Deadly Poison"],"picked":"PiercingWail","floor":4},{"not_picked":["Terror","Prepared"],"picked":"Predator","floor":5},{"not_picked":["Outmaneuver","Setup","Quick Slash"],"picked":"SKIP","floor":6},{"not_picked":["Flechettes","All Out Attack"],"picked":"Dagger Spray","floor":8},{"not_picked":["Flying Knee","Prepared"],"picked":"Deadly Poison","floor":11},{"not_picked":["Grand Finale","Night Terror"],"picked":"Wraith Form v2","floor":16},{"not_picked":["Dagger Spray","Setup"],"picked":"Blur+1","floor":18},{"not_picked":["Slice+1","Quick Slash","Dagger Spray"],"picked":"SKIP","floor":21}],"player_experience":116850,"relics_obtained":[{"floor":6,"key":"Boot"},{"floor":8,"key":"Anchor"},{"floor":9,"key":"MealTicket"},{"floor":11,"key":"Oddly Smooth Stone"}],"event_choices":[{"damage_healed":0,"gold_gain":0,"player_choice":"Ignored","damage_taken":0,"max_hp_gain":0,"max_hp_loss":0,"event_name":"Shining Light","floor":10,"gold_loss":0},{"damage_healed":0,"gold_gain":175,"player_choice":"AGREE","damage_taken":0,"max_hp_gain":0,"max_hp_loss":0,"event_name":"Liars Game","floor":14,"gold_loss":0,"cards_obtained":["Doubt"]},{"damage_healed":0,"gold_gain":360,"player_choice":"GOLD GOLD GOLD GOLD ","damage_taken":36,"max_hp_gain":0,"max_hp_loss":0,"event_name":"Knowing Skull","floor":19,"potions_obtained":[],"gold_loss":0,"cards_obtained":[]}],"is_beta":false,"boss_relics":[{"not_picked":["Black Star","Snecko Eye"],"picked":"SlaversCollar"}],"items_purged_floors":[20],"is_endless":false,"potions_floor_spawned":[2,3,5,11,21],"killed_by":"Cultist and Chosen","ascension_level":1}}