{"host":"lofekbk9st7qup1x","time":1613995028,"event":{"mods":["BaseMod","BetterRewards","Minty Spire (QoL Compilation)"],"gold_per_floor":[114,133,133,145,145,178,178,143,222,222,248,267,284,359,359,460,460,474,229,229,242,242,256,283,302,302,44,44,56,56],"floor_reached":29,"language":"ENG","playtime":1692,"items_purged":[],"score":253,"play_id":"405ea8ea-e5e9-47e5-a33a-02e1df61679b","local_time":"20210222195708","is_ascension_mode":false,"campfire_choices":[{"data":"Chaos","floor":7,"key":"SMITH"},{"data":"Capacitor","floor":10,"key":"SMITH"},{"floor":15,"key":"REST"}],"circlet_count":0,"master_deck":["Strike_B","Strike_B","Strike_B","Defend_B","Defend_B","Defend_B","Defend_B","Zap","Dualcast","Cold Snap","Chaos+1","Coolheaded","Chaos","Capacitor+1","Doom and Gloom","Redo","Self Repair","Thunder Strike","Beam Cell","Ball Lightning","Loop","White Noise","Streamline+1","Aggregate","Ball Lightning","Streamline+1","Hello World","Force Field","Heatsinks"],"relics":["Cracked Core","NeowsBlessing","Anchor","Letter Opener","PreservedInsect","Philosopher\u0027s Stone","Blood Vial","Boot","Question Card","TheAbacus","MawBank"],"acts_visited":["Exordium","TheCity"],"potions_floor_usage":[11,11,16,18,21,25,25,25,25,25],"damage_taken":[{"damage":0,"enemies":"Cultist","floor":1,"turns":1},{"damage":0,"enemies":"2 Louse","floor":2,"turns":1},{"damage":0,"enemies":"Jaw Worm","floor":4,"turns":1},{"damage":18,"enemies":"3 Sentries","floor":6,"turns":11},{"damage":12,"enemies":"Gremlin Nob","floor":11,"turns":3},{"damage":0,"enemies":"Red Slaver","floor":12,"turns":2},{"damage":1,"enemies":"Looter","floor":13,"turns":4},{"damage":26,"enemies":"Slime Boss","floor":16,"turns":13},{"damage":9,"enemies":"Chosen","floor":18,"turns":5},{"damage":22,"enemies":"3 Byrds","floor":21,"turns":4},{"damage":26,"enemies":"Centurion and Healer","floor":23,"turns":5},{"damage":36,"enemies":"Slavers","floor":24,"turns":4},{"damage":0,"enemies":"Snake Plant","floor":25,"turns":1},{"damage":17,"enemies":"3 Cultists","floor":29,"turns":3}],"seed_played":"-7085920343147829923","potions_obtained":[{"floor":2,"key":"GamblersBrew"},{"floor":3,"key":"EssenceOfSteel"},{"floor":3,"key":"AttackPotion"},{"floor":3,"key":"LiquidBronze"},{"floor":4,"key":"LiquidMemories"},{"floor":6,"key":"EntropicBrew"},{"floor":11,"key":"Weak Potion"},{"floor":24,"key":"EntropicBrew"},{"floor":25,"key":"PowerPotion"}],"is_trial":false,"path_per_floor":["M","M","?","M","?","E","R","$","T","R","E","M","M","?","R","B",null,"M","$","?","M","?","M","E","M","T","$","?","M"],"character_chosen":"DEFECT","items_purchased":["Capacitor","Ball Lightning","Loop","Blood Vial","TheAbacus","Force Field","Heatsinks"],"campfire_rested":1,"item_purchase_floors":[8,19,19,19,27,27,27],"current_hp_per_floor":[75,75,75,75,75,57,57,57,57,57,45,45,44,33,55,36,75,73,73,73,60,60,43,9,11,11,11,11,0,0],"gold":56,"neow_bonus":"THREE_ENEMY_KILL","is_daily":false,"chose_seed":false,"campfire_upgraded":2,"win_rate":0.0,"timestamp":1613995028,"path_taken":["M","M","?","?","?","E","R","?","T","R","E","M","?","?","R","BOSS","M","$","?","M","?","?","E","M","T","$","?","?"],"items_purchased_type":["Card","Card","Card","Relic","Relic","Card","Card"],"build_version":"2020-12-22","purchased_purges":0,"victory":false,"max_hp_per_floor":[75,75,75,75,75,75,75,75,75,75,75,75,75,75,75,75,75,75,75,75,75,75,75,75,75,75,75,75,75,75],"card_choices":[{"not_picked":["Leap","Steam"],"picked":"Cold Snap","floor":1},{"not_picked":["Sweeping Beam","Lockon"],"picked":"Chaos","floor":2},{"not_picked":["Compile Driver","Barrage"],"picked":"Coolheaded","floor":4},{"not_picked":["Beam Cell","Genetic Algorithm"],"picked":"Chaos","floor":6},{"not_picked":["Coolheaded","Auto Shields"],"picked":"Doom and Gloom","floor":11},{"not_picked":["Beam Cell","Gash"],"picked":"Redo","floor":12},{"not_picked":["Compile Driver","Chaos"],"picked":"Self Repair","floor":13},{"not_picked":["Buffer","Fission"],"picked":"Thunder Strike","floor":16},{"not_picked":["Gash","Leap"],"picked":"Beam Cell","floor":18},{"not_picked":["Redo","Skim"],"picked":"Streamline+1","floor":21},{"not_picked":["Hologram","Coolheaded"],"picked":"Ball Lightning","floor":23},{"not_picked":["Cold Snap","Compile Driver"],"picked":"Streamline+1","floor":24},{"not_picked":["Stack+1","Static Discharge"],"picked":"Hello World","floor":25}],"player_experience":5364,"relics_obtained":[{"floor":6,"key":"Anchor"},{"floor":9,"key":"Letter Opener"},{"floor":11,"key":"PreservedInsect"},{"floor":24,"key":"Boot"},{"floor":26,"key":"Question Card"}],"event_choices":[{"damage_healed":0,"gold_gain":0,"player_choice":"Got Potions","damage_taken":0,"max_hp_gain":0,"max_hp_loss":0,"event_name":"Lab","floor":3,"gold_loss":0},{"damage_healed":0,"gold_gain":0,"player_choice":"Leave","damage_taken":0,"max_hp_gain":0,"max_hp_loss":0,"event_name":"The Cleric","floor":5,"gold_loss":0},{"damage_healed":0,"gold_gain":75,"player_choice":"Gather Gold","damage_taken":11,"max_hp_gain":0,"max_hp_loss":0,"event_name":"World of Goop","floor":14,"gold_loss":0},{"damage_healed":0,"gold_gain":0,"player_choice":"Read","damage_taken":0,"max_hp_gain":0,"max_hp_loss":0,"event_name":"The Library","floor":20,"gold_loss":0,"cards_obtained":["White Noise"]},{"damage_healed":0,"gold_gain":0,"cards_transformed":["Strike_B"],"player_choice":"Transformed","damage_taken":0,"max_hp_gain":0,"max_hp_loss":0,"event_name":"Transmorgrifier","floor":22,"gold_loss":0,"cards_obtained":["Aggregate"]},{"damage_healed":0,"gold_gain":0,"player_choice":"Gave Potion","damage_taken":0,"relics_obtained":["MawBank"],"max_hp_gain":0,"max_hp_loss":0,"event_name":"WeMeetAgain","floor":28,"gold_loss":0}],"is_beta":false,"boss_relics":[{"not_picked":["Ectoplasm","Sozu"],"picked":"Philosopher\u0027s Stone"}],"items_purged_floors":[],"is_endless":false,"potions_floor_spawned":[2,4,6,11,24,25],"killed_by":"3 Cultists","ascension_level":0}}