{"host":"0mk07bycsqo1qk03","time":1613996402,"event":{"mods":["BaseMod","Downfall","Hermit","Hubris","Minty Spire (QoL Compilation)","Reliquary","Replay The Spire","Spicy Shops","StSLib","The Hierophant"],"gold_per_floor":[114,114,114,142,142,181,224,224,247,18,18,18,18,90,90,237,237,289,362,41,104,189,189,225,127,127,203,203,203],"floor_reached":28,"language":"ENG","playtime":1524,"items_purged":[],"score":268,"play_id":"6e3c5817-fe00-4ad4-8ba8-a305143d573b","local_time":"20210222132002","is_ascension_mode":false,"campfire_choices":[{"data":"hierophant:RustyCrate","floor":8,"key":"SMITH"},{"data":"hierophant:Glossolalia","floor":11,"key":"SMITH"},{"data":"Voices","floor":15,"key":"PURGE"},{"floor":23,"key":"REST"}],"circlet_count":0,"master_deck":["hierophant:Strike_Hierophant","hierophant:Strike_Hierophant","hierophant:Strike_Hierophant","hierophant:Strike_Hierophant","hierophant:Punish+1","hierophant:Defend_Hierophant","hierophant:Defend_Hierophant","hierophant:Defend_Hierophant+1","hierophant:Defend_Hierophant","hierophant:ChurchCoffers","hierophant:Doubloon","hierophant:CursedGold","hierophant:Smite","hierophant:RustyCrate+1","hierophant:Doubloon","hierophant:Doubloon","hierophant:Glossolalia+1","hubris:NaturalOne","hierophant:Repentance","Demon Form","hierophant:Zeal","hierophant:RustyCrate","hierophant:Doubloon","hierophant:Doubloon","hierophant:Doubloon","hierophant:Charity","hierophant:ThreeLashes","Heavy Blade","Apotheosis","Forethought","Replay:BasicMightCard"],"relics":["hierophant:PropheticMaskRelic","NeowsBlessing","hubris:Icosahedron","hubris:DisguiseKit","Lantern","reliquary:Aerogel","CeramicFish","Juzu Bracelet","Painkiller Herb","Replay:Rubber Ducky","Mirror","ReplayTheSpireMod:ShopPack","Replay:Ringing Soul","Replay:Bottled Steam"],"acts_visited":["Exordium","TheCity"],"potions_floor_usage":[16,16,21,24,28],"damage_taken":[{"damage":0,"enemies":"Cultist","floor":1,"turns":1},{"damage":0,"enemies":"Jaw Worm","floor":4,"turns":1},{"damage":0,"enemies":"3 Sentries","floor":6,"turns":1},{"damage":0,"enemies":"2 Louse","floor":7,"turns":1},{"damage":4,"enemies":"Blue Slaver","floor":14,"turns":3},{"damage":45,"enemies":"Fading Forest","floor":16,"turns":11},{"damage":0,"enemies":"Spheric Guardian","floor":18,"turns":2},{"damage":24,"enemies":"3 Byrds","floor":19,"turns":4},{"damage":27,"enemies":"3 Cultists","floor":21,"turns":7},{"damage":14,"enemies":"Snecko","floor":22,"turns":6},{"damage":27,"enemies":"Chosen and Byrds","floor":24,"turns":7},{"damage":8,"enemies":"3 Cultists","floor":28,"turns":3}],"seed_played":"-1470280508930040230","potions_obtained":[{"floor":1,"key":"Guardian:BlockOnCardUsePotion"},{"floor":4,"key":"hexamod:SoulburnPotion"},{"floor":13,"key":"Death Potion"},{"floor":13,"key":"champ:CounterPotion"},{"floor":16,"key":"Block Potion"},{"floor":24,"key":"SkillPotion"}],"is_trial":false,"path_per_floor":["M","?","?","M","?","E","M","R","T","$","R","$","?","M","R","B",null,"?","?","T","?","?","T","?","T","T","T","?"],"character_chosen":"HIEROPHANT","items_purchased":["CeramicFish","Juzu Bracelet","Replay:Rubber Ducky","Mirror","ReplayTheSpireMod:ShopPack"],"campfire_rested":1,"item_purchase_floors":[10,10,20,20,25],"current_hp_per_floor":[75,75,75,75,60,60,75,75,75,75,75,75,75,71,71,26,75,75,51,51,24,10,32,5,5,5,5,0,0],"gold":203,"neow_bonus":"THREE_ENEMY_KILL","is_daily":false,"chose_seed":false,"campfire_upgraded":2,"win_rate":0.0,"timestamp":1613996402,"path_taken":["M","?","?","M","?","E","M","R","T","$","R","?","?","M","R","BOSS","?","?","?","?","?","T","?","?","T","?","?"],"items_purchased_type":["Relic","Relic","Relic","Relic","Relic"],"build_version":"2020-12-22","purchased_purges":0,"victory":false,"max_hp_per_floor":[75,75,75,75,75,75,75,75,75,75,75,75,75,75,75,75,75,75,75,75,75,75,75,75,75,75,75,75,75],"card_choices":[{"not_picked":["hierophant:TollTheBells","hierophant:Mercenaries"],"picked":"hierophant:CursedGold","floor":1},{"not_picked":["hierophant:MorningPrayer","hierophant:DisplayOfPower","Thunderclap"],"picked":"hierophant:Smite","floor":4},{"not_picked":["hierophant:Sermon","hierophant:Purify","Flex"],"picked":"hierophant:RustyCrate","floor":6},{"not_picked":["hierophant:RustyCrate","hierophant:Exaltation","Corruption"],"picked":"hierophant:Glossolalia","floor":7},{"not_picked":["hierophant:Encroach","hierophant:MorningPrayer","Thunderclap"],"picked":"hierophant:Repentance","floor":14},{"not_picked":["hierophant:Anathema","hierophant:LocustPlague","hierophant:MintersHammer"],"picked":"Demon Form","floor":16},{"not_picked":["hierophant:Rebuild","hierophant:DisplayOfPower","Armaments"],"picked":"hierophant:Zeal","floor":18},{"not_picked":["hierophant:RecallFunds+1","hierophant:Exaltation","Body Slam"],"picked":"hierophant:RustyCrate","floor":19},{"not_picked":["hierophant:RepressedViolence","hierophant:FlamingChariot","Warcry"],"picked":"hierophant:Charity","floor":21},{"not_picked":["hierophant:FieryStrike","hierophant:AuricBeam+1","Run Through"],"picked":"hierophant:ThreeLashes","floor":22},{"not_picked":["hierophant:RepressedViolence","hierophant:AuricBeam","hierophant:Zeal"],"picked":"Heavy Blade","floor":24},{"not_picked":["Poisoned Strike","Master of Strategy","Transmutation"],"picked":"Apotheosis","floor":25},{"not_picked":["Midas Touch","Swift Strike","ReplayTheSpireMod:Trickstab"],"picked":"Forethought","floor":25},{"not_picked":["Deep Breath","PanicButton","Jack Of All Trades"],"picked":"Replay:BasicMightCard","floor":25}],"player_experience":1055195,"relics_obtained":[{"floor":6,"key":"Lantern"},{"floor":9,"key":"reliquary:Aerogel"},{"floor":26,"key":"Replay:Ringing Soul"},{"floor":27,"key":"Replay:Bottled Steam"}],"event_choices":[{"damage_healed":0,"gold_gain":0,"player_choice":"Entered Light","damage_taken":15,"max_hp_gain":0,"max_hp_loss":0,"event_name":"Shining Light","floor":5,"gold_loss":0,"cards_upgraded":["hierophant:Defend_Hierophant","hierophant:Punish"]},{"damage_healed":0,"gold_gain":0,"player_choice":"Got Potions","damage_taken":0,"max_hp_gain":0,"max_hp_loss":0,"event_name":"Lab","floor":13,"gold_loss":0}],"is_beta":false,"boss_relics":[{"not_picked":["Pandora\u0027s Box","Replay:Bronze Core"],"picked":"Painkiller Herb"}],"items_purged_floors":[],"is_endless":false,"potions_floor_spawned":[1,4,14,16,24],"killed_by":"3 Cultists","ascension_level":0}}