{"host":"zyn2zcp8fez1ptuq","time":1613952506,"event":{"mods":["BaseMod","BetterRewards","Bossed Relics","Downfall","Hermit","Hubris","Infinite Spire","Minty Spire (QoL Compilation)","Replay The Spire","Robot Space Explorer","Shade Mod","Shop Mod","StSLib","The Animator","The Cursed","The Jungle","The Marked","The Necromancer"],"gold_per_floor":[110,110,110,110,126,160,177,191,217,4,4,15,40,40,40,136,136,146,146,162,180,30,30,130,130,130],"floor_reached":25,"language":"ENG","playtime":14704,"items_purged":[],"score":311,"play_id":"adeb4035-f5a3-4ccc-8ae4-3bb5b66a0bc7","local_time":"20210221190826","is_ascension_mode":false,"campfire_choices":[{"floor":11,"key":"REST"},{"floor":15,"key":"REST"},{"floor":23,"key":"REST"}],"circlet_count":0,"master_deck":["Strike_B+1","Strike_B","Strike_B","Defend_B","Defend_B","Defend_B","Defend_B","Zap","Dualcast","ReplayUltimateDefense","Defragment+1","Beam Cell","Self Repair","Machine Learning","Leap","Redo","Hello World","FTL","Panic Button","Sweeping Beam","Conserve Battery","Consume","ReplayTheSpireMod:Omega Cannon","Static Discharge+1","RitualDagger","Auto Shields","White Noise","Turbo"],"relics":["Cracked Core","Singing Bowl","Bag of Marbles","Anchor","hubris:HollowSoul","Dream Catcher"],"acts_visited":["Exordium","TheCity"],"potions_floor_usage":[5,16,16,21],"damage_taken":[{"damage":4,"enemies":"Cultist","floor":1,"turns":4},{"damage":6,"enemies":"Jaw Worm","floor":5,"turns":2},{"damage":18,"enemies":"Replay:BlueRogue","floor":6,"turns":5},{"damage":5,"enemies":"2 Louse","floor":7,"turns":3},{"damage":15,"enemies":"Large Slime","floor":8,"turns":5},{"damage":16,"enemies":"Red Slaver","floor":12,"turns":4},{"damage":36,"enemies":"Lagavulin","floor":13,"turns":6},{"damage":30,"enemies":"Hexaghost","floor":16,"turns":7},{"damage":20,"enemies":"2 Thieves","floor":18,"turns":4},{"damage":0,"enemies":"3 Byrds","floor":20,"turns":3},{"damage":3,"enemies":"Snecko","floor":21,"turns":4},{"damage":21,"enemies":"Nightmare","floor":25,"turns":2}],"seed_played":"-3878462765550865978","potions_obtained":[{"floor":1,"key":"Adrenaline Potion"},{"floor":6,"key":"hexamod:SoulburnPotion"},{"floor":7,"key":"PotionOfCapacity"},{"floor":13,"key":"FairyPotion"},{"floor":18,"key":"Energy Potion"}],"is_trial":false,"path_per_floor":["M","T","?","?","M","E","M","M","T","$","R","M","E","?","R","B",null,"M","?","M","M","$","R","?","NM"],"character_chosen":"DEFECT","items_purchased":["ReplayUltimateDefense","Redo","Hello World","FTL","Panic Button","Dream Catcher"],"campfire_rested":3,"item_purchase_floors":[0,10,10,10,10,22],"current_hp_per_floor":[71,71,56,56,50,32,34,26,26,26,48,39,10,10,32,9,75,62,56,63,67,67,75,75,0,0],"gold":130,"neow_bonus":"","is_daily":false,"chose_seed":false,"campfire_upgraded":0,"win_rate":0.0,"timestamp":1613952506,"path_taken":["M","?","?","?","M","E","M","M","T","$","R","M","E","?","R","BOSS","M","?","M","M","$","R","?","NM"],"items_purchased_type":["Card","Card","Card","Card","Card","Relic"],"build_version":"2020-12-22","purchased_purges":0,"victory":false,"max_hp_per_floor":[75,75,75,75,75,75,75,75,75,75,75,75,75,75,75,75,75,75,75,75,75,75,75,75,75,75],"card_choices":[{"not_picked":["Auto Shields","Leap"],"picked":"Defragment","floor":1},{"not_picked":["Coolheaded","Lockon"],"picked":"Beam Cell","floor":5},{"not_picked":["BasicCrystalCard","Sweeping Beam"],"picked":"Self Repair","floor":6},{"not_picked":["Turbo","Beam Cell"],"picked":"Machine Learning","floor":7},{"not_picked":["Barrage","Glacier"],"picked":"Leap","floor":8},{"not_picked":["Steam","BasicCrystalCard"],"picked":"Sweeping Beam","floor":12},{"not_picked":["Coolheaded","Barrage"],"picked":"Conserve Battery","floor":13},{"not_picked":["Hyperbeam","Machine Learning"],"picked":"ReplayTheSpireMod:Omega Cannon","floor":16},{"not_picked":["Rebound","Leap"],"picked":"Static Discharge+1","floor":18},{"not_picked":["Scrape","Darkness"],"picked":"Auto Shields","floor":20},{"not_picked":["Sunder","Steam"],"picked":"White Noise","floor":21},{"not_picked":["Sweeping Beam","Cold Snap"],"picked":"Turbo","floor":23}],"player_experience":517904,"relics_obtained":[{"floor":2,"key":"Singing Bowl"},{"floor":6,"key":"Bag of Marbles"},{"floor":13,"key":"Anchor"}],"event_choices":[{"damage_healed":0,"gold_gain":0,"player_choice":"Entered Light","damage_taken":15,"max_hp_gain":0,"max_hp_loss":0,"event_name":"Shining Light","floor":3,"gold_loss":0,"cards_upgraded":["Strike_B","Defragment"]},{"damage_healed":0,"gold_gain":0,"cards_transformed":["Strike_B"],"player_choice":"Transformed","damage_taken":0,"max_hp_gain":0,"max_hp_loss":0,"event_name":"Transmorgrifier","floor":14,"gold_loss":0,"cards_obtained":["Consume"]},{"damage_healed":0,"gold_gain":0,"player_choice":"Joined the Cult","damage_taken":6,"max_hp_gain":0,"max_hp_loss":0,"event_name":"Nest","floor":19,"gold_loss":0,"cards_obtained":["RitualDagger"]},{"damage_healed":0,"gold_gain":100,"player_choice":"Pray","damage_taken":0,"max_hp_gain":0,"max_hp_loss":0,"event_name":"Golden Shrine","floor":24,"gold_loss":0}],"is_beta":false,"boss_relics":[{"not_picked":["hubris:CrackedHourglass","FrozenCore"],"picked":"hubris:HollowSoul"}],"items_purged_floors":[],"is_endless":false,"potions_floor_spawned":[1,6,7,13,18],"killed_by":"Nightmare","ascension_level":0}}