{"host":"3n5xmnb54n2y5mb4","time":1613976962,"event":{"mods":["BaseMod","Colored Map","Colored Powertips","Downfall","Minty Spire (QoL Compilation)","Permanent Neow","StSLib","Unceasing Turn Reminder","everything is the same but u backflip on backflip"],"gold_per_floor":[117,96,111,1,14,45,45,79,104,139,139,139,22,41,41,136,136,153,153,165,179,179,179,6,41,41,41,41,54,54,64,64,64,64],"floor_reached":33,"language":"ENG","playtime":1029,"items_purged":["Injury"],"score":478,"play_id":"c373a192-ccc2-418c-83a1-7fe344e0fd4a","local_time":"20210222015602","is_ascension_mode":true,"campfire_choices":[{"floor":7,"key":"REST"},{"floor":15,"key":"REST"},{"floor":23,"key":"REST"},{"floor":27,"key":"REST"},{"floor":30,"key":"REST"},{"floor":32,"key":"REST"}],"circlet_count":0,"master_deck":["AscendersBane","Strike_R","Strike_R","Strike_R","Strike_R","Defend_R","Defend_R","Defend_R","Bash","Combust","Metallicize","Armaments+1","Rupture","Blood for Blood","Brutality","Rupture","Rupture","Barricade","CurseOfTheBell","Metallicize","J.A.X.","Twin Strike+1","Apotheosis","Feed","Clothesline","Blood for Blood"],"relics":["Burning Blood","Strawberry","PreservedInsect","Guardian:PocketSentry","Pocketwatch","Calling Bell","Vajra","InkBottle","Thread and Needle","Singing Bowl","Question Card"],"acts_visited":["Exordium","TheCity"],"potions_floor_usage":[10,21,33,33],"damage_taken":[{"damage":7,"enemies":"Jaw Worm","floor":1,"turns":5},{"damage":15,"enemies":"2 Louse","floor":3,"turns":3},{"damage":5,"enemies":"Cultist","floor":5,"turns":4},{"damage":25,"enemies":"Gremlin Nob","floor":6,"turns":4},{"damage":25,"enemies":"3 Sentries","floor":8,"turns":6},{"damage":23,"enemies":"Gremlin Nob","floor":10,"turns":4},{"damage":6,"enemies":"Looter","floor":14,"turns":3},{"damage":33,"enemies":"Slime Boss","floor":16,"turns":6},{"damage":11,"enemies":"Shell Parasite","floor":18,"turns":5},{"damage":41,"enemies":"3 Byrds","floor":20,"turns":5},{"damage":40,"enemies":"Snake Plant","floor":21,"turns":4},{"damage":40,"enemies":"Slavers","floor":25,"turns":5},{"damage":19,"enemies":"Snecko","floor":29,"turns":4},{"damage":51,"enemies":"3 Cultists","floor":31,"turns":5},{"damage":44,"enemies":"Collector","floor":33,"turns":5}],"seed_played":"-6906243231259323120","potions_obtained":[{"floor":1,"key":"Swift Potion"},{"floor":8,"key":"DistilledChaos"},{"floor":14,"key":"CultistPotion"},{"floor":20,"key":"Fruit Juice"},{"floor":25,"key":"HeartOfIron"}],"is_trial":false,"path_per_floor":["M","?","M","$","M","E","R","E","T","E","?","?","$","M","R","B",null,"M","?","M","M","?","R","$","E","T","R","?","M","R","M","R","B"],"character_chosen":"IRONCLAD","items_purchased":["Rupture","Rupture","Dexterity Potion","Apotheosis"],"campfire_rested":6,"item_purchase_floors":[4,13,13,24],"current_hp_per_floor":[71,71,62,62,63,51,77,58,58,41,41,46,46,46,73,46,81,76,76,41,12,12,41,41,7,7,36,36,23,52,11,41,0,0],"gold":64,"neow_bonus":"TRANSFORM_TWO_CARDS","is_daily":false,"chose_seed":false,"campfire_upgraded":0,"win_rate":0.0,"timestamp":1613976962,"path_taken":["M","?","M","$","M","E","R","E","T","E","?","?","?","M","R","BOSS","M","?","M","M","?","R","?","E","T","R","?","?","R","M","R","BOSS"],"items_purchased_type":["Card","Card","Potion","Card"],"build_version":"2020-12-22","purchased_purges":1,"victory":false,"max_hp_per_floor":[80,80,80,80,80,87,87,87,87,87,87,92,92,92,92,92,92,92,92,92,97,97,97,97,97,97,97,97,97,97,101,101,101,101],"card_choices":[{"not_picked":["Headbutt","Body Slam"],"picked":"Armaments","floor":1},{"not_picked":["Armaments","Warcry","Inflame"],"picked":"SKIP","floor":3},{"not_picked":["Pummel","Power Through"],"picked":"Blood for Blood","floor":5},{"not_picked":["Perfected Strike","Inflame"],"picked":"Brutality","floor":6},{"not_picked":["Armaments","Clothesline","Thunderclap"],"picked":"SKIP","floor":8},{"not_picked":["Impervious","Pommel Strike"],"picked":"Rupture","floor":10},{"not_picked":["Pommel Strike","Sentinel","Wild Strike"],"picked":"SKIP","floor":14},{"not_picked":["Impervious","Brutality"],"picked":"Barricade","floor":16},{"not_picked":["Dark Embrace","Havoc"],"picked":"Metallicize","floor":18},{"not_picked":["Pummel","Thunderclap"],"picked":"Twin Strike+1","floor":20},{"not_picked":["Havoc","Headbutt","Seeing Red"],"picked":"SKIP","floor":21},{"not_picked":["Perfected Strike","Clash"],"picked":"Feed","floor":25},{"not_picked":["Headbutt+1","Dropkick","Uppercut"],"picked":"Clothesline","floor":29},{"not_picked":["Perfected Strike","Combust","Searing Blow"],"picked":"Blood for Blood","floor":31}],"player_experience":1127464,"relics_obtained":[{"floor":6,"key":"Strawberry"},{"floor":8,"key":"PreservedInsect"},{"floor":9,"key":"Guardian:PocketSentry"},{"floor":10,"key":"Pocketwatch"},{"floor":17,"key":"Vajra"},{"floor":17,"key":"InkBottle"},{"floor":17,"key":"Thread and Needle"},{"floor":25,"key":"Singing Bowl"},{"floor":26,"key":"Question Card"}],"event_choices":[{"damage_healed":0,"gold_gain":0,"player_choice":"Left Gold","damage_taken":0,"max_hp_gain":0,"max_hp_loss":0,"event_name":"World of Goop","floor":2,"gold_loss":21},{"damage_healed":0,"gold_gain":0,"player_choice":"Grow","damage_taken":0,"max_hp_gain":0,"max_hp_loss":0,"event_name":"Living Wall","floor":11,"gold_loss":0,"cards_upgraded":["Armaments"]},{"damage_healed":0,"gold_gain":0,"player_choice":"Donut","damage_taken":0,"max_hp_gain":5,"max_hp_loss":0,"event_name":"Big Fish","floor":12,"gold_loss":0},{"damage_healed":0,"gold_gain":0,"player_choice":"Obtain J.A.X.","damage_taken":0,"max_hp_gain":0,"max_hp_loss":0,"event_name":"Drug Dealer","floor":19,"gold_loss":0,"cards_obtained":["J.A.X."]},{"damage_healed":0,"gold_gain":0,"player_choice":"Ignored","damage_taken":0,"max_hp_gain":0,"max_hp_loss":0,"event_name":"Vampires","floor":22,"gold_loss":0},{"damage_healed":0,"gold_gain":0,"player_choice":"Ignored","damage_taken":0,"max_hp_gain":0,"max_hp_loss":0,"event_name":"WeMeetAgain","floor":28,"gold_loss":0}],"is_beta":false,"boss_relics":[{"not_picked":["Empty Cage","Ectoplasm"],"picked":"Calling Bell"}],"items_purged_floors":[4],"is_endless":false,"potions_floor_spawned":[1,8,14,16,18,20,25],"killed_by":"Collector","ascension_level":12}}