{"host":"dg9ago0zd82drrsw","time":1613974069,"event":{"mods":["BaseMod","Bestiary","Downfall","GifTheSpireLib","Minty Spire (QoL Compilation)","Relic Stats","StSLib"],"gold_per_floor":[99,115,126,126,142,142,142,155,13,47,47,47,47,81,93,192,192,192,205,218,218,56,56,128,143,143,43,43,72,72,103,116,220,220,220,239,251,266,266,278,278,290,290,324,324,324,335,32,49,49,49,49],"floor_reached":50,"language":"ENG","playtime":1908,"items_purged":["Slimebound:Defend_Slimebound"],"score":629,"play_id":"7adaa6c2-da80-4daa-9448-6c4477b41456","local_time":"20210222090749","is_ascension_mode":true,"campfire_choices":[{"data":"Slimebound:CorrosiveSpit","floor":1.0,"key":"SMITH"},{"data":"Slimebound:GoopTackle","floor":6.0,"key":"SMITH"},{"data":"Slimebound:Overexert","floor":18.0,"key":"SMITH"},{"data":"Slimebound:Recycling","floor":23.0,"key":"SMITH"},{"data":"Slimebound:Schlurp","floor":27.0,"key":"SMITH"},{"data":"Slimebound:Schlurp","floor":28.0,"key":"SMITH"},{"data":"Slimebound:Split","floor":30.0,"key":"SMITH"},{"data":"Slimebound:SlimeSlap","floor":35.0,"key":"SMITH"},{"floor":43,"key":"REST"}],"circlet_count":0,"master_deck":["Slimebound:Tackle","Slimebound:Defend_Slimebound","Slimebound:Defend_Slimebound","Slimebound:Defend_Slimebound","Slimebound:Split+1","Slimebound:CorrosiveSpit+1","Slimebound:GoopTackle+1","Slimebound:Schlurp+1","Slimebound:Prepare+1","Slimebound:MassRepurpose","Slimebound:MegaLick","Slimebound:SplitBruiser","Slimebound:ForwardTackle","Slimebound:Overexert+1","Slimebound:SlimeSpikes","Slimebound:Schlurp+1","Slimebound:GoopSpray","Slimebound:Recycling+1","Slimebound:SplitBruiser","Slimebound:Nibble","Slimebound:Chomp","Slimebound:Schlurp+1","Slimebound:SlimeSlap+1","Slimebound:RollThrough","Slimebound:LivingWall","Slimebound:RejuvenatingLick","Slimebound:MassRepurpose","Slimebound:SamplingLick","Slimebound:SpikyOuterGoop+1","Slimebound:SlimeSlap+1","Slimebound:ViciousTackle","Slimebound:WasteNot","Slimebound:RejuvenatingLick","Slimebound:SlimeTap"],"relics":["Slimebound:AbsorbEndCombat","MealTicket","Pantograph","Orichalcum","Turnip","WingedGreaves","SacredBark","Eternal Feather","Gremlin Horn","downfall:HeartBlessingGreen","StrikeDummy","TungstenRod","SlaversCollar","FossilizedHelix","Darkstone Periapt","HornCleat"],"acts_visited":["Exordium","TheCity","TheBeyond"],"potions_floor_usage":[42,49,50],"damage_taken":[{"damage":2.0,"enemies":"Jaw Worm","floor":2.0,"turns":5.0},{"damage":6.0,"enemies":"Cultist","floor":3.0,"turns":2.0},{"damage":6.0,"enemies":"2 Louse","floor":5.0,"turns":1.0},{"damage":18.0,"enemies":"Exordium Wildlife","floor":8.0,"turns":4.0},{"damage":0.0,"enemies":"downfall:FleeingMerchant","floor":9.0,"turns":4.0},{"damage":18.0,"enemies":"Gremlin Nob","floor":10.0,"turns":3.0},{"damage":15.0,"enemies":"3 Sentries","floor":14.0,"turns":3.0},{"damage":6.0,"enemies":"downfall:LooterAlt","floor":15.0,"turns":2.0},{"damage":34.0,"enemies":"IC_STATUS_ARCHETYPE","floor":16.0,"turns":7.0},{"damage":6.0,"enemies":"Spheric Guardian","floor":19.0,"turns":4.0},{"damage":33.0,"enemies":"3 Byrds","floor":20.0,"turns":5.0},{"damage":6.0,"enemies":"downfall:FleeingMerchant","floor":22.0,"turns":4.0},{"damage":17.0,"enemies":"Cultist and Chosen","floor":25.0,"turns":5.0},{"damage":17.0,"enemies":"Slavers","floor":29.0,"turns":3.0},{"damage":46.0,"enemies":"Gremlin Leader","floor":31.0,"turns":7.0},{"damage":3.0,"enemies":"3 Cultists","floor":32.0,"turns":5.0},{"damage":14.0,"enemies":"DF_ARCHETYPE_CLAW","floor":33.0,"turns":7.0},{"damage":10.0,"enemies":"Orb Walker","floor":36.0,"turns":3.0},{"damage":8.0,"enemies":"3 Shapes","floor":37.0,"turns":4.0},{"damage":1.0,"enemies":"Writhing Mass","floor":38.0,"turns":5.0},{"damage":38.0,"enemies":"Transient","floor":40.0,"turns":5.0},{"damage":29,"enemies":"Jaw Worm Horde","floor":42,"turns":5},{"damage":4,"enemies":"Nemesis","floor":44,"turns":7},{"damage":11,"enemies":"Spire Growth","floor":47,"turns":6},{"damage":6,"enemies":"downfall:FleeingMerchant","floor":48,"turns":4},{"damage":23,"enemies":"3 Darklings","floor":49,"turns":4},{"damage":80,"enemies":"WA_ARCHETYPE_DIVINITY","floor":50,"turns":7}],"seed_played":"-3448980985989809913","potions_obtained":[{"floor":0.0,"key":"Explosive Potion"},{"floor":0.0,"key":"DuplicationPotion"},{"floor":0.0,"key":"Slimebound:ThreeZeroPotion"},{"floor":10.0,"key":"PowerPotion"},{"floor":16.0,"key":"GamblersBrew"},{"floor":31.0,"key":"Slimebound:SlimedPotion"},{"floor":32.0,"key":"Block Potion"},{"floor":36.0,"key":"Block Potion"},{"floor":38.0,"key":"Slimebound:SpawnSlimePotion"},{"floor":47,"key":"Slimebound:SlimedPotion"}],"is_trial":false,"path_per_floor":["R","M","M","?","M","R","T","M","$","E","?","T","?","E","M","B",null,"R","M","M","?","$","R","T","M","T","R","R","E","R","E","M","B",null,"R","M","M","M","?","M","T","M","R","E","?","?","M","$","M","B"],"character_chosen":"SLIMEBOUND","items_purchased":["Slimebound:SplitBruiser","Slimebound:Recycling","HornCleat","Slimebound:RejuvenatingLick"],"campfire_rested":1,"item_purchase_floors":[9,22,48,48],"current_hp_per_floor":[65,65,61,61,57,57,57,45,64,50,47,47,47,38,34,33,65,65,59,30,30,45,45,45,32,32,44,56,47,59,21,26,45,65,65,59,57,60,60,28,28,7,41,45,45,45,42,57,40,0,0,0],"gold":49,"neow_bonus":"THREE_SMALL_POTIONS","is_daily":false,"chose_seed":false,"campfire_upgraded":8,"win_rate":0.0,"timestamp":1613974069,"path_taken":["R","M","M","?","M","R","T","?","$","E","?","?","?","E","M","BOSS","R","M","M","?","$","R","T","?","?","R","R","E","R","E","M","BOSS","R","M","M","M","?","?","T","M","R","E","?","?","?","$","M","BOSS"],"items_purchased_type":["Card","Card","Relic","Card"],"build_version":"2020-12-22","purchased_purges":1,"victory":false,"max_hp_per_floor":[65,65,65,65,65,65,65,65,65,65,65,65,65,65,65,65,65,65,65,65,65,65,65,65,65,65,65,65,65,65,65,65,65,65,65,65,65,65,65,65,65,65,65,65,65,65,65,65,65,65,65,65],"relic_stats":{"Darkstone Periapt":0,"Gremlin Horn":[16,16],"counters":[27,120],"Pantograph":75,"MealTicket":45,"Eternal Feather":51,"Turnip":[5],"Orichalcum":[66],"obtain_stats":[{"Darkstone Periapt":44,"Gremlin Horn":26,"SacredBark":17,"Eternal Feather":24,"downfall:HeartBlessingGreen":27,"Orichalcum":11,"SlaversCollar":34,"HornCleat":48,"Pantograph":10,"MealTicket":7,"Turnip":12,"WingedGreaves":14,"Slimebound:AbsorbEndCombat":0,"StrikeDummy":29,"TungstenRod":31,"FossilizedHelix":41},{"Darkstone Periapt":23,"Gremlin Horn":13,"SacredBark":9,"Eternal Feather":12,"downfall:HeartBlessingGreen":13,"Orichalcum":6,"SlaversCollar":17,"HornCleat":25,"Pantograph":6,"MealTicket":3,"Turnip":6,"WingedGreaves":7,"Slimebound:AbsorbEndCombat":0,"StrikeDummy":14,"TungstenRod":15,"FossilizedHelix":21},{"Darkstone Periapt":99,"Gremlin Horn":48,"SacredBark":31,"Eternal Feather":43,"downfall:HeartBlessingGreen":48,"Orichalcum":19,"SlaversCollar":70,"HornCleat":109,"Pantograph":19,"MealTicket":8,"Turnip":19,"WingedGreaves":22,"Slimebound:AbsorbEndCombat":0,"StrikeDummy":51,"TungstenRod":58,"FossilizedHelix":87}],"TungstenRod":30},"card_choices":[{"not_picked":["Slimebound:SplitBruiser","Slimebound:FinishingTackle"],"picked":"Slimebound:GoopTackle","floor":2.0},{"not_picked":["Slimebound:SplitBruiser","Slimebound:ComboTackle"],"picked":"Slimebound:Schlurp","floor":3.0},{"not_picked":["Slimebound:SplitBruiser","Slimebound:ItLooksTasty"],"picked":"Slimebound:Prepare","floor":5.0},{"not_picked":["Slimebound:LeechingTouch","Slimebound:ItLooksTasty"],"picked":"Slimebound:MassRepurpose","floor":8.0},{"not_picked":["Slimebound:DisruptingSlam","Slimebound:GoopTackle"],"picked":"Slimebound:MegaLick","floor":9.0},{"not_picked":["Slimebound:LivingWall","Slimebound:ProtectTheBoss"],"picked":"Slimebound:ForwardTackle","floor":10.0},{"not_picked":["Slimebound:MassFeed","Slimebound:FinishingTackle","Slimebound:HauntingLick"],"picked":"SKIP","floor":14.0},{"not_picked":["Slimebound:LeechingTouch","Slimebound:TongueLash","Slimebound:LeechEnergy"],"picked":"SKIP","floor":15.0},{"not_picked":["Slimebound:PrepareCrush","Slimebound:DuplicatedForm"],"picked":"Slimebound:Overexert","floor":16.0},{"not_picked":["Slimebound:Replication","Slimebound:FinishingTackle"],"picked":"Slimebound:SlimeSpikes","floor":19.0},{"not_picked":["Slimebound:LeadByExample","Slimebound:LevelUp"],"picked":"Slimebound:Schlurp","floor":20.0},{"not_picked":["Slimebound:Prepare","Slimebound:LeechingTouch"],"picked":"Slimebound:GoopSpray","floor":22.0},{"not_picked":["Slimebound:FinishingTackle+1","Slimebound:SamplingLick"],"picked":"Slimebound:SplitBruiser","floor":25.0},{"not_picked":["Slimebound:SamplingLick","Slimebound:SlimeSlap"],"picked":"Slimebound:Nibble","floor":29.0},{"not_picked":["Slimebound:SamplingLick","Slimebound:Schlurp"],"picked":"Slimebound:Chomp","floor":31.0},{"not_picked":["Slimebound:Nibble","Slimebound:RollThrough"],"picked":"Slimebound:Schlurp+1","floor":32.0},{"not_picked":["Slimebound:Darklings","Slimebound:WasteNot"],"picked":"Slimebound:SlimeSlap","floor":33.0},{"not_picked":["Slimebound:LeechEnergy","Slimebound:TongueLash"],"picked":"Slimebound:RollThrough","floor":36.0},{"not_picked":["Slimebound:ItLooksTasty","Slimebound:ComboTackle+1"],"picked":"Slimebound:LivingWall","floor":37.0},{"not_picked":["Slimebound:PressTheAttack","Slimebound:ServeAndProtect+1"],"picked":"Slimebound:RejuvenatingLick","floor":38.0},{"not_picked":["Slimebound:GoopTackle+1","Slimebound:LeechingTouch+1","Slimebound:GrowthPunch+1"],"picked":"SKIP","floor":40.0},{"not_picked":["Slimebound:SplitMire","Slimebound:DivideAndConquer+1"],"picked":"Slimebound:SamplingLick","floor":42},{"not_picked":["Slimebound:Nibble","Slimebound:SplitLeeching+1"],"picked":"Slimebound:SpikyOuterGoop+1","floor":44},{"not_picked":["Slimebound:HauntingLick","Slimebound:SplitBruiser"],"picked":"Slimebound:ViciousTackle","floor":47},{"not_picked":["Slimebound:SplitLeeching","Slimebound:SplitBruiser"],"picked":"Slimebound:WasteNot","floor":48},{"not_picked":["Slimebound:ComboTackle+1","Slimebound:LeechingTouch+1"],"picked":"Slimebound:SlimeTap","floor":49}],"player_experience":765953,"relics_obtained":[{"floor":7.0,"key":"MealTicket"},{"floor":10.0,"key":"Pantograph"},{"floor":12.0,"key":"Turnip"},{"floor":14.0,"key":"WingedGreaves"},{"floor":24.0,"key":"Eternal Feather"},{"floor":26.0,"key":"Gremlin Horn"},{"floor":29.0,"key":"StrikeDummy"},{"floor":31.0,"key":"TungstenRod"},{"floor":41.0,"key":"FossilizedHelix"},{"floor":44,"key":"Darkstone Periapt"}],"event_choices":[{"damage_healed":0.0,"max_hp_gain":0.0,"max_hp_loss":0.0,"gold_gain":0.0,"event_name":"Scrap Ooze","player_choice":"Success","floor":11.0,"gold_loss":0.0,"damage_taken":3.0,"relics_obtained":["Orichalcum"]},{"cards_removed":["Slimebound:Strike_Slimebound"],"damage_healed":0.0,"max_hp_gain":0.0,"max_hp_loss":0.0,"gold_gain":0.0,"event_name":"The Cleric","player_choice":"Card Removal","floor":13.0,"gold_loss":0.0,"damage_taken":0.0},{"damage_healed":0.0,"max_hp_gain":0.0,"max_hp_loss":0.0,"gold_gain":0.0,"event_name":"Accursed Blacksmith","player_choice":"Forge","floor":21.0,"gold_loss":0.0,"damage_taken":0.0,"cards_upgraded":["Slimebound:Prepare"]}],"is_beta":false,"boss_relics":[{"not_picked":["Empty Cage","Cursed Key"],"picked":"SacredBark"},{"not_picked":["Calling Bell","Runic Dome"],"picked":"SlaversCollar"}],"items_purged_floors":[9],"is_endless":false,"potions_floor_spawned":[2,3,10,16,25,31,32,36,38,47],"killed_by":"WA_ARCHETYPE_DIVINITY","ascension_level":3}}