{"host":"g907ck67u7c3hrs6","time":1613988164,"event":{"mods":["BaseMod","Colored Map","DeckTracker","Force Act Four","Highlight Path","Keyboard Shortcuts","Minty Spire (QoL Compilation)","Permanent Neow","Say the Spire","SuperFastMode"],"gold_per_floor":[109,120,133,144,156,190,216,246,271,304,329,354,381,416,416,495,495,511,248,268,268,284,284,298,326,326,353,373,401,445,471,471,556,556,566,592,605,629,143,171,198,233,258,286,317,355,390,422,422,422,422,422,422,4,29,29],"floor_reached":57,"language":"KOR","playtime":2259,"items_purged":["Prepared","Backstab"],"score":4616,"play_id":"060df5d2-4eb1-4db5-bf0d-e46d97516191","local_time":"20210222190244","daily_mods":["SealedDeck","Heirloom","Time Dilation","Flight","DeadlyEvents","Elite Swarm"],"is_ascension_mode":true,"campfire_choices":[{"data":"Expertise","floor":15.0,"key":"SMITH"},{"data":"Apotheosis","floor":23.0,"key":"SMITH"},{"data":"Slice","floor":32.0,"key":"PURGE"},{"floor":49,"key":"RECALL"},{"data":"Tactician","floor":53,"key":"PURGE"}],"circlet_count":0,"master_deck":["AscendersBane","Dagger Throw","Dagger Throw+1","Expertise+1","Backstab","Tactician","Backstab+1","Malaise","After Image","Apotheosis+1","Calculated Gamble","Adrenaline","Adrenaline","Acrobatics","Reflex","After Image","After Image"],"relics":["Ring of the Serpent","Peace Pipe","Pantograph","Oddly Smooth Stone","Bag of Marbles","Centennial Puzzle","Happy Flower","Boot","TungstenRod","CeramicFish","Mummified Hand","Molten Egg 2","Tingsha","Bag of Preparation","Snake Skull","Vajra","Empty Cage","Calipers","TheAbacus","Art of War","The Courier","Shovel","Toy Ornithopter","Whetstone","Shuriken","FossilizedHelix","Blood Vial","Bottled Tornado","Lee\u0027s Waffle","Strawberry","Sundial"],"acts_visited":["Exordium","TheCity","TheBeyond","TheEnding"],"potions_floor_usage":[51,56,56],"damage_taken":[{"damage":0.0,"enemies":"Small Slimes","floor":1.0,"turns":1.0},{"damage":0.0,"enemies":"Cultist","floor":2.0,"turns":1.0},{"damage":0.0,"enemies":"2 Louse","floor":3.0,"turns":1.0},{"damage":2.0,"enemies":"Exordium Wildlife","floor":4.0,"turns":2.0},{"damage":0.0,"enemies":"Blue Slaver","floor":5.0,"turns":1.0},{"damage":0.0,"enemies":"Gremlin Nob","floor":6.0,"turns":2.0},{"damage":0.0,"enemies":"Lagavulin","floor":7.0,"turns":2.0},{"damage":0.0,"enemies":"Gremlin Nob","floor":8.0,"turns":2.0},{"damage":0.0,"enemies":"Lagavulin","floor":10.0,"turns":1.0},{"damage":1.0,"enemies":"3 Sentries","floor":11.0,"turns":4.0},{"damage":0.0,"enemies":"Lagavulin","floor":12.0,"turns":3.0},{"damage":5.0,"enemies":"3 Sentries","floor":13.0,"turns":3.0},{"damage":0.0,"enemies":"Lagavulin","floor":14.0,"turns":1.0},{"damage":14.0,"enemies":"Slime Boss","floor":16.0,"turns":6.0},{"damage":0.0,"enemies":"2 Thieves","floor":18.0,"turns":2.0},{"damage":0.0,"enemies":"Spheric Guardian","floor":20.0,"turns":3.0},{"damage":0.0,"enemies":"Shelled Parasite and Fungi","floor":22.0,"turns":2.0},{"damage":0.0,"enemies":"Snake Plant","floor":24.0,"turns":1.0},{"damage":6.0,"enemies":"Gremlin Leader","floor":25.0,"turns":2.0},{"damage":9.0,"enemies":"Book of Stabbing","floor":27.0,"turns":2.0},{"damage":0.0,"enemies":"Centurion and Healer","floor":28.0,"turns":1.0},{"damage":6.0,"enemies":"Slavers","floor":29.0,"turns":2.0},{"damage":0.0,"enemies":"Book of Stabbing","floor":30.0,"turns":2.0},{"damage":4.0,"enemies":"Gremlin Leader","floor":31.0,"turns":3.0},{"damage":0.0,"enemies":"Champ","floor":33.0,"turns":2.0},{"damage":32.0,"enemies":"3 Shapes","floor":35.0,"turns":2.0},{"damage":0.0,"enemies":"Orb Walker","floor":36.0,"turns":1.0},{"damage":0.0,"enemies":"4 Shapes","floor":37.0,"turns":1.0},{"damage":0.0,"enemies":"3 Darklings","floor":38.0,"turns":1.0},{"damage":0,"enemies":"Giant Head","floor":40,"turns":1},{"damage":0,"enemies":"Reptomancer","floor":41,"turns":1},{"damage":0,"enemies":"Nemesis","floor":42,"turns":1},{"damage":0,"enemies":"Reptomancer","floor":44,"turns":1},{"damage":0,"enemies":"Nemesis","floor":45,"turns":1},{"damage":0,"enemies":"Reptomancer","floor":46,"turns":2},{"damage":0,"enemies":"Nemesis","floor":47,"turns":1},{"damage":0,"enemies":"Giant Head","floor":48,"turns":2},{"damage":0,"enemies":"Time Eater","floor":50,"turns":3},{"damage":0,"enemies":"Awakened One","floor":51,"turns":3},{"damage":0,"enemies":"Shield and Spear","floor":55,"turns":1},{"damage":0,"enemies":"The Heart","floor":56,"turns":4}],"seed_played":"-3290689750169860981","potions_obtained":[{"floor":1.0,"key":"Block Potion"},{"floor":5.0,"key":"Block Potion"},{"floor":6.0,"key":"Fruit Juice"},{"floor":7.0,"key":"Dexterity Potion"},{"floor":20.0,"key":"EntropicBrew"}],"is_trial":true,"path_per_floor":["M","M","M","M","M","E","E","E","T","E","E","E","E","E","R","B",null,"M","$","M","$","M","R","M","E","T","E","M","E","E","E","R","B",null,"M","M","M","M","$","E","E","E","T","E","E","E","E","E","R","B","B",null,"R","$","E","B",null],"character_chosen":"THE_SILENT","items_purchased":["Apotheosis","Calipers","TheAbacus","Lee\u0027s Waffle","Strawberry","Ancient Potion"],"campfire_rested":0,"item_purchase_floors":[19,39,39,54,54,54],"current_hp_per_floor":[59,59,59,57,57,62,62,62,62,62,61,61,56,56,56,57,68,68,68,68,68,68,68,68,62,62,53,53,47,47,43,43,68,70,38,38,38,38,38,38,38,38,38,38,38,38,38,40,40,67,71,71,71,85,85,85],"gold":29,"neow_bonus":"","is_daily":false,"chose_seed":false,"campfire_upgraded":2,"win_rate":0.0,"timestamp":1613988164,"path_taken":["M","M","M","M","M","E","E","E","T","E","E","E","E","E","R","BOSS","M","$","M","$","M","R","M","E","T","E","M","E","E","E","R","BOSS","M","M","M","M","$","E","E","E","T","E","E","E","E","E","R","BOSS","BOSS","R","$","E","BOSS"],"items_purchased_type":["Card","Relic","Relic","Relic","Relic","Potion"],"build_version":"2020-12-22","purchased_purges":2,"victory":true,"max_hp_per_floor":[66,66,66,66,66,71,71,71,71,71,71,71,71,71,71,71,71,71,71,71,71,71,71,71,71,71,71,71,71,71,71,71,71,71,71,71,71,71,71,71,71,71,71,71,71,71,71,71,71,71,71,71,71,85,85,85],"card_choices":[{"not_picked":["Dagger Throw","Backflip"],"picked":"Tactician","floor":1.0},{"not_picked":["Flying Knee","Underhanded Strike","Dash"],"picked":"SKIP","floor":2.0},{"not_picked":["Finisher","Well Laid Plans"],"picked":"Prepared","floor":3.0},{"not_picked":["Dagger Throw","Outmaneuver","Blade Dance"],"picked":"SKIP","floor":4.0},{"not_picked":["Dagger Spray","Flying Knee","Dagger Throw"],"picked":"SKIP","floor":5.0},{"not_picked":["Dagger Spray","Flying Knee","Dagger Throw"],"picked":"SKIP","floor":5.0},{"not_picked":["Wraith Form v2","Phantasmal Killer","Malaise"],"picked":"SKIP","floor":6.0},{"not_picked":["Wraith Form v2","Phantasmal Killer"],"picked":"Malaise","floor":6.0},{"not_picked":["Doppelganger","Unload","Grand Finale"],"picked":"SKIP","floor":7.0},{"not_picked":["Phantasmal Killer","Night Terror","Grand Finale"],"picked":"SKIP","floor":8.0},{"not_picked":["Die Die Die","Malaise","Grand Finale"],"picked":"SKIP","floor":10.0},{"not_picked":["Storm of Steel","Die Die Die"],"picked":"After Image","floor":11.0},{"not_picked":["Tools of the Trade","Glass Knife","Unload"],"picked":"SKIP","floor":12.0},{"not_picked":["A Thousand Cuts","Night Terror","Phantasmal Killer"],"picked":"SKIP","floor":13.0},{"not_picked":["Night Terror","Storm of Steel","Envenom"],"picked":"SKIP","floor":14.0},{"not_picked":["Outmaneuver+1","Blade Dance","Slice"],"picked":"SKIP","floor":18.0},{"not_picked":["Dagger Spray","Dodge and Roll"],"picked":"Calculated Gamble","floor":20.0},{"not_picked":["Well Laid Plans","Prepared","PiercingWail"],"picked":"SKIP","floor":22.0},{"not_picked":["Riddle With Holes","Outmaneuver","Slice"],"picked":"SKIP","floor":24.0},{"not_picked":["Wraith Form v2","Envenom","Storm of Steel"],"picked":"SKIP","floor":25.0},{"not_picked":["A Thousand Cuts","Bullet Time","Night Terror"],"picked":"SKIP","floor":27.0},{"not_picked":["A Thousand Cuts","Bullet Time","Night Terror"],"picked":"SKIP","floor":27.0},{"not_picked":["A Thousand Cuts","Bullet Time","Night Terror"],"picked":"SKIP","floor":27.0},{"not_picked":["Bane+1","Setup","Dagger Throw+1"],"picked":"SKIP","floor":28.0},{"not_picked":["A Thousand Cuts","Glass Knife+1","Night Terror"],"picked":"SKIP","floor":29.0},{"not_picked":["A Thousand Cuts","Glass Knife+1","Night Terror"],"picked":"SKIP","floor":29.0},{"not_picked":["Envenom","Corpse Explosion"],"picked":"Adrenaline","floor":30.0},{"not_picked":["Venomology","Wraith Form v2","Die Die Die+1"],"picked":"SKIP","floor":31.0},{"not_picked":["Burst","Tools of the Trade"],"picked":"Adrenaline","floor":33.0},{"not_picked":["All Out Attack+1","Sucker Punch+1","PiercingWail+1"],"picked":"SKIP","floor":35.0},{"not_picked":["Quick Slash+1","Deflect"],"picked":"Acrobatics","floor":36.0},{"not_picked":["Blade Dance","Dagger Spray+1","Deadly Poison"],"picked":"SKIP","floor":37.0},{"not_picked":["Escape Plan+1","Malaise"],"picked":"Reflex","floor":38},{"not_picked":["Glass Knife+1","Die Die Die+1","Corpse Explosion"],"picked":"SKIP","floor":40},{"not_picked":["Grand Finale+1","Bullet Time","Phantasmal Killer"],"picked":"SKIP","floor":41},{"not_picked":["Venomology","Bullet Time"],"picked":"After Image","floor":42},{"not_picked":["Phantasmal Killer","Wraith Form v2","Storm of Steel"],"picked":"SKIP","floor":44},{"not_picked":["Bullet Time","Storm of Steel","Doppelganger"],"picked":"SKIP","floor":45},{"not_picked":["Doppelganger","Tools of the Trade"],"picked":"After Image","floor":46},{"not_picked":["Venomology","Wraith Form v2","Bullet Time"],"picked":"SKIP","floor":47},{"not_picked":["Night Terror","Envenom","Storm of Steel"],"picked":"SKIP","floor":48},{"not_picked":["Envenom","A Thousand Cuts","Doppelganger"],"picked":"SKIP","floor":55}],"player_experience":340978,"relics_obtained":[{"floor":6.0,"key":"Pantograph"},{"floor":7.0,"key":"Oddly Smooth Stone"},{"floor":8.0,"key":"Bag of Marbles"},{"floor":9.0,"key":"Centennial Puzzle"},{"floor":10.0,"key":"Happy Flower"},{"floor":11.0,"key":"Boot"},{"floor":12.0,"key":"TungstenRod"},{"floor":13.0,"key":"CeramicFish"},{"floor":14.0,"key":"Mummified Hand"},{"floor":25.0,"key":"Molten Egg 2"},{"floor":27.0,"key":"Tingsha"},{"floor":29.0,"key":"Bag of Preparation"},{"floor":30.0,"key":"Snake Skull"},{"floor":31.0,"key":"Vajra"},{"floor":40,"key":"Art of War"},{"floor":41,"key":"The Courier"},{"floor":42,"key":"Shovel"},{"floor":43,"key":"Toy Ornithopter"},{"floor":44,"key":"Whetstone"},{"floor":45,"key":"Shuriken"},{"floor":46,"key":"FossilizedHelix"},{"floor":47,"key":"Blood Vial"},{"floor":48,"key":"Bottled Tornado"},{"floor":55,"key":"Sundial"}],"event_choices":[],"is_beta":false,"boss_relics":[{"not_picked":["Cursed Key","Sozu"],"picked":"Ring of the Serpent"},{"not_picked":["Fusion Hammer","Tiny House"],"picked":"Empty Cage"}],"items_purged_floors":[19,54],"is_endless":false,"potions_floor_spawned":[1,5,6,7,10,12,18,20,22,29,31,36,38,45,46,48,55],"ascension_level":20}}