{"host":"d52brwsy6af8zvaq","time":1613958687,"event":{"mods":["AchievementEnabler","BaseMod","Bestiary","Highlight Path","Minty Spire (QoL Compilation)","Quick Restart","Relic Stats","ojb\u0027s Better Paths Mod"],"gold_per_floor":[119,119,132,151,8,42,42,59,59,103,127,152,164,195,207,219,219],"floor_reached":16,"language":"ENG","playtime":458,"items_purged":[],"score":228,"play_id":"14111132-771b-4843-9328-67e00b537727","local_time":"20210221185127","is_ascension_mode":true,"campfire_choices":[{"floor":7.0,"key":"REST"},{"floor":13,"key":"REST"},{"data":"Zap","floor":15,"key":"SMITH"}],"circlet_count":0,"master_deck":["AscendersBane","Strike_B","Strike_B","Strike_B","Strike_B","Defend_B","Defend_B","Defend_B","Defend_B","Zap+1","Dualcast","Core Surge","Sweeping Beam","Gash","Go for the Eyes","Chill","Streamline","Undo","Capacitor","Hyperbeam","Cold Snap","Static Discharge","Coolheaded"],"relics":["Cracked Core","Omamori","MawBank","Question Card"],"acts_visited":[],"potions_floor_usage":[8,10,12],"damage_taken":[{"damage":0.0,"enemies":"Small Slimes","floor":1.0,"turns":2.0},{"damage":4.0,"enemies":"Jaw Worm","floor":3.0,"turns":4.0},{"damage":0.0,"enemies":"Cultist","floor":4.0,"turns":2.0},{"damage":54.0,"enemies":"Gremlin Nob","floor":6.0,"turns":5.0},{"damage":1,"enemies":"2 Fungi Beasts","floor":8,"turns":3},{"damage":12,"enemies":"Lagavulin","floor":10,"turns":8},{"damage":9,"enemies":"Exordium Thugs","floor":11,"turns":2},{"damage":0,"enemies":"3 Louse","floor":12,"turns":1},{"damage":1,"enemies":"Lots of Slimes","floor":14,"turns":3},{"damage":35,"enemies":"Hexaghost","floor":16,"turns":9}],"seed_played":"8387417825053677256","potions_obtained":[{"floor":4.0,"key":"EssenceOfSteel"},{"floor":6.0,"key":"Weak Potion"},{"floor":10,"key":"EssenceOfSteel"},{"floor":11,"key":"DistilledChaos"}],"is_trial":false,"path_per_floor":["M","?","M","M","$","E","R","M","T","E","M","M","R","M","R","B"],"character_chosen":"DEFECT","items_purchased":["Chill","Streamline"],"campfire_rested":2,"item_purchase_floors":[5,5],"current_hp_per_floor":[64,69,65,65,65,11,33,32,32,20,11,11,33,32,32,0,0],"gold":219,"neow_bonus":"ONE_RANDOM_RARE_CARD","is_daily":false,"chose_seed":false,"campfire_upgraded":1,"win_rate":0.0,"timestamp":1613958687,"path_taken":["M","?","M","M","$","E","R","M","T","E","M","M","R","M","R","BOSS"],"items_purchased_type":["Card","Card"],"build_version":"2020-12-22","purchased_purges":0,"victory":false,"max_hp_per_floor":[71,76,76,76,76,76,76,76,76,76,76,76,76,76,76,76,76],"relic_stats":{"counters":[10,39],"MawBank":84,"Question Card":3,"obtain_stats":[{"Omamori":6,"Cracked Core":0,"MawBank":9,"Question Card":10},{"Omamori":4,"Cracked Core":0,"MawBank":5,"Question Card":6},{"Omamori":13,"Cracked Core":0,"MawBank":16,"Question Card":24}]},"card_choices":[{"not_picked":["Barrage","Recycle"],"picked":"Sweeping Beam","floor":1.0},{"not_picked":["Compile Driver","Go for the Eyes"],"picked":"Gash","floor":3.0},{"not_picked":["Hologram","Turbo"],"picked":"Go for the Eyes","floor":4.0},{"not_picked":["Machine Learning","Redo"],"picked":"Undo","floor":6.0},{"not_picked":["Barrage","Compile Driver"],"picked":"Capacitor","floor":8},{"not_picked":["Cold Snap","Heatsinks"],"picked":"Hyperbeam","floor":10},{"not_picked":["Hologram","Reprogram","Conserve Battery"],"picked":"Cold Snap","floor":11},{"not_picked":["Heatsinks","Hello World","Blizzard"],"picked":"Static Discharge","floor":12},{"not_picked":["Steam","Heatsinks","Chaos"],"picked":"Coolheaded","floor":14}],"player_experience":2333391,"relics_obtained":[{"floor":6.0,"key":"Omamori"},{"floor":9,"key":"MawBank"},{"floor":10,"key":"Question Card"}],"event_choices":[{"damage_healed":0.0,"max_hp_gain":5.0,"max_hp_loss":0.0,"gold_gain":0.0,"event_name":"Big Fish","player_choice":"Donut","floor":2.0,"gold_loss":0.0,"damage_taken":0.0}],"is_beta":false,"boss_relics":[],"items_purged_floors":[],"is_endless":false,"potions_floor_spawned":[4,6,10,11],"killed_by":"Hexaghost","ascension_level":20}}