{"host":"u0pt4wuoyrjgzhh2","time":1613978639,"event":{"mods":["ATMod(°¢èªMod)","AchievementEnabler","Act Like it!","Aspiration","BaseMod","Better Note","Better Vampires","Better-Laid Plans","BetterRewards","Block Reminder","Challenge The Spire","Colored Map","Colored Powertips","Conspire","Dota2Spire","Downfall","Gensokyo","Highlight Path","Hubris","Minty Spire (QoL Compilation)","Relic Filter Mod","Relic Stats","Reliquary","Replay The Spire","Shop Mod","Spicy Shops","StSLib","SuperFastMode","TestMod","Wide Potions","¡¾ÒÅÎï¿¨ÅÆ¡¿REMEMod"],"gold_per_floor":[99,99,99,99,117,117,117,267,192,203,203,203,235,1000011,1000032,1000136,1000136,1000036,1000060,1000060,1000060,1000080,1000080,1000105,1000105,1000105,1000125,1000143,998938,998973,999091,999123,999240,999340,999240,999264,999287,998406,998427,998479,998479,998536,998567,997354,997390,997422,997822,997822,997848,997865],"floor_reached":51,"language":"ZHS","playtime":3083,"items_purged":["downfall:Icky","hexamod:Defend","Amnesia","hexamod:Strike"],"score":1068,"play_id":"f2c9f83c-55a9-4587-b20a-4b8b730f0dc0","local_time":"20210222152359","is_ascension_mode":true,"campfire_choices":[{"data":"hexamod:Float","floor":1.0,"key":"SMITH"},{"data":"hexamod:Sear","floor":6.0,"key":"SMITH"},{"data":"hexamod:Defend","floor":18.0,"key":"PURGE"},{"floor":25.0,"key":"RECALL"},{"data":"hexamod:GhostflameInferno","floor":35,"key":"SMITH"},{"data":"AT_FamilyPortrait","floor":35,"key":"SMITH"}],"circlet_count":0,"master_deck":["hexamod:Sear+1","hexamod:Float+1","AT_FamilyPortrait+1","hexamod:SoulSteal","hexamod:FastForward","hexamod:SecondSeal","hexamod:UnleashSpirits","hexamod:FlamesFromBeyond","hexamod:GhostOfSpirePast","hexamod:HeatCrush","hexamod:Haunt","hexamod:Hexaguard","hexamod:GhostflameInferno+1","hexamod:FirstSeal","hexamod:FirstSeal","hexamod:NecessarySacrifice+1","hexamod:TimeOfNeed+1","hexamod:Hexaguard+1","hexamod:RetreatToShadows+1","testmod-HeadAttack+1","hexamod:DynamicBlow","hexamod:RainOfEmbers","hexamod:InspiringFlames","hexamod:HeatCrush"],"relics":["hexamod:SpiritBrand","AT_ATBox","testmod-TestBox","REME_ComplimentaryCards","testmod-Faith","MerchantsRug","hubris:Icosahedron","Torii","hubris:CrackedHourglass","downfall:HeartBlessingGreen","downfall:RedIOU","Blue Doll","reliquary:Bookmark","Juzu Bracelet","Replay:Arrowhead","testmod-Acrobat","AT_RedTearstoneRing","Sling","hubris:MysteriousPyramids","hubris:Zylophone","Replay:Wanted Poster","downfall:HeartBlessingRed","Iron Hammer","aspiration:Nostalgia","m_BronzeBlood","War Paint","testmod-ObsoleteBoomerang","Oddly Smooth Stone","AT_ForceNature","Toolbox","hubris:SphereOfDissonance","AT_SpeedBoots","Toy Ornithopter","MealTicket","Durian"],"acts_visited":["Exordium","TheCity","TheBeyond"],"potions_floor_usage":[50],"damage_taken":[{"damage":0.0,"enemies":"Cultist","floor":2.0,"turns":1.0},{"damage":0.0,"enemies":"Jaw Worm","floor":3.0,"turns":1.0},{"damage":0.0,"enemies":"2 Louse","floor":4.0,"turns":1.0},{"damage":6.0,"enemies":"Red Slaver","floor":5.0,"turns":3.0},{"damage":0.0,"enemies":"downfall:FleeingMerchant","floor":9.0,"turns":4.0},{"damage":1.0,"enemies":"Exordium Wildlife","floor":10.0,"turns":4.0},{"damage":31.0,"enemies":"Gremlin Nob","floor":13.0,"turns":5.0},{"damage":4.0,"enemies":"downfall:FleeingMerchant","floor":14.0,"turns":4.0},{"damage":8.0,"enemies":"3 Louse","floor":15.0,"turns":5.0},{"damage":5.0,"enemies":"SI_SHIV_ARCHETYPE","floor":16.0,"turns":6.0},{"damage":16.0,"enemies":"Shell Parasite","floor":19.0,"turns":6.0},{"damage":6.0,"enemies":"Chosen","floor":22.0,"turns":4.0},{"damage":0.0,"enemies":"conspire:Head Lice","floor":23.0,"turns":1.0},{"damage":22.0,"enemies":"Snecko","floor":27.0,"turns":4.0},{"damage":8,"enemies":"Centurion and Healer","floor":28,"turns":4},{"damage":1,"enemies":"downfall:FleeingMerchant","floor":29,"turns":4},{"damage":1,"enemies":"Cultist and Chosen","floor":30,"turns":3},{"damage":9,"enemies":"WA_ARCHETYPE_RETAIN","floor":31,"turns":3},{"damage":0,"enemies":"conspire:HollyBat","floor":32,"turns":4},{"damage":0,"enemies":"IC_MUSHROOM_ARCHETYPE","floor":33,"turns":3},{"damage":34,"enemies":"3 Darklings","floor":36,"turns":4},{"damage":5,"enemies":"Orb Walker","floor":37,"turns":3},{"damage":5,"enemies":"downfall:FleeingMerchant","floor":38,"turns":3},{"damage":0,"enemies":"Writhing Mass","floor":39,"turns":2},{"damage":3,"enemies":"Giant Head","floor":40,"turns":4},{"damage":0,"enemies":"R_Hoarder","floor":42,"turns":3},{"damage":1,"enemies":"Spire Growth","floor":43,"turns":3},{"damage":0,"enemies":"Nemesis","floor":45,"turns":1},{"damage":0,"enemies":"Jaw Worm Horde","floor":46,"turns":2},{"damage":6,"enemies":"Sphere and 2 Shapes","floor":49,"turns":2},{"damage":16,"enemies":"DF_ARCHETYPE_ORBS","floor":50,"turns":5}],"seed_played":"-4765306615826661477","potions_obtained":[{"floor":10.0,"key":"BlessingOfTheForge"},{"floor":13.0,"key":"ColorlessPotion"},{"floor":15.0,"key":"SmokeBomb"},{"floor":30,"key":"LifebloodPotion"},{"floor":31,"key":"LiquidBronze"},{"floor":33,"key":"PowerPotion"}],"is_trial":false,"path_per_floor":["R","M","M","M","M","R","T","?","$","M","?","?","E","$","M","B",null,"R_BF","M","?","?","M","E","T","R","?","M","M","$","M","?","M","B",null,"R","M","M","$","M","E","T","E","M","$","E","M","?","?","M","B",null],"character_chosen":"THE_SPIRIT","items_purchased":["MerchantsRug","reliquary:Bookmark","Juzu Bracelet","Replay:Arrowhead","testmod-Acrobat","AT_RedTearstoneRing","Sling","hexamod:FirstSeal","hexamod:NecessarySacrifice+1","Iron Hammer","aspiration:Nostalgia","War Paint","testmod-ObsoleteBoomerang","testmod-HeadAttack+1","Toolbox","hubris:SphereOfDissonance","AT_SpeedBoots","Toy Ornithopter","MealTicket","hexamod:RainOfEmbers","hexamod:InspiringFlames","hexamod:HeatCrush"],"campfire_rested":0,"item_purchase_floors":[9,29,29,29,29,29,29,29,29,38,38,38,38,38,44,44,44,44,44,44,44,44],"current_hp_per_floor":[70,70,70,70,64,64,64,64,64,63,63,63,32,28,20,15,70,70,54,54,41,35,35,35,35,35,13,5,4,17,22,50,64,75,75,62,75,75,75,75,75,75,75,75,80,80,80,80,80,80],"gold":997865,"neow_bonus":"THREE_ENEMY_KILL","is_daily":false,"chose_seed":false,"campfire_upgraded":4,"win_rate":0.0,"timestamp":1613978639,"path_taken":["R","M","?","?","M","R","T","?","?","?","?","?","E","?","M","BOSS","R_BF","M","?","?","M","E","T","R","?","M","M","$","M","?","M","BOSS","R","M","M","$","M","E","T","E","M","$","E","M","?","?","M","BOSS"],"items_purchased_type":["Relic","Relic","Relic","Relic","Relic","Relic","Relic","Card","Card","Relic","Relic","Relic","Relic","Card","Relic","Relic","Relic","Relic","Relic","Card","Card","Card"],"build_version":"2020-12-22","purchased_purges":4,"victory":true,"max_hp_per_floor":[70,70,70,70,70,70,70,70,70,70,70,70,70,70,70,70,70,70,70,70,75,75,75,75,75,75,75,75,75,75,75,75,75,75,75,75,75,75,75,75,75,75,75,75,80,80,80,80,80,80],"relic_stats":{"Torii":48,"counters":[31,99],"MealTicket":0,"Juzu Bracelet":1,"War Paint":["hexamod:Hexaguard","hexamod:TimeOfNeed"],"obtain_stats":[{"AT_ATBox":0,"Torii":13,"Dota2Spire:OrchidMalevolence":7,"downfall:HeartBlessingGreen":18,"Blue Doll":24,"Juzu Bracelet":29,"hubris:MysteriousPyramids":31,"Sling":29,"Replay:Wanted Poster":34,"hubris:Icosahedron":11,"Toolbox":44,"testmod-ObsoleteBoomerang":38,"MealTicket":44,"downfall:RedIOU":20,"Iron Hammer":38,"hexamod:SpiritBrand":0,"AT_ForceNature":42,"MerchantsRug":9,"AT_RedTearstoneRing":29,"testmod-TestBox":0,"downfall:HeartBlessingRed":35,"aspiration:Nostalgia":38,"Oddly Smooth Stone":40,"hubris:SphereOfDissonance":44,"downfall:HeartsMalice":0,"War Paint":38,"Replay:Arrowhead":29,"reliquary:Bookmark":29,"hubris:Zylophone":31,"AT_SpeedBoots":44,"testmod-Acrobat":29,"testmod-Faith":0,"m_BronzeBlood":38,"Durian":45,"hubris:CrackedHourglass":17,"Toy Ornithopter":44,"REME_ComplimentaryCards":0},{"AT_ATBox":0,"Torii":7,"Dota2Spire:OrchidMalevolence":4,"downfall:HeartBlessingGreen":10,"Blue Doll":13,"Juzu Bracelet":16,"hubris:MysteriousPyramids":18,"Sling":16,"Replay:Wanted Poster":20,"hubris:Icosahedron":6,"Toolbox":27,"testmod-ObsoleteBoomerang":23,"MealTicket":27,"downfall:RedIOU":11,"Iron Hammer":23,"hexamod:SpiritBrand":0,"AT_ForceNature":26,"MerchantsRug":5,"AT_RedTearstoneRing":16,"testmod-TestBox":0,"downfall:HeartBlessingRed":20,"aspiration:Nostalgia":23,"Oddly Smooth Stone":25,"hubris:SphereOfDissonance":27,"downfall:HeartsMalice":0,"War Paint":23,"Replay:Arrowhead":16,"reliquary:Bookmark":16,"hubris:Zylophone":18,"AT_SpeedBoots":27,"testmod-Acrobat":16,"testmod-Faith":0,"m_BronzeBlood":23,"Durian":28,"hubris:CrackedHourglass":10,"Toy Ornithopter":27,"REME_ComplimentaryCards":0},{"AT_ATBox":0,"Torii":16,"Dota2Spire:OrchidMalevolence":3,"downfall:HeartBlessingGreen":31,"Blue Doll":42,"Juzu Bracelet":54,"hubris:MysteriousPyramids":60,"Sling":54,"Replay:Wanted Poster":67,"hubris:Icosahedron":11,"Toolbox":89,"testmod-ObsoleteBoomerang":77,"MealTicket":89,"downfall:RedIOU":37,"Iron Hammer":77,"hexamod:SpiritBrand":0,"AT_ForceNature":86,"MerchantsRug":7,"AT_RedTearstoneRing":54,"testmod-TestBox":0,"downfall:HeartBlessingRed":67,"aspiration:Nostalgia":77,"Oddly Smooth Stone":83,"hubris:SphereOfDissonance":89,"downfall:HeartsMalice":0,"War Paint":77,"Replay:Arrowhead":54,"reliquary:Bookmark":54,"hubris:Zylophone":60,"AT_SpeedBoots":89,"testmod-Acrobat":54,"testmod-Faith":0,"m_BronzeBlood":77,"Durian":90,"hubris:CrackedHourglass":31,"Toy Ornithopter":89,"REME_ComplimentaryCards":0}],"Toy Ornithopter":0},"card_choices":[{"not_picked":["hexamod:EmpoweredFlame","hexamod:GhostShield"],"picked":"hexamod:SoulSteal","floor":2.0},{"not_picked":["hexamod:PowerFromBeyond","hexamod:GhostLash","hexamod:GhostShield"],"picked":"SKIP","floor":3.0},{"not_picked":["hexamod:HeatMetal","hexamod:SuperheatedStrike"],"picked":"hexamod:FastForward","floor":4.0},{"not_picked":["hexamod:Firestarter","hexamod:ThermalTransfer","hexamod:ShieldOfDarkness"],"picked":"SKIP","floor":5.0},{"not_picked":["hexamod:Firestarter","hexamod:ThermalTransfer","hexamod:ShieldOfDarkness"],"picked":"SKIP","floor":5.0},{"not_picked":["hexamod:AdvancingGuard","hexamod:SwordOfDarkness","hexamod:SpectralAdrenaline"],"picked":"SKIP","floor":9.0},{"not_picked":["hexamod:ShieldOfDarkness","hexamod:Firestarter","hexamod:AdvancingGuard"],"picked":"SKIP","floor":10.0},{"not_picked":["hexamod:TurnItUp","hexamod:Again","hexamod:SkipABeat"],"picked":"SKIP","floor":13.0},{"not_picked":["hexamod:PhantomCloak","hexamod:SpectersWail"],"picked":"hexamod:SecondSeal","floor":14.0},{"not_picked":["hexamod:NecessarySacrifice","hexamod:HeatMetal","hexamod:ShieldOfDarkness"],"picked":"SKIP","floor":15.0},{"not_picked":["hexamod:Toasty","hexamod:UnlimitedPower"],"picked":"hexamod:UnleashSpirits","floor":16.0},{"not_picked":["hexamod:HauntingEcho","hexamod:BacktrackSmack","hexamod:Again"],"picked":"SKIP","floor":19.0},{"not_picked":["hexamod:GhostOfSpireFuture","hexamod:ShieldOfDarkness"],"picked":"hexamod:FlamesFromBeyond","floor":22.0},{"not_picked":["hexamod:FastForward","hexamod:HauntingEcho"],"picked":"hexamod:Hexaguard","floor":27},{"not_picked":["hexamod:GhostOfSpireFuture+1","hexamod:SpectersWail"],"picked":"hexamod:GhostflameInferno","floor":28},{"not_picked":["hexamod:DynamicBlow","hexamod:GhostLash"],"picked":"hexamod:FirstSeal","floor":29},{"not_picked":["hexamod:Hexaguard","hexamod:ThermalTransfer+1"],"picked":"hexamod:TimeOfNeed","floor":30},{"not_picked":["hexamod:HeatMetal+1","hexamod:FlamesFromBeyond+1"],"picked":"hexamod:Hexaguard","floor":31},{"not_picked":["hexamod:BacktrackSmack+1","hexamod:AdvancingGuard","hexamod:BurningTouch"],"picked":"SKIP","floor":32},{"not_picked":["hexamod:BurningTouch+1","hexamod:NightmareStrike+1"],"picked":"hexamod:RetreatToShadows+1","floor":36},{"not_picked":["hexamod:AdvancingGuard+1","hexamod:SpectersWail","hexamod:HauntingEcho+1"],"picked":"SKIP","floor":37},{"not_picked":["hexamod:FourthSeal","hexamod:HeatMetal+1","hexamod:TurnItUp"],"picked":"SKIP","floor":38},{"not_picked":["Wild Strike","hexamod:NightmareStrike+1","hexamod:HeatShield"],"picked":"SKIP","floor":39},{"not_picked":["bronze:BugBarrage","Shrug It Off","hexamod:FastForward"],"picked":"SKIP","floor":40},{"not_picked":["hexamod:SpectersWail+1","Body Slam","hexamod:DynamicBlow"],"picked":"SKIP","floor":42},{"not_picked":["hexamod:SpectersWail+1","Body Slam","hexamod:DynamicBlow"],"picked":"SKIP","floor":42},{"not_picked":["hexamod:SpectersWail+1","Body Slam","hexamod:DynamicBlow"],"picked":"SKIP","floor":42},{"not_picked":["hexamod:SpectersWail+1","Body Slam"],"picked":"hexamod:DynamicBlow","floor":42},{"not_picked":["hexamod:SwordOfDarkness+1","hexamod:BurningTouch","hexamod:ThermalTransfer"],"picked":"SKIP","floor":43},{"not_picked":["bronze:Repulsor","hexamod:GhostOfSpireFuture+1","Juggernaut"],"picked":"SKIP","floor":45},{"not_picked":["hexamod:InspiringFlames+1","hexamod:BacktrackSmack","hexamod:HauntingEcho+1"],"picked":"SKIP","floor":46},{"not_picked":["hexamod:DynamicBlow+1","hexamod:FastForward+1","hexamod:ChargedBarrage"],"picked":"SKIP","floor":49}],"player_experience":169683,"relics_obtained":[{"floor":7.0,"key":"Dota2Spire:OrchidMalevolence"},{"floor":13.0,"key":"Torii"},{"floor":24.0,"key":"Blue Doll"},{"floor":31,"key":"hubris:MysteriousPyramids"},{"floor":31,"key":"hubris:Zylophone"},{"floor":40,"key":"Oddly Smooth Stone"},{"floor":42,"key":"AT_ForceNature"},{"floor":45,"key":"Durian"}],"event_choices":[{"cards_removed":["hexamod:Strike"],"damage_healed":0.0,"max_hp_gain":0.0,"max_hp_loss":0.0,"gold_gain":0.0,"event_name":"The Cleric","player_choice":"Card Removal","floor":12.0,"gold_loss":0.0,"damage_taken":0.0},{"cards_removed":["hexamod:Strike"],"damage_healed":0.0,"max_hp_gain":0.0,"max_hp_loss":0.0,"gold_gain":0.0,"event_name":"The Cleric","player_choice":"Card Removal","floor":14.0,"gold_loss":50.0,"damage_taken":0.0},{"damage_healed":0,"gold_gain":400,"player_choice":"Sell","damage_taken":0,"max_hp_gain":0,"max_hp_loss":0,"event_name":"¶÷ÂåË¹µÄÅÌ×Ó","floor":47,"relics_lost":["downfall:HeartsMalice"],"gold_loss":0}],"is_beta":false,"boss_relics":[{"not_picked":["aspiration:FutureDiary","testmod-CardMagician"],"picked":"hubris:CrackedHourglass"},{"not_picked":["reliquary:RedCape","testmod-Nine"],"picked":"Replay:Wanted Poster"}],"items_purged_floors":[9,29,38,44],"is_endless":false,"potions_floor_spawned":[10,13,15,16,23,30,31,32,33,36,39,40,43],"ascension_level":2}}