{"host":"en4narc5947t7k9n","time":1613996942,"event":{"mods":["AchievementEnabler","BaseMod","Colored Map","Minty Spire (QoL Compilation)","SuperFastMode"],"gold_per_floor":[112,125,125,144,157,157,59,88,88,117,117,117,117],"floor_reached":12,"language":"KOR","playtime":525,"items_purged":[],"score":88,"play_id":"e435818f-da03-428b-8fff-ae3957a867f5","local_time":"20210222212902","is_ascension_mode":false,"campfire_choices":[{"floor":6,"key":"RECALL"}],"circlet_count":0,"master_deck":["Strike_R","Strike_R","Strike_R","Strike_R","Strike_R","Defend_R","Defend_R","Defend_R","Defend_R","Bash","Carnage","Bloodletting","Iron Wave","Dropkick","Burning Pact","Bandage Up","Inflame","Barricade"],"relics":["Burning Blood","Charon\u0027s Ashes","Self Forming Clay","Golden Idol"],"acts_visited":["Exordium"],"potions_floor_usage":[8,10,10,10,10,12],"damage_taken":[{"damage":1,"enemies":"Cultist","floor":1,"turns":3},{"damage":0,"enemies":"2 Louse","floor":2,"turns":2},{"damage":6,"enemies":"Jaw Worm","floor":4,"turns":2},{"damage":11,"enemies":"Red Slaver","floor":5,"turns":3},{"damage":31,"enemies":"Gremlin Nob","floor":8,"turns":5},{"damage":29,"enemies":"3 Sentries","floor":10,"turns":6},{"damage":47,"enemies":"Gremlin Nob","floor":12,"turns":4}],"seed_played":"636905146175167809","potions_obtained":[{"floor":1,"key":"Block Potion"},{"floor":2,"key":"EntropicBrew"},{"floor":4,"key":"Regen Potion"}],"is_trial":false,"path_per_floor":["M","M","$","M","M","R","$","E","T","E","?","E"],"character_chosen":"IRONCLAD","items_purchased":["Bandage Up"],"campfire_rested":0,"item_purchase_floors":[7],"current_hp_per_floor":[80,80,80,80,75,75,75,54,54,50,30,0,0],"gold":117,"neow_bonus":"THREE_CARDS","is_daily":false,"chose_seed":false,"campfire_upgraded":0,"win_rate":0.0,"timestamp":1613996942,"path_taken":["M","M","$","?","M","R","$","E","T","E","?","E"],"items_purchased_type":["Card"],"build_version":"2020-12-22","purchased_purges":0,"victory":false,"max_hp_per_floor":[80,80,80,80,80,80,80,80,80,80,80,80,80],"card_choices":[{"not_picked":["Clothesline","Reckless Charge"],"picked":"Carnage","floor":0},{"not_picked":["Fire Breathing","Anger"],"picked":"Bloodletting","floor":1},{"not_picked":["Havoc","Heavy Blade"],"picked":"Iron Wave","floor":2},{"not_picked":["Clothesline","Sword Boomerang"],"picked":"Dropkick","floor":4},{"not_picked":["Wild Strike","Sword Boomerang"],"picked":"Burning Pact","floor":5},{"not_picked":["Dropkick","Clash"],"picked":"Inflame","floor":8},{"not_picked":["Battle Trance","Pommel Strike"],"picked":"Barricade","floor":10}],"player_experience":155640,"relics_obtained":[{"floor":8,"key":"Charon\u0027s Ashes"},{"floor":10,"key":"Self Forming Clay"}],"event_choices":[{"damage_healed":0,"gold_gain":0,"player_choice":"Take Damage","damage_taken":20,"relics_obtained":["Golden Idol"],"max_hp_gain":0,"max_hp_loss":0,"event_name":"Golden Idol","floor":11,"gold_loss":0}],"is_beta":false,"boss_relics":[],"items_purged_floors":[],"is_endless":false,"potions_floor_spawned":[1,2,4],"killed_by":"Gremlin Nob","ascension_level":0}}