{"host":"dm3der2z84gf27js","time":1613985917,"event":{"mods":["AchievementEnabler","BaseMod","Bestiary","Better Note","Better Third Choice","Colored Map","Colored Powertips","Marisa????????","Minty Spire (QoL Compilation)","Onozuka Komachi Mod","StSLib","The Marked","The Servant 0.9.4"],"gold_per_floor":[113,113,123,123,134,147,147,176,176,188,199,224,234,267,267,366,366,380,380,399,415,72,121,121,71,71,100,100,100,126,175,187,302,314,361,392,404,426,438,450,490,502,541,585,616,645,685,715,727,739,751,763,226,257,257],"floor_reached":56,"language":"ENG","playtime":3888,"items_purged":[],"score":1551,"play_id":"2327f753-8c3f-48c4-bf86-a304d80055a3","local_time":"20210222042517","is_ascension_mode":true,"campfire_choices":[{"floor":7.0,"key":"REST"},{"floor":15.0,"key":"REST"},{"floor":24,"key":"REST"},{"floor":29,"key":"REST"},{"floor":32,"key":"REST"},{"floor":40,"key":"RECALL"},{"floor":42,"key":"REST"},{"data":"IllusionStar","floor":49,"key":"SMITH"},{"data":"IllusionStar","floor":52,"key":"SMITH"}],"circlet_count":0,"master_deck":["Strike_MRS+1","Strike_MRS","Strike_MRS","Defend_MRS","Defend_MRS","Defend_MRS","Defend_MRS","MasterSpark+1","UpSweep+1","6A","MilkyWay","IllusionStar+1","IllusionStar+1","MaximisePower","AsteroidBelt","GrandCross","PropBag+1","EarthLightRay+1","PowerUp+1","JA+1","SatelliteIllusion","DarkMatter+1","MasterSpark+1","NonDirectionalLaser+1","CasketOfStar","GasGiant+1","PowerUp+1","WitchOfGreed","MagicAbsorber+1","GravityBeat+1","MilkyWay+1","IllusionStar+1","MillisecondPulsars","StarDustReverie+1","UnstableBomb+1","MilkyWay+1","WitchLeyline+1","IllusionStar+1","CasketOfStar","Acceleration+1","6A+1","AbsoluteMagnitude+1","AsteroidBelt+1","ChargeUpSpray+1","Secret Weapon+1","Enlightenment+1","MilkyWay+1","Acceleration+1","IllusionStar+1"],"relics":["MiniHakkero","Torii","Toxic Egg 2","Darkstone Periapt","Molten Egg 2","Black Star","Membership Card","Bottled Tornado","AmplifyWand","White Beast Statue","Lizard Tail","Matryoshka","Pantograph","MawBank","Shuriken","Runic Pyramid","Omamori","Whetstone","CaptainsWheel","Vajra","Pear","HandmadeGrimoire","Gremlin Horn","PreservedInsect","Nunchaku","Bottled Flame","TheAbacus","Kunai","Bird Faced Urn"],"acts_visited":["Exordium","TheCity","TheBeyond","TheEnding"],"potions_floor_usage":[27,28,30,33,41,44,44,44,47,48,48,50,55],"damage_taken":[{"damage":6.0,"enemies":"2 Louse","floor":1.0,"turns":2.0},{"damage":6.0,"enemies":"Jaw Worm","floor":3.0,"turns":2.0},{"damage":0.0,"enemies":"Cultist","floor":5.0,"turns":3.0},{"damage":9.0,"enemies":"3 Louse","floor":6.0,"turns":3.0},{"damage":9.0,"enemies":"Gremlin Nob","floor":8.0,"turns":3.0},{"damage":10.0,"enemies":"Looter","floor":10.0,"turns":2.0},{"damage":1.0,"enemies":"Exordium Thugs","floor":11.0,"turns":5.0},{"damage":11.0,"enemies":"Lagavulin","floor":12.0,"turns":5.0},{"damage":0.0,"enemies":"3 Louse","floor":13.0,"turns":2.0},{"damage":0.0,"enemies":"3 Sentries","floor":14.0,"turns":2.0},{"damage":18.0,"enemies":"The Guardian","floor":16.0,"turns":8.0},{"damage":11.0,"enemies":"2 Thieves","floor":18.0,"turns":2.0},{"damage":0.0,"enemies":"Spheric Guardian","floor":20.0,"turns":3.0},{"damage":8.0,"enemies":"Shelled Parasite and Fungi","floor":21.0,"turns":4.0},{"damage":55,"enemies":"Gremlin Leader","floor":23,"turns":7},{"damage":45,"enemies":"Slavers","floor":27,"turns":4},{"damage":0,"enemies":"Chosen and Byrds","floor":28,"turns":1},{"damage":16,"enemies":"Centurion and Healer","floor":30,"turns":5},{"damage":9,"enemies":"Book of Stabbing","floor":31,"turns":6},{"damage":19,"enemies":"Collector","floor":33,"turns":9},{"damage":0,"enemies":"Orb Walker","floor":35,"turns":2},{"damage":11,"enemies":"3 Darklings","floor":36,"turns":4},{"damage":14,"enemies":"Writhing Mass","floor":38,"turns":6},{"damage":72,"enemies":"Giant Head","floor":41,"turns":9},{"damage":7,"enemies":"Reptomancer","floor":44,"turns":4},{"damage":12,"enemies":"4 Shapes","floor":45,"turns":3},{"damage":0,"enemies":"Maw","floor":46,"turns":6},{"damage":0,"enemies":"Giant Head","floor":47,"turns":4},{"damage":16,"enemies":"Spire Growth","floor":48,"turns":3},{"damage":26,"enemies":"Time Eater","floor":50,"turns":3},{"damage":0,"enemies":"Shield and Spear","floor":54,"turns":2},{"damage":41,"enemies":"The Heart","floor":55,"turns":6}],"seed_played":"-5356439427423920328","potions_obtained":[{"floor":3.0,"key":"SpeedPotion"},{"floor":8.0,"key":"Dexterity Potion"},{"floor":12.0,"key":"AttackPotion"},{"floor":16.0,"key":"LiquidMemories"},{"floor":18.0,"key":"EssenceOfSteel"},{"floor":23,"key":"SmokeBomb"},{"floor":27,"key":"ColorlessPotion"},{"floor":30,"key":"Fire Potion"},{"floor":31,"key":"SkillPotion"},{"floor":31,"key":"SteroidPotion"},{"floor":33,"key":"SpeedPotion"},{"floor":35,"key":"Regen Potion"},{"floor":35,"key":"Dexterity Potion"},{"floor":36,"key":"LiquidBronze"},{"floor":41,"key":"Fire Potion"},{"floor":44,"key":"DuplicationPotion"},{"floor":45,"key":"Block Potion"},{"floor":46,"key":"Ancient Potion"},{"floor":47,"key":"ColorlessPotion"},{"floor":48,"key":"Swift Potion"}],"is_trial":false,"path_per_floor":["M","?","M","?","M","M","R","E","T","M","M","E","M","E","R","B",null,"M","?","M","M","$","E","R","?","T","E","M","R","M","E","R","B",null,"M","M","?","M","?","R","E","R","T","E","M","M","E","M","R","B",null,"R","$","E","B",null],"character_chosen":"MARISA","items_purchased":["Membership Card","Bottled Tornado","WitchOfGreed","MagicAbsorber+1","GravityBeat+1","Nunchaku","Energy Potion","ShroomBrew","ChargeUpSpray+1","Secret Weapon+1","Enlightenment+1","MilkyWay+1","Acceleration+1","Bottled Flame","TheAbacus"],"campfire_rested":6,"item_purchase_floors":[22,22,22,22,22,53,53,53,53,53,53,53,53,53,53],"current_hp_per_floor":[69,54,48,48,48,39,61,52,52,42,41,30,36,48,70,57,75,64,64,64,62,62,25,47,47,47,14,14,36,26,23,45,57,75,75,64,64,56,56,56,37,59,59,68,62,68,68,52,52,57,85,85,85,85,55],"gold":257,"neow_bonus":"THREE_CARDS","is_daily":false,"chose_seed":false,"campfire_upgraded":2,"win_rate":0.0,"timestamp":1613985917,"path_taken":["M","?","M","?","?","M","R","E","T","M","M","E","M","E","R","BOSS","M","?","M","M","$","E","R","?","T","E","M","R","?","E","R","BOSS","M","M","?","M","?","R","E","R","T","E","M","M","E","M","R","BOSS","R","$","E","BOSS"],"items_purchased_type":["Relic","Relic","Card","Card","Card","Relic","Potion","Potion","Card","Card","Card","Card","Card","Relic","Relic"],"build_version":"2020-12-22","purchased_purges":0,"victory":true,"max_hp_per_floor":[75,75,75,75,75,75,75,75,75,75,75,75,75,75,75,75,75,75,75,75,75,75,75,75,75,75,75,75,75,75,75,75,75,75,75,75,75,75,75,75,75,75,75,85,85,85,85,85,85,85,85,85,85,85,85],"card_choices":[{"not_picked":["DarkSpark","Acceleration"],"picked":"6A","floor":0.0},{"not_picked":["PowerUp","6A"],"picked":"MilkyWay","floor":1.0},{"not_picked":["Acceleration","PowerUp"],"picked":"IllusionStar","floor":3.0},{"not_picked":["GravityBeat","PowerUp"],"picked":"IllusionStar","floor":5.0},{"not_picked":["MagicAbsorber","OneTimeOff"],"picked":"MaximisePower","floor":6.0},{"not_picked":["IllusionStar","GalacticHalo"],"picked":"AsteroidBelt","floor":8.0},{"not_picked":["AbsoluteMagnitude","Acceleration+1"],"picked":"GrandCross","floor":10.0},{"not_picked":["LuminesStrike","DoubleSpark"],"picked":"PropBag+1","floor":11.0},{"not_picked":["WitchLeyline","AsteroidBelt+1"],"picked":"EarthLightRay+1","floor":12.0},{"not_picked":["LuminesStrike","MysteriousBeam"],"picked":"PowerUp+1","floor":13.0},{"not_picked":["StarBarrage+1","OneTimeOff+1"],"picked":"JA+1","floor":14.0},{"not_picked":["AbsoluteMagnitude+1","SuperNova"],"picked":"SatelliteIllusion","floor":16.0},{"not_picked":["ShootingEcho+1","MysteriousBeam+1"],"picked":"DarkMatter+1","floor":18.0},{"not_picked":["SprinkleStarSeal+1","DC+1"],"picked":"GasGiant+1","floor":20.0},{"not_picked":["WitchLeyline+1","ShootTheMoon+1"],"picked":"PowerUp+1","floor":21.0},{"not_picked":["MysteriousBeam+1","Orbital+1"],"picked":"MilkyWay+1","floor":23},{"not_picked":["ChargeUpSpray+1","ShootTheMoon+1"],"picked":"IllusionStar+1","floor":27},{"not_picked":["WitchLeyline+1","GrandCross+1"],"picked":"DoubleSpark+1","floor":30},{"not_picked":["ShootingEcho+1","DarkSpark+1"],"picked":"MillisecondPulsars","floor":31},{"not_picked":["UltimateShortwave+1","CollectingQuirk+1"],"picked":"StarDustReverie+1","floor":33},{"not_picked":["MagicAbsorber+1","DC+1"],"picked":"UnstableBomb+1","floor":35},{"not_picked":["AsteroidBelt+1","GalacticHalo+1"],"picked":"MilkyWay+1","floor":36},{"not_picked":["MachineGunSpark+1","BlazeAway+1"],"picked":"WitchLeyline+1","floor":38},{"not_picked":["Acceleration+1","GrandCross+1"],"picked":"IllusionStar+1","floor":41},{"not_picked":["PulseMagic+1","GrandCross+1"],"picked":"CasketOfStar","floor":44},{"not_picked":["PropBag+1","DoubleSpark+1"],"picked":"Acceleration+1","floor":45},{"not_picked":["DC+1","PowerUp+1"],"picked":"6A+1","floor":46},{"not_picked":["LuminesStrike+1","PowerUp+1"],"picked":"AbsoluteMagnitude+1","floor":47},{"not_picked":["WitchOfGreed+1","AlicesGift+1"],"picked":"AsteroidBelt+1","floor":48},{"not_picked":["MysteriousBeam+1","LuminesStrike+1"],"picked":"IllusionStar+1","floor":54}],"player_experience":237827,"relics_obtained":[{"floor":8.0,"key":"Torii"},{"floor":9.0,"key":"Toxic Egg 2"},{"floor":12.0,"key":"Darkstone Periapt"},{"floor":14.0,"key":"Molten Egg 2"},{"floor":23,"key":"AmplifyWand"},{"floor":23,"key":"White Beast Statue"},{"floor":26,"key":"Lizard Tail"},{"floor":27,"key":"Matryoshka"},{"floor":27,"key":"Pantograph"},{"floor":31,"key":"MawBank"},{"floor":31,"key":"Shuriken"},{"floor":41,"key":"Whetstone"},{"floor":41,"key":"CaptainsWheel"},{"floor":43,"key":"Vajra"},{"floor":44,"key":"Pear"},{"floor":44,"key":"HandmadeGrimoire"},{"floor":47,"key":"Gremlin Horn"},{"floor":47,"key":"PreservedInsect"},{"floor":54,"key":"Kunai"},{"floor":54,"key":"Bird Faced Urn"}],"event_choices":[{"damage_healed":69.0,"max_hp_gain":0.0,"max_hp_loss":75.0,"gold_gain":0.0,"event_name":"betterThird:BetterShining","player_choice":"Upgrade","floor":2.0,"gold_loss":0.0,"damage_taken":15.0,"cards_upgraded":["Strike_MRS","UpSweep"]},{"cards_removed":["Strike_MRS"],"damage_healed":0.0,"max_hp_gain":0.0,"max_hp_loss":0.0,"gold_gain":0.0,"event_name":"Bonfire Elementals","player_choice":"Offered Basic","floor":4.0,"gold_loss":0.0,"damage_taken":0.0},{"damage_healed":0.0,"max_hp_gain":0.0,"max_hp_loss":0.0,"gold_gain":0.0,"event_name":"Match and Keep!","player_choice":"3 cards matched","floor":19.0,"gold_loss":0.0,"damage_taken":0.0,"cards_obtained":["MasterSpark","NonDirectionalLaser","CasketOfStar"]},{"damage_healed":0,"gold_gain":0,"player_choice":"Bet on Murderer","damage_taken":0,"max_hp_gain":0,"max_hp_loss":0,"event_name":"The Joust","floor":25,"gold_loss":50},{"damage_healed":0,"gold_gain":0,"player_choice":"Ignored","damage_taken":0,"max_hp_gain":0,"max_hp_loss":0,"event_name":"Tomb of Lord Red Mask","floor":37,"gold_loss":0},{"cards_removed":["DoubleSpark"],"damage_healed":0,"gold_gain":0,"player_choice":"Gave Card","damage_taken":0,"relics_obtained":["Omamori"],"max_hp_gain":0,"max_hp_loss":0,"event_name":"WeMeetAgain","floor":39,"gold_loss":0}],"is_beta":false,"boss_relics":[{"not_picked":["Empty Cage","Philosopher\u0027s Stone"],"picked":"Black Star"},{"not_picked":["Pandora\u0027s Box","Coffee Dripper"],"picked":"Runic Pyramid"}],"items_purged_floors":[],"is_endless":false,"potions_floor_spawned":[3,8,12,16,18,23,27,28,30,31,33,35,36,38,41,44,45,46,47,48,54],"ascension_level":1}}