{"host":"fuszjwm6fqgjjp4d","time":1613973143,"event":{"mods":["BaseMod","Colored Map","Minty Spire (QoL Compilation)","Permanent Neow","Relic Sorter","Relic Stats","StSLib"],"gold_per_floor":[216,141,291,303,320,320,320,330,330,330,330,355,104,144,144,144,144],"floor_reached":16,"language":"ENG","playtime":303,"items_purged":["Doubt"],"score":200,"play_id":"cf0456fb-2181-45bb-9537-ebd12e690b2b","local_time":"20210221235223","is_ascension_mode":true,"campfire_choices":[{"data":"Hemokinesis","floor":11.0,"key":"SMITH"},{"floor":15,"key":"REST"}],"circlet_count":0,"master_deck":["AscendersBane","Strike_R","Strike_R","Strike_R","Strike_R+1","Defend_R","Defend_R","Defend_R","Defend_R","Bash+1","Clothesline","Hemokinesis+1","Uppercut","Shrug It Off","Inflame","Spot Weakness","Armaments"],"relics":["Burning Blood","Torii","Calipers","Golden Idol","Orichalcum"],"acts_visited":["Exordium"],"potions_floor_usage":[14,16],"damage_taken":[{"damage":4.0,"enemies":"Small Slimes","floor":1.0,"turns":4.0},{"damage":12.0,"enemies":"2 Louse","floor":4.0,"turns":3.0},{"damage":9.0,"enemies":"Jaw Worm","floor":5.0,"turns":3.0},{"damage":0.0,"enemies":"3 Louse","floor":8.0,"turns":5.0},{"damage":5.0,"enemies":"Large Slime","floor":12.0,"turns":5.0},{"damage":19,"enemies":"Lagavulin","floor":14,"turns":6},{"damage":47,"enemies":"The Guardian","floor":16,"turns":9}],"seed_played":"6493485761775428050","potions_obtained":[{"floor":5.0,"key":"SkillPotion"},{"floor":12.0,"key":"CultistPotion"},{"floor":14,"key":"BloodPotion"}],"is_trial":false,"path_per_floor":["M","?","?","M","M","?","?","M","T","?","R","M","$","E","R","B"],"character_chosen":"IRONCLAD","items_purchased":["Inflame","Spot Weakness"],"campfire_rested":1,"item_purchase_floors":[13,13],"current_hp_per_floor":[70,70,70,64,61,38,20,26,26,26,26,27,27,14,34,0,0],"gold":144,"neow_bonus":"HUNDRED_GOLD","is_daily":false,"chose_seed":false,"campfire_upgraded":1,"win_rate":0.0,"timestamp":1613973143,"path_taken":["M","?","?","M","?","?","?","M","T","?","R","M","?","E","R","BOSS"],"items_purchased_type":["Card","Card"],"build_version":"2020-12-22","purchased_purges":1,"victory":false,"max_hp_per_floor":[75,75,75,75,75,75,75,75,75,68,68,68,68,68,68,68,68],"relic_stats":{"Torii":4,"counters":[7,35],"Golden Idol":13,"Orichalcum":[18],"obtain_stats":[{"Calipers":9,"Torii":7,"Golden Idol":10,"Orichalcum":14,"Burning Blood":0},{"Calipers":4,"Torii":3,"Golden Idol":4,"Orichalcum":6,"Burning Blood":0},{"Calipers":15,"Torii":10,"Golden Idol":15,"Orichalcum":26,"Burning Blood":0}],"Burning Blood":36},"card_choices":[{"not_picked":["Havoc","Iron Wave"],"picked":"Clothesline","floor":1.0},{"not_picked":["Havoc","True Grit"],"picked":"Hemokinesis","floor":4.0},{"not_picked":["Anger","Power Through"],"picked":"Uppercut","floor":5.0},{"not_picked":["True Grit","Rage"],"picked":"Shrug It Off","floor":8.0},{"not_picked":["Anger","Dual Wield","Warcry"],"picked":"SKIP","floor":12.0},{"not_picked":["Demon Form","Reckless Charge"],"picked":"Armaments","floor":14}],"player_experience":1515793,"relics_obtained":[{"floor":9.0,"key":"Calipers"},{"floor":14,"key":"Orichalcum"}],"event_choices":[{"cards_removed":["Strike_R"],"damage_healed":0.0,"max_hp_gain":0.0,"max_hp_loss":0.0,"gold_gain":0.0,"event_name":"The Cleric","player_choice":"Card Removal","floor":2.0,"gold_loss":75.0,"damage_taken":0.0},{"damage_healed":0.0,"max_hp_gain":0.0,"max_hp_loss":0.0,"gold_gain":150.0,"event_name":"Liars Game","player_choice":"AGREE","floor":3.0,"gold_loss":0.0,"damage_taken":0.0,"cards_obtained":["Doubt"]},{"damage_healed":0.0,"max_hp_gain":0.0,"max_hp_loss":0.0,"gold_gain":0.0,"event_name":"Shining Light","player_choice":"Entered Light","floor":6.0,"gold_loss":0.0,"damage_taken":23.0,"cards_upgraded":["Strike_R","Bash"]},{"damage_healed":0.0,"max_hp_gain":0.0,"max_hp_loss":0.0,"gold_gain":0.0,"event_name":"Scrap Ooze","player_choice":"Success","floor":7.0,"gold_loss":0.0,"damage_taken":18.0,"relics_obtained":["Torii"]},{"damage_healed":0.0,"max_hp_gain":0.0,"max_hp_loss":7.0,"gold_gain":0.0,"event_name":"Golden Idol","player_choice":"Lose Max HP","floor":10.0,"gold_loss":0.0,"damage_taken":0.0,"relics_obtained":["Golden Idol"]}],"is_beta":false,"boss_relics":[],"items_purged_floors":[13],"is_endless":false,"potions_floor_spawned":[5,12,14],"killed_by":"The Guardian","ascension_level":20}}