{"host":"72n3jwtrlpjobydj","time":1613990816,"event":{"mods":["AchievementEnabler","Act Like it!","Arknights","BaseMod","CapriCore","DeckTracker","Hermit","Koishi","Lobotomy","Marisa£¨Ùöéë¡¡Øª×âÞÞ£©","Minty Spire (QoL Compilation)","Permanent Neow","StSLib","SuperFastMode","The Cursed","The Gatherer","The Hierophant","The Immortal"],"gold_per_floor":[113,38,58,76,151,151,151,168,218,218,247,259,259,224,224,224,224],"floor_reached":16,"language":"KOR","playtime":264,"items_purged":["Normality"],"score":105,"play_id":"7293eb22-a52d-42c9-9da9-895ead211a00","local_time":"20210222194656","is_ascension_mode":true,"campfire_choices":[{"floor":6,"key":"REST"},{"floor":10,"key":"RECALL"},{"floor":13,"key":"REST"},{"floor":15,"key":"REST"}],"circlet_count":0,"master_deck":["Strike_R","Strike_R","Strike_R","Strike_R","Strike_R","Defend_R","Defend_R","Defend_R","Defend_R","Bash","Shrug It Off","Shrug It Off"],"relics":["Burning Blood","Calipers","MealTicket"],"acts_visited":["Exordium"],"potions_floor_usage":[11,11],"damage_taken":[{"damage":3,"enemies":"Small Slimes","floor":1,"turns":4},{"damage":10,"enemies":"Jaw Worm","floor":3,"turns":4},{"damage":6,"enemies":"Cultist","floor":4,"turns":3},{"damage":16,"enemies":"Blue Slaver","floor":8,"turns":4},{"damage":58,"enemies":"Lagavulin","floor":11,"turns":7},{"damage":18,"enemies":"Red Slaver","floor":12,"turns":5},{"damage":92,"enemies":"Slime Boss","floor":16,"turns":12}],"seed_played":"6286712397373366685","potions_obtained":[{"floor":4,"key":"Fire Potion"},{"floor":8,"key":"BloodPotion"}],"is_trial":false,"path_per_floor":["M","$","M","M","?","R","?","M","T","R","E","M","R","?","R","B"],"character_chosen":"IRONCLAD","items_purchased":[],"campfire_rested":3,"item_purchase_floors":[],"current_hp_per_floor":[80,80,76,76,65,80,80,70,70,70,34,22,46,66,80,0,0],"gold":224,"neow_bonus":"ONE_RARE_RELIC","is_daily":false,"chose_seed":false,"campfire_upgraded":0,"win_rate":0.0,"timestamp":1613990816,"path_taken":["M","$","M","M","?","R","?","M","T","R","E","M","R","?","R","BOSS"],"items_purchased_type":[],"build_version":"2020-12-22","purchased_purges":1,"victory":false,"max_hp_per_floor":[80,80,80,80,80,80,80,80,80,80,80,80,80,80,80,80,80],"card_choices":[{"not_picked":["Twin Strike","Thunderclap","Reckless Charge"],"picked":"SKIP","floor":1},{"not_picked":["Havoc","Dual Wield","Anger"],"picked":"SKIP","floor":3},{"not_picked":["Bloodletting","Inflame","Whirlwind"],"picked":"SKIP","floor":4},{"not_picked":["Heavy Blade","Headbutt","Dropkick"],"picked":"SKIP","floor":8},{"not_picked":["Exhume","Sword Boomerang"],"picked":"Shrug It Off","floor":11},{"not_picked":["Sword Boomerang","Twin Strike"],"picked":"Shrug It Off","floor":12}],"player_experience":126122,"relics_obtained":[{"floor":11,"key":"MealTicket"}],"event_choices":[{"damage_healed":0,"gold_gain":75,"player_choice":"Gather Gold","damage_taken":11,"max_hp_gain":0,"max_hp_loss":0,"event_name":"World of Goop","floor":5,"gold_loss":0},{"damage_healed":0,"gold_gain":0,"player_choice":"Ignored","damage_taken":0,"max_hp_gain":0,"max_hp_loss":0,"event_name":"Shining Light","floor":7,"gold_loss":0},{"damage_healed":20,"gold_gain":0,"player_choice":"Healed","damage_taken":0,"max_hp_gain":0,"max_hp_loss":0,"event_name":"The Cleric","floor":14,"gold_loss":35}],"is_beta":false,"boss_relics":[],"items_purged_floors":[2],"is_endless":false,"potions_floor_spawned":[4,8],"killed_by":"Slime Boss","ascension_level":1}}