{"host":"dl909bjyolgrn2uw","time":1613971656,"event":{"mods":["2.2 Compatiblity","AchievementEnabler","BaseMod","Bestiary","Better Altar","Better Note","Better Sensory Stone","Better Skull","Better Vampires","Better-Laid Plans","Colored Powertips","Conspire","Curses Come First","Disable Question Mark Monsters","Displayed Cursed Tome","Emptier Cage","Minty Spire (QoL Compilation)","Morshu Shopkeeper","Permanent Neow","Quick Restart","Rare Cards Sparkle","Relic Stats","Shop Mod","Spicy Shops","StSLib","SuperFastMode","Transform Curses"],"gold_per_floor":[111,111,111,128,146,174,174,15,15,50,69,89,89,118,118,216,216,235,245,261,261,277,305,405,24,47,47,74,86,102,116,116,220,220,232,284,284,295,309,336,353,353,353,378,391,428,428,446,446,446,446],"floor_reached":50,"language":"ENG","playtime":4673,"items_purged":[],"score":1012,"play_id":"cf0dca1f-5437-4aef-bbaa-e55e87b1bd7c","local_time":"20210221232736","is_ascension_mode":true,"campfire_choices":[{"floor":7.0,"key":"REST"},{"data":"Blade Dance","floor":13.0,"key":"SMITH"},{"data":"Blade Dance","floor":15.0,"key":"SMITH"},{"data":"After Image","floor":27,"key":"SMITH"},{"data":"Accuracy","floor":32,"key":"SMITH"},{"data":"Catalyst","floor":42,"key":"SMITH"},{"data":"After Image","floor":49,"key":"SMITH"}],"circlet_count":0,"master_deck":["AscendersBane","Strike_G","Strike_G+1","Strike_G","Defend_G","Defend_G","Defend_G","Defend_G+1","Defend_G","Survivor","Neutralize","Crippling Poison","Dagger Spray+1","Blade Dance+1","Leg Sweep","Envenom","Blade Dance+1","Dagger Throw+1","Footwork","After Image+1","PiercingWail","Accuracy+1","Dash","Leg Sweep+1","Malaise","Catalyst+1","Cloak And Dagger+1","Tools of the Trade","Noxious Fumes","Dash+1","Blade Dance","Footwork","conspire:PoisonWeapons+1","Blade Dance","After Image+1","Acrobatics+1","Panacea","Violence","Blade Dance","Acrobatics","Deflect+1","Expertise+1","Well Laid Plans","Infinite Blades","Blade Dance+1"],"relics":["Ring of the Snake","Prayer Wheel","Meat on the Bone","Nunchaku","Whetstone","Philosopher\u0027s Stone","Anchor","Chemical X","conspire:TreasureMap","Sundial","Vajra","Coffee Dripper","Unceasing Top","Potion Belt","White Beast Statue","InkBottle","Bottled Flame"],"acts_visited":["Exordium","TheCity","TheBeyond"],"potions_floor_usage":[28,33,33,33,35,36,50,50,50,50,50],"damage_taken":[{"damage":1.0,"enemies":"Small Slimes","floor":1.0,"turns":4.0},{"damage":0.0,"enemies":"conspire:RoseBush","floor":4.0,"turns":5.0},{"damage":1.0,"enemies":"Jaw Worm","floor":5.0,"turns":5.0},{"damage":38.0,"enemies":"Lagavulin","floor":6.0,"turns":10.0},{"damage":2.0,"enemies":"3 Sentries","floor":10.0,"turns":7.0},{"damage":1.0,"enemies":"Red Slaver","floor":11.0,"turns":5.0},{"damage":8.0,"enemies":"Gremlin Gang","floor":12.0,"turns":3.0},{"damage":7.0,"enemies":"Gremlin Nob","floor":14.0,"turns":4.0},{"damage":1.0,"enemies":"Slime Boss","floor":16.0,"turns":9.0},{"damage":12,"enemies":"Shell Parasite","floor":18,"turns":4},{"damage":6,"enemies":"conspire:FuzzyDice","floor":19,"turns":5},{"damage":7,"enemies":"Cultist and Chosen","floor":20,"turns":8},{"damage":5,"enemies":"conspire:HollyBat","floor":22,"turns":13},{"damage":10,"enemies":"conspire:SneckoGhost","floor":23,"turns":9},{"damage":16,"enemies":"conspire:Head Lice","floor":28,"turns":8},{"damage":0,"enemies":"Snecko","floor":29,"turns":4},{"damage":0,"enemies":"Centurion and Healer","floor":30,"turns":6},{"damage":0,"enemies":"Shelled Parasite and Fungi","floor":31,"turns":5},{"damage":26,"enemies":"Collector","floor":33,"turns":5},{"damage":0,"enemies":"3 Darklings","floor":35,"turns":6},{"damage":23,"enemies":"2 Orb Walkers","floor":36,"turns":6},{"damage":0,"enemies":"Orb Walker","floor":38,"turns":2},{"damage":0,"enemies":"3 Darklings","floor":39,"turns":4},{"damage":0,"enemies":"Reptomancer","floor":40,"turns":5},{"damage":3,"enemies":"Spire Growth","floor":41,"turns":5},{"damage":0,"enemies":"Giant Head","floor":44,"turns":2},{"damage":0,"enemies":"Maw","floor":45,"turns":6},{"damage":0,"enemies":"conspire:MimicChest","floor":46,"turns":6},{"damage":0,"enemies":"Transient","floor":48,"turns":5},{"damage":70,"enemies":"conspire:OrnateMirror","floor":50,"turns":4}],"seed_played":"6912573181683326981","potions_obtained":[{"floor":0.0,"key":"SmokeBomb"},{"floor":0.0,"key":"Energy Potion"},{"floor":0.0,"key":"PowerPotion"},{"floor":4.0,"key":"Ancient Potion"},{"floor":5.0,"key":"ColorlessPotion"},{"floor":10.0,"key":"CunningPotion"},{"floor":12.0,"key":"EntropicBrew"},{"floor":14.0,"key":"conspire:TimeTravelPotion"},{"floor":18,"key":"EssenceOfSteel"},{"floor":23,"key":"AttackPotion"},{"floor":28,"key":"Block Potion"},{"floor":30,"key":"PowerPotion"},{"floor":39,"key":"AttackPotion"},{"floor":40,"key":"DuplicationPotion"},{"floor":44,"key":"Regen Potion"},{"floor":45,"key":"Weak Potion"},{"floor":46,"key":"Strength Potion"}],"is_trial":false,"path_per_floor":["M","?","?","M","M","E","R","$","T","E","M","M","R","E","R","B",null,"M","M","M","?","M","E","?","$","T","R","E","M","M","M","R","B",null,"M","?","?","M","M","E","M","R","T","E","M","?","?","M","R","B"],"character_chosen":"THE_SILENT","items_purchased":["Blade Dance","Leg Sweep","BlessingOfTheForge","Chemical X","Noxious Fumes","conspire:TreasureMap"],"campfire_rested":1,"item_purchase_floors":[8,8,8,25,25,25],"current_hp_per_floor":[62,55,41,41,40,2,23,23,23,33,44,36,36,41,41,40,63,51,45,38,38,45,47,47,47,47,47,43,43,43,43,43,43,63,63,54,54,54,54,54,51,51,51,51,51,51,51,51,51,0,0],"gold":446,"neow_bonus":"THREE_SMALL_POTIONS","is_daily":false,"chose_seed":false,"campfire_upgraded":6,"win_rate":0.0,"timestamp":1613971656,"path_taken":["M","?","?","M","M","E","R","?","T","E","?","?","R","E","R","BOSS","M","M","M","?","?","E","?","$","T","R","E","M","M","M","R","BOSS","M","?","?","M","M","E","M","R","T","E","M","?","?","M","R","BOSS"],"items_purchased_type":["Card","Card","Potion","Relic","Card","Relic"],"build_version":"2020-12-22","purchased_purges":0,"victory":false,"max_hp_per_floor":[70,70,70,70,70,70,70,70,70,70,70,70,70,70,70,70,70,70,70,70,70,70,70,70,70,70,70,70,70,70,70,70,70,70,70,70,70,70,70,70,70,70,70,70,70,70,70,70,70,70,70],"relic_stats":{"Nunchaku":[46],"counters":[30,170],"Sundial":[4],"Prayer Wheel":15,"Whetstone":["Dagger Spray","Dagger Throw"],"Chemical X":[11],"obtain_stats":[{"Potion Belt":40,"conspire:TreasureMap":25,"Vajra":28,"Whetstone":14,"White Beast Statue":43,"Nunchaku":10,"Anchor":23,"Bottled Flame":46,"Sundial":26,"Prayer Wheel":6,"Philosopher\u0027s Stone":17,"Coffee Dripper":34,"Chemical X":25,"Unceasing Top":36,"InkBottle":44,"Ring of the Snake":0,"Meat on the Bone":9},{"Potion Belt":24,"conspire:TreasureMap":14,"Vajra":15,"Whetstone":8,"White Beast Statue":25,"Nunchaku":5,"Anchor":14,"Bottled Flame":28,"Sundial":14,"Prayer Wheel":4,"Philosopher\u0027s Stone":9,"Coffee Dripper":19,"Chemical X":14,"Unceasing Top":21,"InkBottle":26,"Ring of the Snake":0,"Meat on the Bone":4},{"Potion Belt":142,"conspire:TreasureMap":91,"Vajra":99,"Whetstone":43,"White Beast Statue":147,"Nunchaku":31,"Anchor":91,"Bottled Flame":161,"Sundial":91,"Prayer Wheel":24,"Philosopher\u0027s Stone":52,"Coffee Dripper":119,"Chemical X":91,"Unceasing Top":131,"InkBottle":149,"Ring of the Snake":0,"Meat on the Bone":24}],"Unceasing Top":[8],"InkBottle":[20],"Ring of the Snake":[60],"Meat on the Bone":72},"card_choices":[{"not_picked":["Underhanded Strike","Expertise","Finisher"],"picked":"SKIP","floor":1.0},{"not_picked":["conspire:PoisonWeapons","Slice"],"picked":"Crippling Poison","floor":4.0},{"not_picked":["Sucker Punch","Deflect"],"picked":"Dagger Spray","floor":5.0},{"not_picked":["Eviscerate","Acrobatics","Setup"],"picked":"SKIP","floor":6.0},{"not_picked":["Doppelganger","Quick Slash"],"picked":"Envenom","floor":10.0},{"not_picked":["Flying Knee","PiercingWail"],"picked":"Blade Dance","floor":11.0},{"not_picked":["Dodge and Roll","Endless Agony","Tactician"],"picked":"SKIP","floor":11.0},{"not_picked":["Underhanded Strike","Quick Slash"],"picked":"Dagger Throw","floor":12.0},{"not_picked":["Prepared","Cloak And Dagger","Tactician"],"picked":"SKIP","floor":12.0},{"not_picked":["Backflip","Burst"],"picked":"Footwork","floor":14.0},{"not_picked":["Die Die Die","Phantasmal Killer"],"picked":"After Image","floor":16.0},{"not_picked":["Catalyst","Bane"],"picked":"PiercingWail","floor":18},{"not_picked":["Expertise","Flechettes+1"],"picked":"Accuracy","floor":18},{"not_picked":["Dagger Throw","Dodge and Roll"],"picked":"Dash","floor":19},{"not_picked":["Underhanded Strike","Quick Slash","Dodge and Roll"],"picked":"SKIP","floor":19},{"not_picked":["Reflex+1","Riddle With Holes+1"],"picked":"Leg Sweep+1","floor":20},{"not_picked":["PiercingWail+1","Deadly Poison"],"picked":"Malaise","floor":20},{"not_picked":["Dagger Spray","Deadly Poison"],"picked":"Catalyst","floor":22},{"not_picked":["Quick Slash+1","Endless Agony+1"],"picked":"Cloak And Dagger+1","floor":22},{"not_picked":["Deadly Poison","Dodge and Roll"],"picked":"Tools of the Trade","floor":23},{"not_picked":["Dagger Throw","Dagger Spray"],"picked":"Dash+1","floor":28},{"not_picked":["Quick Slash","Cloak And Dagger"],"picked":"Blade Dance","floor":29},{"not_picked":["Backflip+1","All Out Attack"],"picked":"Footwork","floor":29},{"not_picked":["Distraction","PiercingWail"],"picked":"conspire:PoisonWeapons+1","floor":30},{"not_picked":["Flying Knee+1","All Out Attack","Dagger Spray"],"picked":"SKIP","floor":30},{"not_picked":["Outmaneuver","PiercingWail"],"picked":"Blade Dance","floor":31},{"not_picked":["conspire:DoublingDagger","Bouncing Flask+1","Endless Agony"],"picked":"SKIP","floor":31},{"not_picked":["A Thousand Cuts","Storm of Steel"],"picked":"After Image","floor":33},{"not_picked":["Dodge and Roll","Dagger Spray","Flechettes+1"],"picked":"SKIP","floor":35},{"not_picked":["Quick Slash+1","Bane+1","Poisoned Stab+1"],"picked":"SKIP","floor":35},{"not_picked":["Deadly Poison+1","Slice+1"],"picked":"Acrobatics+1","floor":36},{"not_picked":["Forethought","Discovery"],"picked":"Panacea","floor":37},{"not_picked":["Forethought","Good Instincts"],"picked":"Violence","floor":37},{"not_picked":["Escape Plan+1","Sucker Punch"],"picked":"Blade Dance","floor":38},{"not_picked":["Setup","Dodge and Roll+1"],"picked":"Acrobatics","floor":38},{"not_picked":["Outmaneuver","Dagger Spray","Dash"],"picked":"SKIP","floor":39},{"not_picked":["Flying Knee","Backstab","Heel Hook"],"picked":"SKIP","floor":39},{"not_picked":["Slice+1","PiercingWail"],"picked":"Deflect+1","floor":40},{"not_picked":["Eviscerate+1","Dash"],"picked":"Expertise+1","floor":41},{"not_picked":["Dodge and Roll","Blade Dance","Cloak And Dagger"],"picked":"SKIP","floor":41},{"not_picked":["Underhanded Strike","Finisher","Blade Dance"],"picked":"SKIP","floor":44},{"not_picked":["Distraction+1","Acrobatics+1"],"picked":"Well Laid Plans","floor":45},{"not_picked":["Storm of Steel","Noxious Fumes","Underhanded Strike+1"],"picked":"SKIP","floor":45},{"not_picked":["Quick Slash+1","Slice"],"picked":"Infinite Blades","floor":46},{"not_picked":["Deflect+1","Doppelganger"],"picked":"Blade Dance+1","floor":48},{"not_picked":["Deadly Poison+1","Crippling Poison","Backflip"],"picked":"SKIP","floor":48}],"player_experience":484259,"relics_obtained":[{"floor":6.0,"key":"Prayer Wheel"},{"floor":9.0,"key":"Meat on the Bone"},{"floor":10.0,"key":"Nunchaku"},{"floor":14.0,"key":"Whetstone"},{"floor":23,"key":"Anchor"},{"floor":26,"key":"Sundial"},{"floor":28,"key":"Vajra"},{"floor":36,"key":"Unceasing Top"},{"floor":40,"key":"Potion Belt"},{"floor":43,"key":"White Beast Statue"},{"floor":44,"key":"InkBottle"},{"floor":46,"key":"Bottled Flame"}],"event_choices":[{"cards_removed":["Strike_G"],"damage_healed":0.0,"max_hp_gain":0.0,"max_hp_loss":0.0,"gold_gain":0.0,"event_name":"Golden Wing","player_choice":"Card Removal","floor":2.0,"gold_loss":0.0,"damage_taken":7.0},{"damage_healed":0.0,"max_hp_gain":0.0,"max_hp_loss":0.0,"gold_gain":0.0,"event_name":"Shining Light","player_choice":"Entered Light","floor":3.0,"gold_loss":0.0,"damage_taken":14.0,"cards_upgraded":["Defend_G","Strike_G"]},{"cards_removed":["Leg Sweep"],"damage_healed":0,"gold_gain":0,"player_choice":"Give","damage_taken":0,"max_hp_gain":0,"max_hp_loss":0,"event_name":"betterNote:BetterNote","floor":21,"gold_loss":0,"cards_obtained":["None"]},{"damage_healed":0,"gold_gain":100,"player_choice":"Pray","damage_taken":0,"max_hp_gain":0,"max_hp_loss":0,"event_name":"Golden Shrine","floor":24,"gold_loss":0},{"damage_healed":0,"gold_gain":0,"player_choice":"Fight","damage_taken":0,"max_hp_gain":0,"max_hp_loss":0,"event_name":"Mysterious Sphere","floor":36,"gold_loss":0},{"damage_healed":0,"gold_gain":3,"player_choice":"1","damage_taken":0,"max_hp_gain":0,"max_hp_loss":0,"event_name":"betterStone:BetterStone","floor":37,"gold_loss":0},{"cards_removed":["Strike_G"],"damage_healed":0,"gold_gain":0,"player_choice":"Removed Attack","damage_taken":0,"max_hp_gain":0,"max_hp_loss":0,"event_name":"Falling","floor":47,"gold_loss":0}],"is_beta":false,"boss_relics":[{"not_picked":["Busted Crown","Snecko Eye"],"picked":"Philosopher\u0027s Stone"},{"not_picked":["Velvet Choker","Ring of the Serpent"],"picked":"Coffee Dripper"}],"items_purged_floors":[],"is_endless":false,"potions_floor_spawned":[4,5,10,12,14,18,23,28,30,31,39,40,44,45,46,48],"killed_by":"conspire:OrnateMirror","ascension_level":10}}