{"host":"117k4jqr844m944g","time":1613989580,"event":{"mods":["BaseMod","Downfall","Minty Spire (QoL Compilation)","StSLib","UnlockEverythingMod"],"gold_per_floor":[99,119,269,282,297,297,343,243,276,39,65,79,79,94,108,212,212,112,128,38,54,67,79,79,79,104,134,134,149,149,34,45,146,146,146,156,166,178,159,186,213,63,75,89,122,136,36,82,97,97,97,124,26,26,26,26],"floor_reached":57,"language":"ZHS","playtime":5351,"items_purged":["downfall:Icky","bronze:Strike","bronze:Defend","bronze:Defend"],"score":1412,"play_id":"e5fb7d9b-907a-41fc-9c9f-7aef229c0d0c","local_time":"20210222182620","is_ascension_mode":true,"campfire_choices":[{"data":"bronze:Goto","floor":1.0,"key":"SMITH"},{"floor":6.0,"key":"RECALL"},{"data":"bronze:Optimize","floor":8.0,"key":"SMITH"},{"data":"bronze:Turbo","floor":13.0,"key":"SMITH"},{"data":"bronze:Repulsor","floor":18.0,"key":"SMITH"},{"data":"bronze:ClassDefault","floor":28.0,"key":"SMITH"},{"floor":30.0,"key":"DIG"},{"floor":35.0,"key":"DIG"},{"floor":47.0,"key":"DIG"},{"floor":54.0,"key":"DIG"}],"circlet_count":0,"master_deck":["bronze:Defend","bronze:Defend","bronze:Replicate","bronze:Goto+1","bronze:Optimize+1","bronze:DelayedSlice","bronze:DelayedGuard","bronze:HardenedForm","bronze:Verify","bronze:Backtrace","bronze:Branch","bronze:ClassDefault+1","bronze:Turbo+1","bronze:Repulsor+1","bronze:GetLatest","bronze:Virus","CurseOfTheBell","bronze:Refactor+1","bronze:FindAndReplace","bronze:SpaghettiCode","bronze:MaxOutput+1","bronze:Virus","bronze:ItsAFeature","bronze:Turbo"],"relics":["bronze:BronzeCore","Bag of Preparation","downfall:HeartBlessingRed","Happy Flower","Orrery","Odd Mushroom","Calling Bell","Akabeko","HornCleat","TungstenRod","downfall:HeartBlessingGreen","Shovel","Blue Candle","Red Mask","Oddly Smooth Stone","bronze:MakeshiftBattery","Guardian:GemstoneGun","Gremlin Horn","Letter Opener","StoneCalendar","downfall:HeartBlessingBlue","PreservedInsect","Lizard Tail","FossilizedHelix","Mercury Hourglass"],"acts_visited":["Exordium","TheCity","TheBeyond","TheEnding"],"potions_floor_usage":[56,56],"damage_taken":[{"damage":0.0,"enemies":"Small Slimes","floor":2.0,"turns":3.0},{"damage":2.0,"enemies":"Jaw Worm","floor":4.0,"turns":5.0},{"damage":1.0,"enemies":"Cultist","floor":5.0,"turns":3.0},{"damage":11.0,"enemies":"Lagavulin","floor":9.0,"turns":6.0},{"damage":0.0,"enemies":"downfall:FleeingMerchant","floor":10.0,"turns":4.0},{"damage":10.0,"enemies":"The Mushroom Lair","floor":11.0,"turns":5.0},{"damage":0.0,"enemies":"2 Fungi Beasts","floor":12.0,"turns":2.0},{"damage":0.0,"enemies":"Large Slime","floor":14.0,"turns":4.0},{"damage":0.0,"enemies":"3 Louse","floor":15.0,"turns":1.0},{"damage":15.0,"enemies":"WA_ARCHETYPE_RETAIN","floor":16.0,"turns":7.0},{"damage":11.0,"enemies":"3 Byrds","floor":19.0,"turns":4.0},{"damage":0.0,"enemies":"downfall:FleeingMerchant","floor":20.0,"turns":4.0},{"damage":10.0,"enemies":"Chosen","floor":21.0,"turns":4.0},{"damage":0.0,"enemies":"Sentry and Sphere","floor":22.0,"turns":3.0},{"damage":13.0,"enemies":"Snake Plant","floor":23.0,"turns":3.0},{"damage":13.0,"enemies":"Slavers","floor":26.0,"turns":4.0},{"damage":5.0,"enemies":"Masked Bandits","floor":27.0,"turns":3.0},{"damage":0.0,"enemies":"3 Cultists","floor":29.0,"turns":5.0},{"damage":0.0,"enemies":"downfall:FleeingMerchant","floor":31.0,"turns":4.0},{"damage":0.0,"enemies":"Chosen and Byrds","floor":32.0,"turns":4.0},{"damage":9.0,"enemies":"SI_MIRROR_ARCHETYPE","floor":33.0,"turns":4.0},{"damage":1.0,"enemies":"Orb Walker","floor":36.0,"turns":3.0},{"damage":0.0,"enemies":"3 Shapes","floor":37.0,"turns":2.0},{"damage":17.0,"enemies":"Sphere and 2 Shapes","floor":38.0,"turns":4.0},{"damage":10.0,"enemies":"downfall:FleeingMerchant","floor":39.0,"turns":3.0},{"damage":2.0,"enemies":"Reptomancer","floor":40.0,"turns":3.0},{"damage":0.0,"enemies":"Jaw Worm Horde","floor":43.0,"turns":2.0},{"damage":0.0,"enemies":"Transient","floor":44.0,"turns":5.0},{"damage":0.0,"enemies":"Giant Head","floor":45.0,"turns":3.0},{"damage":1.0,"enemies":"4 Shapes","floor":46.0,"turns":3.0},{"damage":6.0,"enemies":"2 Orb Walkers","floor":48.0,"turns":3.0},{"damage":27.0,"enemies":"Spire Growth","floor":49.0,"turns":4.0},{"damage":26.0,"enemies":"DF_ARCHETYPE_ORBS","floor":50.0,"turns":4.0},{"damage":0.0,"enemies":"downfall:CharBossMerchant","floor":52.0,"turns":5.0},{"damage":0.0,"enemies":"downfall:NeowBoss","floor":55.0,"turns":8.0},{"damage":20,"enemies":"downfall:NeowBossFinal","floor":56,"turns":6}],"seed_played":"3972825122380225475","potions_obtained":[{"floor":2.0,"key":"FearPotion"},{"floor":5.0,"key":"Fire Potion"},{"floor":9.0,"key":"Slimebound:ThreeZeroPotion"},{"floor":12.0,"key":"Energy Potion"},{"floor":15.0,"key":"SmokeBomb"},{"floor":21.0,"key":"Fruit Juice"},{"floor":22.0,"key":"FearPotion"},{"floor":26.0,"key":"Explosive Potion"},{"floor":27.0,"key":"Dexterity Potion"},{"floor":29.0,"key":"bronze:CleanCodePotion"},{"floor":37.0,"key":"champ:CounterPotion"},{"floor":45.0,"key":"FearPotion"},{"floor":48.0,"key":"FairyPotion"},{"floor":49.0,"key":"bronze:CleanCodePotion"}],"is_trial":false,"path_per_floor":["R","M","?","M","M","R","T","R","E","$","?","M","R","M","M","B",null,"R","M","$","M","M","M","T","?","E","?","R","M","R","$","M","B",null,"R","M","M","M","$","E","T","$","M","M","E","M","R","?","M","B",null,"E","$","R","B","B",null],"character_chosen":"THE_AUTOMATON","items_purchased":["Orrery","bronze:ClassDefault","Gremlin Horn","PowerPotion","Energy Potion"],"campfire_rested":0,"item_purchase_floors":[10,10,39,53,53],"current_hp_per_floor":[63,63,63,61,60,60,60,60,49,49,39,39,39,39,39,24,63,63,52,52,42,47,34,34,34,21,16,16,16,16,16,16,7,68,68,67,67,50,40,38,38,38,38,38,38,37,47,41,14,16,78,78,78,78,78,58],"gold":26,"neow_bonus":"REMOVE_TWO","is_daily":false,"chose_seed":false,"campfire_upgraded":5,"win_rate":0.0,"timestamp":1613989580,"path_taken":["R","M","?","M","M","R","T","R","E","$","?","M","R","M","M","BOSS","R","M","$","M","M","M","T","?","E","?","R","?","R","?","M","BOSS","R","M","M","M","$","E","T","$","M","M","E","M","R","?","M","BOSS","E","$","R","BOSS","BOSS"],"items_purchased_type":["Relic","Card","Relic","Potion","Potion"],"build_version":"2020-12-22","purchased_purges":4,"victory":true,"max_hp_per_floor":[63,63,63,63,63,63,63,63,63,63,63,63,63,63,63,63,63,63,63,63,63,68,68,68,68,68,68,68,68,68,68,68,68,68,68,68,68,68,68,68,68,68,68,68,68,68,78,78,78,78,78,78,78,78,78,78],"card_choices":[{"not_picked":["bronze:Backtrace","bronze:Repulsor"],"picked":"bronze:Optimize","floor":2.0},{"not_picked":["bronze:Philosophize","bronze:CutThrough"],"picked":"bronze:DelayedSlice","floor":4.0},{"not_picked":["bronze:NullPointer","bronze:Shell","bronze:Optimize"],"picked":"SKIP","floor":5.0},{"not_picked":["bronze:BugBarrage","bronze:DelayedSlice","bronze:BuggyMess"],"picked":"SKIP","floor":9.0},{"not_picked":["bronze:ShipIt","bronze:BuggyMess"],"picked":"bronze:DelayedGuard","floor":10.0},{"not_picked":["bronze:CloningBeam","bronze:OilSpill"],"picked":"bronze:HardenedForm","floor":10.0},{"not_picked":["bronze:Separator","bronze:GetLatest"],"picked":"bronze:Verify","floor":10.0},{"not_picked":["bronze:ThunderWave","bronze:DelayedGuard"],"picked":"bronze:Backtrace","floor":10.0},{"not_picked":["bronze:Shield","bronze:NullPointer"],"picked":"bronze:Branch","floor":10.0},{"not_picked":["bronze:Separator","bronze:BugBarrage"],"picked":"bronze:Turbo","floor":12.0},{"not_picked":["bronze:Turbo","bronze:Deprecate"],"picked":"bronze:Repulsor","floor":14.0},{"not_picked":["bronze:FineTuning","bronze:OilSpill"],"picked":"bronze:GetLatest","floor":15.0},{"not_picked":["bronze:ThunderWave","bronze:RecursiveStrike"],"picked":"bronze:Virus","floor":16.0},{"not_picked":["bronze:Fortify+1","bronze:DarkDash","bronze:NullPointer+1"],"picked":"SKIP","floor":19.0},{"not_picked":["bronze:Iterate","bronze:Repair"],"picked":"bronze:Refactor+1","floor":20.0},{"not_picked":["bronze:DelayedSlice","bronze:BurnOut","bronze:Frontload+1"],"picked":"SKIP","floor":21.0},{"not_picked":["bronze:Overheat","bronze:Terminator","bronze:Deprecate"],"picked":"SKIP","floor":22.0},{"not_picked":["bronze:Overheat","bronze:DigitalCarnage","bronze:CutThrough"],"picked":"SKIP","floor":23.0},{"not_picked":["bronze:Format","bronze:Boost"],"picked":"bronze:FindAndReplace","floor":26.0},{"not_picked":["bronze:Frontload+1","bronze:Fortify","bronze:Overheat+1"],"picked":"SKIP","floor":29.0},{"not_picked":["bronze:Overheat","bronze:Backtrace+1","bronze:Shell"],"picked":"SKIP","floor":31.0},{"not_picked":["bronze:DelayedGuard+1","bronze:Shield"],"picked":"bronze:SpaghettiCode","floor":32.0},{"not_picked":["bronze:WildBeam","bronze:FineTuning","bronze:OilSpill+1"],"picked":"SKIP","floor":36.0},{"not_picked":["bronze:Branch+1","bronze:BitShift","bronze:DelayedGuard"],"picked":"SKIP","floor":37.0},{"not_picked":["bronze:Branch+1","bronze:BitShift","bronze:DelayedGuard"],"picked":"SKIP","floor":37.0},{"not_picked":["bronze:OilSpill+1","bronze:Philosophize","bronze:BugBarrage"],"picked":"SKIP","floor":38.0},{"not_picked":["bronze:OilSpill","bronze:Shield+1"],"picked":"bronze:MaxOutput+1","floor":39.0},{"not_picked":["bronze:DigitalCarnage+1","bronze:BurnOut"],"picked":"bronze:Virus","floor":40.0},{"not_picked":["bronze:Refactor","bronze:Frontload+1"],"picked":"bronze:ItsAFeature","floor":43.0},{"not_picked":["bronze:Constructor+1","bronze:Fortify+1","bronze:Iterate"],"picked":"SKIP","floor":44.0},{"not_picked":["bronze:MaxOutput","bronze:ShipIt","bronze:Overheat+1"],"picked":"SKIP","floor":45.0},{"not_picked":["bronze:MaxOutput","bronze:ShipIt","bronze:Overheat+1"],"picked":"SKIP","floor":45.0},{"not_picked":["bronze:BronzeArmor+1","bronze:Boost","bronze:Deprecate+1"],"picked":"SKIP","floor":46.0},{"not_picked":["bronze:BronzeArmor+1","bronze:Shield","bronze:BugBarrage"],"picked":"SKIP","floor":49.0},{"not_picked":["bronze:Iterate","bronze:Frontload+1"],"picked":"bronze:Turbo","floor":52.0}],"player_experience":110012,"relics_obtained":[{"floor":7.0,"key":"Bag of Preparation"},{"floor":9.0,"key":"Happy Flower"},{"floor":11.0,"key":"Odd Mushroom"},{"floor":17.0,"key":"Akabeko"},{"floor":17.0,"key":"HornCleat"},{"floor":17.0,"key":"TungstenRod"},{"floor":24.0,"key":"Shovel"},{"floor":26.0,"key":"Blue Candle"},{"floor":27.0,"key":"Red Mask"},{"floor":30.0,"key":"Oddly Smooth Stone"},{"floor":35.0,"key":"Guardian:GemstoneGun"},{"floor":40.0,"key":"Letter Opener"},{"floor":45.0,"key":"StoneCalendar"},{"floor":47.0,"key":"PreservedInsect"},{"floor":48.0,"key":"Lizard Tail"},{"floor":52.0,"key":"FossilizedHelix"},{"floor":54.0,"key":"Mercury Hourglass"}],"event_choices":[{"damage_healed":0.0,"max_hp_gain":0.0,"max_hp_loss":0.0,"gold_gain":0.0,"event_name":"Mushrooms","player_choice":"Fought Mushrooms","floor":11.0,"gold_loss":0.0,"damage_taken":0.0},{"damage_healed":0.0,"max_hp_gain":0.0,"max_hp_loss":0.0,"gold_gain":0.0,"event_name":"Masked Bandits","player_choice":"Fought Bandits","floor":27.0,"gold_loss":0.0,"damage_taken":0.0},{"damage_healed":0.0,"max_hp_gain":0.0,"max_hp_loss":0.0,"gold_gain":0.0,"event_name":"Mysterious Sphere","player_choice":"Fight","floor":48.0,"gold_loss":0.0,"damage_taken":0.0}],"is_beta":false,"boss_relics":[{"not_picked":["Velvet Choker","expansioncontent:StudyCardRelic"],"picked":"Calling Bell"},{"not_picked":["Snecko Eye","Black Star"],"picked":"bronze:MakeshiftBattery"}],"items_purged_floors":[20,31,39,42],"is_endless":false,"potions_floor_spawned":[2,5,9,12,14,15,21,22,26,27,29,37,45,46,48,49],"ascension_level":2}}