{"host":"fm9e0lfunjlbhzxv","time":1613971841,"event":{"mods":["Alarm Clock","BaseMod","Bestiary","Better Match","Better Skull","Better Third Choice","Colored Map","Colored Powertips","Downfall","Good Game Mod","Key Reminder","Minty Spire (QoL Compilation)","Permanent Neow","Random Character Button","Rare Cards Sparkle","Relic Stats","Spire Arcade","StSLib","slay the spire mod where everything is the same but ironclad has a cowboy hat"],"gold_per_floor":[99,139,239,270,141,141,141,196,246,300,336,336,136,199,243,370,370,370,388,451,451,102,102,102,155,174,74,131,131,131,300,340,441,441,441,482,519,579,579,608,608,640,688,738,765,814,223,246,267,267,267,305,57,57,57,57],"floor_reached":57,"language":"ENG","playtime":5204,"items_purged":["Slimebound:Tackle","Slimebound:Strike_Slimebound","Pain"],"score":1465,"play_id":"5d190085-25ac-4e74-b340-a3d91d4c5dd8","local_time":"20210221213041","is_ascension_mode":true,"campfire_choices":[{"floor":1,"key":"RECALL"},{"data":"HandOfGreed","floor":13,"key":"SMITH"},{"data":"Slimebound:Prepare","floor":18,"key":"SMITH"},{"data":"Slimebound:GoopSpray","floor":27,"key":"SMITH"},{"data":"Slimebound:GoopSpray","floor":30,"key":"SMITH"},{"data":"Slimebound:SplitSpecialist","floor":35,"key":"SMITH"},{"data":"expansioncontent:QuickStudy","floor":54,"key":"SMITH"}],"circlet_count":0,"master_deck":["Slimebound:Strike_Slimebound","Slimebound:Strike_Slimebound","Slimebound:Defend_Slimebound","Slimebound:Defend_Slimebound","Slimebound:Defend_Slimebound","Slimebound:Split","Slimebound:CorrosiveSpit","Slimebound:RejuvenatingLick","Slimebound:Prepare+1","Slimebound:SplitBruiser","Slimebound:MegaLick","Slimebound:Chomp","Slimebound:Teamwork","Slimebound:LivingWall","Slimebound:ItLooksTasty+1","Slimebound:SplitBruiser","Slimebound:SpikyOuterGoop","Slimebound:LeechLife+1","Slimebound:Schlurp+1","Slimebound:SplitSpecialist+1","Slimebound:SplitBruiser","Slimebound:SlimeSlap+1","Slimebound:GoopSpray+1","Slimebound:Dissolve","Slimebound:LeechEnergy+1","Slimebound:GoopSpray+1","Slimebound:Dissolve","Slimebound:GrowthPunch+1","Slimebound:ItLooksTasty+1","Slimebound:ItLooksTasty+1","Slimebound:PrepareCrush","Slimebound:SplitMire+1","Slimebound:AcidTongue","Slimebound:Darklings","Slimebound:SlimeBarrage+1","Slimebound:LeechLife+1","Slimebound:Equalize+1","expansioncontent:Chronoboost","Slimebound:AcidTongue","Slimebound:ItLooksTasty+1","Slimebound:Repurpose","Slimebound:TongueLash+1","Slimebound:Gluttony","expansioncontent:QuickStudy+1"],"relics":["REME:ComplimentaryCards","Sozu","Molten Egg 2","Pear","Meat on the Bone","downfall:HeartBlessingRed","downfall:HeartBlessingGreen","SlaversCollar","Bronze Scales","WarpedTongs","Centennial Puzzle","downfall:HeartBlessingBlue","Blue Candle","Snecko Eye","Kunai","Sundial","Toy Ornithopter","hexamod:Sixitude","Incense Burner","Bag of Preparation","Happy Flower","hexamod:CandleOfCauterizing","CeramicFish","StrikeDummy"],"acts_visited":["Exordium","TheCity","TheBeyond","TheEnding"],"potions_floor_usage":[],"damage_taken":[{"damage":2,"enemies":"Jaw Worm","floor":2,"turns":4},{"damage":0,"enemies":"Cultist","floor":4,"turns":3},{"damage":0,"enemies":"downfall:FleeingMerchant","floor":5,"turns":4},{"damage":8,"enemies":"Gremlin Nob","floor":8,"turns":4},{"damage":0,"enemies":"Small Slimes","floor":9,"turns":4},{"damage":4,"enemies":"3 Sentries","floor":10,"turns":7},{"damage":5,"enemies":"downfall:LooterAlt","floor":11,"turns":5},{"damage":0,"enemies":"2 Fungi Beasts","floor":14,"turns":5},{"damage":0,"enemies":"Blue Slaver","floor":15,"turns":2},{"damage":16,"enemies":"WA_ARCHETYPE_RETAIN","floor":16,"turns":7},{"damage":7,"enemies":"Spheric Guardian","floor":19,"turns":3},{"damage":14,"enemies":"downfall:LooterAlt2","floor":20,"turns":4},{"damage":5,"enemies":"downfall:FleeingMerchant","floor":22,"turns":4},{"damage":2,"enemies":"Gremlin Leader","floor":25,"turns":6},{"damage":19,"enemies":"Cultist and Chosen","floor":26,"turns":6},{"damage":9,"enemies":"Book of Stabbing","floor":28,"turns":5},{"damage":16,"enemies":"downfall:FleeingMerchant","floor":31,"turns":4},{"damage":0,"enemies":"Snake Plant","floor":32,"turns":3},{"damage":15,"enemies":"SI_MIRROR_ARCHETYPE","floor":33,"turns":9},{"damage":7,"enemies":"Orb Walker","floor":36,"turns":5},{"damage":1,"enemies":"3 Darklings","floor":37,"turns":5},{"damage":11,"enemies":"Jaw Worm Horde","floor":38,"turns":8},{"damage":5,"enemies":"Giant Head","floor":40,"turns":8},{"damage":10,"enemies":"Reptomancer","floor":42,"turns":8},{"damage":15,"enemies":"2 Orb Walkers","floor":43,"turns":4},{"damage":2,"enemies":"2 Orb Walkers","floor":44,"turns":3},{"damage":1,"enemies":"Giant Head","floor":45,"turns":5},{"damage":0,"enemies":"4 Shapes","floor":49,"turns":3},{"damage":23,"enemies":"IC_BLOCK_ARCHETYPE","floor":50,"turns":8},{"damage":21,"enemies":"downfall:CharBossMerchant","floor":52,"turns":5},{"damage":21,"enemies":"downfall:NeowBoss","floor":55,"turns":12},{"damage":63,"enemies":"downfall:NeowBossFinal","floor":56,"turns":9}],"seed_played":"7780047286904524793","potions_obtained":[],"is_trial":false,"path_per_floor":["R","M","?","M","$","?","T","E","M","E","M","?","R","M","M","B",null,"R","M","M","?","$","?","T","E","M","R","E","?","R","$","M","B",null,"R","M","M","M","?","E","T","E","?","?","E","?","$","T","M","B",null,"E","$","R","B","B",null],"character_chosen":"SLIMEBOUND","items_purchased":["Slimebound:MegaLick","Bronze Scales","Slimebound:SlimeSlap+1","Slimebound:GoopSpray","Slimebound:GrowthPunch+1","Slimebound:ItLooksTasty+1","expansioncontent:Chronoboost","hexamod:CandleOfCauterizing","Slimebound:AcidTongue","Slimebound:ItLooksTasty+1","Slimebound:Gluttony","expansioncontent:QuickStudy"],"campfire_rested":0,"item_purchase_floors":[5,22,22,22,31,31,47,47,47,47,53,53],"current_hp_per_floor":[65,63,63,63,63,63,63,65,65,61,56,56,56,56,56,40,75,75,68,64,64,70,70,70,72,53,63,76,76,76,60,60,63,85,85,78,85,85,85,80,80,77,85,83,85,85,85,85,85,85,85,82,82,82,72,55],"gold":57,"neow_bonus":"BOSS_RELIC","is_daily":false,"chose_seed":false,"campfire_upgraded":6,"win_rate":0.0,"timestamp":1613971841,"path_taken":["R","M","?","M","?","?","T","E","M","E","?","?","R","M","M","BOSS","R","M","M","?","$","?","T","E","?","R","E","?","R","?","M","BOSS","R","M","M","M","?","E","T","E","?","?","E","?","$","?","M","BOSS","E","$","R","BOSS","BOSS"],"items_purchased_type":["Card","Relic","Card","Card","Card","Card","Card","Relic","Card","Card","Card","Card"],"build_version":"2020-12-22","purchased_purges":3,"victory":true,"max_hp_per_floor":[65,65,65,65,65,65,65,75,75,75,75,75,75,75,75,75,75,75,75,75,75,75,75,75,75,75,85,85,85,85,85,85,85,85,85,85,85,85,85,85,85,85,85,85,85,85,85,85,85,85,85,85,85,85,85,85],"relic_stats":{"Happy Flower":[12],"counters":[32,171],"Blue Candle":[16],"CeramicFish":36,"Bag of Preparation":[10],"WarpedTongs":[113],"Sozu":11,"Centennial Puzzle":[47],"Sundial":[6],"Bronze Scales":[258],"Snecko Eye":[166,168,158,150],"Kunai":[16],"obtain_stats":[{"CeramicFish":48,"downfall:HeartBlessingGreen":13,"Incense Burner":44,"Bag of Preparation":45,"Sozu":0,"Centennial Puzzle":25,"downfall:HeartBlessingBlue":27,"Sundial":41,"Kunai":40,"hexamod:CandleOfCauterizing":47,"Pear":8,"downfall:HeartBlessingRed":13,"Happy Flower":46,"Blue Candle":28,"hexamod:Sixitude":43,"WarpedTongs":23,"keyreminder:keyreminder":1,"SlaversCollar":17,"REME:ComplimentaryCards":0,"Bronze Scales":22,"Snecko Eye":34,"Molten Egg 2":7,"Slimebound:AbsorbEndCombat":0,"StrikeDummy":52,"Toy Ornithopter":42,"Meat on the Bone":10},{"CeramicFish":27,"downfall:HeartBlessingGreen":7,"Incense Burner":26,"Bag of Preparation":27,"Sozu":0,"Centennial Puzzle":14,"downfall:HeartBlessingBlue":15,"Sundial":23,"Kunai":23,"hexamod:CandleOfCauterizing":27,"Pear":4,"downfall:HeartBlessingRed":7,"Happy Flower":27,"Blue Candle":16,"hexamod:Sixitude":25,"WarpedTongs":13,"keyreminder:keyreminder":0,"SlaversCollar":10,"REME:ComplimentaryCards":0,"Bronze Scales":13,"Snecko Eye":19,"Molten Egg 2":3,"Slimebound:AbsorbEndCombat":0,"StrikeDummy":30,"Toy Ornithopter":24,"Meat on the Bone":6},{"CeramicFish":134,"downfall:HeartBlessingGreen":31,"Incense Burner":129,"Bag of Preparation":134,"Sozu":0,"Centennial Puzzle":62,"downfall:HeartBlessingBlue":67,"Sundial":114,"Kunai":114,"hexamod:CandleOfCauterizing":134,"Pear":15,"downfall:HeartBlessingRed":31,"Happy Flower":134,"Blue Candle":72,"hexamod:Sixitude":126,"WarpedTongs":56,"keyreminder:keyreminder":0,"SlaversCollar":45,"REME:ComplimentaryCards":0,"Bronze Scales":56,"Snecko Eye":88,"Molten Egg 2":11,"Slimebound:AbsorbEndCombat":0,"StrikeDummy":150,"Toy Ornithopter":122,"Meat on the Bone":26}],"Toy Ornithopter":0,"Meat on the Bone":0},"card_choices":[{"not_picked":["Slimebound:SplitBruiser","Slimebound:Schlurp"],"picked":"Slimebound:RejuvenatingLick","floor":2},{"not_picked":["Slimebound:GoopTackle","Slimebound:HungryTackle"],"picked":"Slimebound:Prepare","floor":4},{"not_picked":["Slimebound:FinishingTackle","Slimebound:Replication"],"picked":"Slimebound:SplitBruiser","floor":5},{"not_picked":["Slimebound:ProtectTheBoss","Slimebound:Nibble+1"],"picked":"Slimebound:Teamwork","floor":8},{"not_picked":["Slimebound:ItLooksTasty+1","Slimebound:SlimeSpikes"],"picked":"Slimebound:LivingWall","floor":9},{"not_picked":["Slimebound:RejuvenatingLick","Slimebound:FinishingTackle+1"],"picked":"Slimebound:ItLooksTasty+1","floor":10},{"not_picked":["Slimebound:FinishingTackle+1","Slimebound:RejuvenatingLick"],"picked":"Slimebound:SplitBruiser","floor":11},{"not_picked":["Slimebound:Grow","Slimebound:LeechingTouch+1","Slimebound:HungryTackle+1"],"picked":"SKIP","floor":14},{"not_picked":["Slimebound:SlimeBarrage+1","Slimebound:SplitLeeching"],"picked":"Slimebound:SpikyOuterGoop","floor":15},{"not_picked":["Slimebound:OozeBath","Slimebound:DuplicatedForm"],"picked":"Slimebound:LeechLife+1","floor":16},{"not_picked":["Slimebound:ComboTackle+1","Slimebound:SplitAcid","Slimebound:SplitBruiser"],"picked":"SKIP","floor":19},{"not_picked":["Slimebound:Nibble+1","Slimebound:Gluttony"],"picked":"Slimebound:Schlurp+1","floor":20},{"not_picked":["Slimebound:SplitLeeching","Slimebound:LeechEnergy+1"],"picked":"Slimebound:SplitBruiser","floor":22},{"not_picked":["Slimebound:RollThrough+1","Slimebound:SplitLeeching"],"picked":"Slimebound:Dissolve","floor":25},{"not_picked":["Slimebound:MegaLick","Slimebound:SlimeSpikes"],"picked":"Slimebound:LeechEnergy+1","floor":26},{"not_picked":["Slimebound:SlimeBrawl","Slimebound:Nibble+1"],"picked":"Slimebound:GoopSpray","floor":28},{"not_picked":["Slimebound:DouseInSlime","Slimebound:HauntingLick"],"picked":"Slimebound:Dissolve","floor":31},{"not_picked":["Slimebound:ComboTackle+1","Slimebound:LeechEnergy+1"],"picked":"Slimebound:ItLooksTasty+1","floor":32},{"not_picked":["Slimebound:DouseInSlime","Slimebound:DuplicatedForm"],"picked":"Slimebound:PrepareCrush","floor":33},{"not_picked":["Slimebound:RollThrough+1","Slimebound:Replication","Slimebound:ServeAndProtect+1"],"picked":"SKIP","floor":36},{"not_picked":["Slimebound:ViciousTackle+1","Slimebound:SplitBruiser"],"picked":"Slimebound:SplitMire+1","floor":37},{"not_picked":["Slimebound:LeechEnergy+1","Slimebound:ForwardTackle+1"],"picked":"Slimebound:AcidTongue","floor":38},{"not_picked":["Slimebound:ServeAndProtect+1","Slimebound:RainOfGoop","Slimebound:ComboTackle+1"],"picked":"SKIP","floor":40},{"not_picked":["Slimebound:LeechingTouch+1","Slimebound:RollThrough+1"],"picked":"Slimebound:SlimeBarrage+1","floor":42},{"not_picked":["Slimebound:HauntingLick","Slimebound:SamplingLick+1"],"picked":"Slimebound:LeechLife+1","floor":43},{"not_picked":["Slimebound:GoopTackle+1","Slimebound:Gluttony"],"picked":"Slimebound:Equalize+1","floor":44},{"not_picked":["Slimebound:BestDefense","Slimebound:FlameTackle+1","Slimebound:SplitLeeching+1"],"picked":"SKIP","floor":45},{"not_picked":["Slimebound:ForwardTackle+1","Slimebound:SamplingLick+1"],"picked":"Slimebound:Repurpose","floor":49},{"not_picked":["Slimebound:HungryTackle+1","Slimebound:HauntingLick"],"picked":"Slimebound:TongueLash+1","floor":52}],"player_experience":564685,"relics_obtained":[{"floor":7,"key":"Molten Egg 2"},{"floor":8,"key":"Pear"},{"floor":10,"key":"Meat on the Bone"},{"floor":25,"key":"Centennial Puzzle"},{"floor":28,"key":"Blue Candle"},{"floor":40,"key":"Kunai"},{"floor":41,"key":"Sundial"},{"floor":42,"key":"Toy Ornithopter"},{"floor":43,"key":"hexamod:Sixitude"},{"floor":44,"key":"Incense Burner"},{"floor":45,"key":"Bag of Preparation"},{"floor":46,"key":"Happy Flower"},{"floor":48,"key":"CeramicFish"},{"floor":52,"key":"StrikeDummy"}],"event_choices":[{"damage_healed":0,"gold_gain":0,"player_choice":"Read","damage_taken":0,"max_hp_gain":0,"max_hp_loss":0,"event_name":"The Library","floor":21,"gold_loss":0,"cards_obtained":["Slimebound:SplitSpecialist"]},{"damage_healed":0,"gold_gain":0,"player_choice":"Rummage","damage_taken":0,"relics_obtained":["WarpedTongs"],"max_hp_gain":0,"max_hp_loss":0,"event_name":"Accursed Blacksmith","floor":23,"gold_loss":0,"cards_obtained":["Pain"]},{"damage_healed":0,"gold_gain":0,"player_choice":"Fight","damage_taken":0,"max_hp_gain":0,"max_hp_loss":0,"event_name":"Mysterious Sphere","floor":43,"gold_loss":0}],"is_beta":false,"boss_relics":[{"not_picked":["Tiny House","Fusion Hammer"],"picked":"SlaversCollar"},{"not_picked":["Philosopher\u0027s Stone","expansioncontent:StudyCardRelic"],"picked":"Snecko Eye"}],"items_purged_floors":[5,31,47],"is_endless":false,"potions_floor_spawned":[2,8,14,16,19,20,26,28,40,43,45],"ascension_level":1}}