{"host":"y76clbnovzmw9ubx","time":1613959823,"event":{"mods":["AchievementEnabler","BaseMod","Minty Spire (QoL Compilation)","Permanent Neow","Relic Stats"],"gold_per_floor":[112,37,37,56,68,68,103,114,114,114,147,166,183,200,200,200,200],"floor_reached":16,"language":"ENG","playtime":1149,"items_purged":[],"score":228,"play_id":"4e1f023e-d911-4317-b950-bca2d3c6704e","local_time":"20210221211023","is_ascension_mode":true,"campfire_choices":[{"data":"Dagger Spray","floor":6,"key":"SMITH"},{"floor":10,"key":"REST"},{"floor":15,"key":"REST"}],"circlet_count":0,"master_deck":["AscendersBane","Strike_G","Strike_G","Strike_G","Strike_G","Defend_G","Defend_G","Defend_G","Defend_G","Defend_G","Survivor","Neutralize","Cloak And Dagger","Dagger Spray+1","Leg Sweep","Slice","Dodge and Roll","Infinite Blades","Dodge and Roll","Deflect","Endless Agony","Poisoned Stab"],"relics":["Ring of the Snake","Nunchaku","Letter Opener"],"acts_visited":["Exordium"],"potions_floor_usage":[7,11,11,13],"damage_taken":[{"damage":1,"enemies":"Small Slimes","floor":1,"turns":6},{"damage":1,"enemies":"Cultist","floor":4,"turns":4},{"damage":1,"enemies":"2 Louse","floor":5,"turns":4},{"damage":20,"enemies":"3 Sentries","floor":7,"turns":11},{"damage":3,"enemies":"Lots of Slimes","floor":8,"turns":4},{"damage":14,"enemies":"Lagavulin","floor":11,"turns":8},{"damage":0,"enemies":"Blue Slaver","floor":12,"turns":5},{"damage":12,"enemies":"Exordium Wildlife","floor":13,"turns":5},{"damage":0,"enemies":"Lots of Slimes","floor":14,"turns":1},{"damage":45,"enemies":"Slime Boss","floor":16,"turns":10}],"seed_played":"6854305174113554133","potions_obtained":[{"floor":5,"key":"EssenceOfSteel"},{"floor":7,"key":"Ancient Potion"},{"floor":8,"key":"Poison Potion"},{"floor":12,"key":"LiquidMemories"}],"is_trial":false,"path_per_floor":["M","?","?","M","M","R","E","M","T","R","E","M","M","M","R","B"],"character_chosen":"THE_SILENT","items_purchased":[],"campfire_rested":2,"item_purchase_floors":[],"current_hp_per_floor":[58,58,58,57,56,56,36,33,33,52,38,38,26,26,45,0,0],"gold":200,"neow_bonus":"THREE_CARDS","is_daily":false,"chose_seed":false,"campfire_upgraded":1,"win_rate":0.0,"timestamp":1613959823,"path_taken":["M","?","?","M","M","R","E","M","T","R","E","?","M","M","R","BOSS"],"items_purchased_type":[],"build_version":"2020-12-22","purchased_purges":0,"victory":false,"max_hp_per_floor":[66,66,66,66,66,66,66,66,66,66,66,66,66,66,66,66,66],"relic_stats":{"Nunchaku":[8],"counters":[10,58],"Letter Opener":[36],"obtain_stats":[{"Nunchaku":7,"Letter Opener":11,"Ring of the Snake":0},{"Nunchaku":4,"Letter Opener":6,"Ring of the Snake":0},{"Nunchaku":25,"Letter Opener":37,"Ring of the Snake":0}],"Ring of the Snake":[20]},"card_choices":[{"not_picked":["Dodge and Roll","Blur"],"picked":"Cloak And Dagger","floor":0},{"not_picked":["Eviscerate","Flying Knee"],"picked":"Dagger Spray","floor":1},{"not_picked":["Blur","Quick Slash"],"picked":"Leg Sweep","floor":4},{"not_picked":["Deadly Poison","Outmaneuver"],"picked":"Slice","floor":5},{"not_picked":["Flying Knee","Slice"],"picked":"Dodge and Roll","floor":7},{"not_picked":["Riddle With Holes","Poisoned Stab"],"picked":"Infinite Blades","floor":8},{"not_picked":["Underhanded Strike","Crippling Poison"],"picked":"Dodge and Roll","floor":11},{"not_picked":["Quick Slash","Distraction"],"picked":"Deflect","floor":12},{"not_picked":["Reflex","Phantasmal Killer"],"picked":"Endless Agony","floor":13},{"not_picked":["Heel Hook","Bane"],"picked":"Poisoned Stab","floor":14}],"player_experience":3274765,"relics_obtained":[{"floor":7,"key":"Nunchaku"},{"floor":11,"key":"Letter Opener"}],"event_choices":[{"cards_removed":["Strike_G"],"damage_healed":0,"gold_gain":0,"player_choice":"Card Removal","damage_taken":0,"max_hp_gain":0,"max_hp_loss":0,"event_name":"The Cleric","floor":2,"gold_loss":75},{"damage_healed":0,"gold_gain":0,"player_choice":"Ignored","damage_taken":0,"max_hp_gain":0,"max_hp_loss":0,"event_name":"WeMeetAgain","floor":3,"gold_loss":0}],"is_beta":false,"boss_relics":[],"items_purged_floors":[],"is_endless":false,"potions_floor_spawned":[5,7,8,12],"killed_by":"Slime Boss","ascension_level":20}}