{"host":"aceejw9th3i5ney6","time":1613963746,"event":{"mods":["2.2 Compatiblity","A Penny For Your Troubles","Abigail Mod","AchievementEnabler","Act Like it!","Alarm Clock","Ascension Unlocker","Aspiration","BaseMod","Better Synergies","Better-Laid Plans","Block Reminder","CapriCore","Colored Map","Colored Powertips","Conspire","Curses Come First","Defuse TimeMaze Blight","Downfall","Emptier Cage","Energized Spire","Evolution","Exacting","Fox Events","Gensokyo","Gold Saver","Googly Eyes","Halation","Hallownest","Hubris","Minty Spire (QoL Compilation)","MostiFishMod","Permanent Neow","Poor People Problems","Quick Restart","Random Character Button","Random Character Mod","Rare Cards Sparkle","Red Circlet Mod","Relic Sorter","Relic Stats","Reliquary","Reorder Act Four","Replay The Spire","SacredBarkPlus","Shop Mod","Spikes Relics","StSLib","Trackpad","Treasure Hunter","Uncapped","Unceasing Turn Reminder","Virulent Crown","everything is the same but u backflip on backflip","slay the spire mod where everything is the same but ironclad has a cowboy hat","??????REMEMod"],"gold_per_floor":[113,128,138,138,138,170,170,170,193,227,239,268,268,268,268,366,366,376,176,255,255,290,334,356,402,428,455,455,34,93,125,125,225,225,280,287,339,339,370,432,432,464,510,510,551,567,593,74,74,72,72,20,20,48,67],"floor_reached":56,"language":"ENG","playtime":4585,"items_purged":["Spreading Infection"],"score":1624,"play_id":"15cbacd7-658b-4f6e-9aee-a781c53e71a7","local_time":"20210221221546","is_ascension_mode":false,"campfire_choices":[{"data":"AbbyMod:DemonPancake","floor":8.0,"key":"SMITH"},{"floor":13.0,"key":"RECALL"},{"data":"AbbyMod:Thflth","floor":15.0,"key":"SMITH"},{"data":"AbbyMod:EquivalentExchange","floor":28.0,"key":"SMITH"},{"data":"MostiFishMod:MusicBox","floor":32.0,"key":"SMITH"},{"data":"AbbyMod:FamiliarShield","floor":41.0,"key":"SMITH"},{"data":"AbbyMod:WormHole","floor":44.0,"key":"SMITH"},{"data":"AbbyMod:ConsumeFlesh","floor":49.0,"key":"SMITH"},{"data":"Sadistic Nature","floor":53.0,"key":"SMITH"}],"circlet_count":0,"master_deck":["AbbyMod:WitchTrial","AbbyMod:Ab_Strike","AbbyMod:Ab_Strike","AbbyMod:Ab_Defend","AbbyMod:FleetingSanity","AbbyMod:ForeheadBeam","MostiFishMod:Overload","AbbyMod:ExposeNavel","AbbyMod:AlignStars","AbbyMod:StarRadiance","AbbyMod:Thflth+1","TH:TreasureMap","AbbyMod:DemonPancake+1","TH:DeckOfManyThings","AbbyMod:LiftSkirt","AbbyMod:SilverKey","AbbyMod:AdultWords","TH:CursedSword","AbbyMod:EquivalentExchange+1","AbbyMod:ImpossibleGeometry","conspire:SpireCoStock","conspire:SpireCoStock","AbbyMod:FamiliarShield+1","PiercingWail","Flechettes","Backflip","AbbyMod:Thflth+1","AbbyMod:FatalEntropy","AbbyMod:EyesOfMadness","AbbyMod:Ab_SwirlOfMadness+1","MostiFishMod:MusicBox+1","REME_BattleFury","Sadistic Nature+1","TH:CursedSword","AbbyMod:Ygna","AbbyMod:FarAwayFriend+1","AbbyMod:SlimyBody","AbbyMod:FarAwayFriend","AbbyMod:PrayerOfFaith+1","AbbyMod:TentacleSwarm+1","AbbyMod:WormHole+1","TH:DeckOfManyThings","AbbyMod:SavingThrow+1","AbbyMod:Ab_OldOneTrigger","AbbyMod:ConsumeFlesh+1","AbbyMod:ConsumeFlesh","AbbyMod:LossOfSanity","AbbyMod:Takeuchi","TH:CursedSword"],"relics":["AbbyMod:Salem_Diary","ReplayTheSpireMod:Ring of Addiction","Ring of Peace","SynthV:TestCard","GuanYuAspect","EVO:Axolotl","REME_ComplimentaryCards","DaveBox","White Beast Statue","Potion Belt","halation:PinkSoulGem","reliquary:WeakTea","hubris:DisguiseKit","Incense Burner","reliquary:GummyVitamins","Blue Candle","RhineSuit","Bag of Marbles","REME_CardOfGreed","DianPoetry","aspiration:FetidBarrel","AbbyMod:YogBlessing","hubris:BundleOfHerbs","trackpad:IceCube","Replay:Kaleidoscope","Torii","Regal Pillow","SentryEyes","MerchantsRug","Replay:WaspNest"],"acts_visited":["Exordium","Gensokyo:Gensokyoer","TheBeyond","TheEnding"],"potions_floor_usage":[55,55,55,55],"damage_taken":[{"damage":0.0,"enemies":"Small Slimes","floor":1.0,"turns":2.0},{"damage":0.0,"enemies":"conspire:RoseBush","floor":2.0,"turns":3.0},{"damage":0.0,"enemies":"Jaw Worm","floor":3.0,"turns":2.0},{"damage":0.0,"enemies":"Lagavulin","floor":6.0,"turns":5.0},{"damage":0.0,"enemies":"Gremlin Nob","floor":10.0,"turns":4.0},{"damage":0.0,"enemies":"2 Fungi Beasts","floor":11.0,"turns":4.0},{"damage":4.0,"enemies":"3 Sentries","floor":12.0,"turns":4.0},{"damage":2.0,"enemies":"Fading Forest","floor":16.0,"turns":11.0},{"damage":0.0,"enemies":"Gensokyo:Chomper","floor":18.0,"turns":4.0},{"damage":0.0,"enemies":"Gensokyo:AngelMirror","floor":20.0,"turns":4.0},{"damage":3.0,"enemies":"Gensokyo:Monolith_and_Dog","floor":22.0,"turns":5.0},{"damage":16.0,"enemies":"Gensokyo:Reisen","floor":23.0,"turns":7.0},{"damage":1.0,"enemies":"Gensokyo:Swordslinger","floor":24.0,"turns":4.0},{"damage":2.0,"enemies":"Gensokyo:Wraith","floor":25.0,"turns":5.0},{"damage":5.0,"enemies":"Gensokyo:Mirror_and_Dog","floor":27.0,"turns":5.0},{"damage":3.0,"enemies":"Gensokyo:Koishi","floor":30.0,"turns":4.0},{"damage":0.0,"enemies":"Gensokyo:Slime_Group","floor":31.0,"turns":4.0},{"damage":5.0,"enemies":"Gensokyo:Eiki","floor":33.0,"turns":4.0},{"damage":0.0,"enemies":"3 Darklings","floor":35.0,"turns":2.0},{"damage":0.0,"enemies":"3 Shapes","floor":36.0,"turns":2.0},{"damage":12.0,"enemies":"Writhing Mass","floor":37.0,"turns":4.0},{"damage":0.0,"enemies":"3 Darklings","floor":39.0,"turns":3.0},{"damage":0.0,"enemies":"Reptomancer","floor":40.0,"turns":4.0},{"damage":0.0,"enemies":"Spire Growth","floor":42.0,"turns":2.0},{"damage":0.0,"enemies":"R_Hoarder","floor":45.0,"turns":4.0},{"damage":0.0,"enemies":"4 Shapes","floor":46.0,"turns":3.0},{"damage":1.0,"enemies":"Nemesis","floor":47.0,"turns":3.0},{"damage":0.0,"enemies":"conspire:OrnateMirror","floor":50.0,"turns":4.0},{"damage":0,"enemies":"Shield and Spear","floor":54,"turns":3},{"damage":44,"enemies":"The Heart","floor":55,"turns":5}],"seed_played":"2846353290961470609","potions_obtained":[{"floor":2.0,"key":"Explosive Potion"},{"floor":2.0,"key":"Explosive Potion"},{"floor":4.0,"key":"PowerPotion"},{"floor":4.0,"key":"SpeedPotion"},{"floor":4.0,"key":"Weak Potion"},{"floor":6.0,"key":"sneckomod:MuddlingPotion"},{"floor":10.0,"key":"SteroidPotion"},{"floor":11.0,"key":"REME_GoldPotion"},{"floor":12.0,"key":"Regen Potion"},{"floor":12.0,"key":"Guardian:BlockOnCardUsePotion"},{"floor":16.0,"key":"champ:CounterPotion"},{"floor":18.0,"key":"REME_GoldPotion"},{"floor":20.0,"key":"AttackPotion"},{"floor":22.0,"key":"FearPotion"},{"floor":23.0,"key":"ColorlessPotion"},{"floor":24.0,"key":"Explosive Potion"},{"floor":25.0,"key":"SteroidPotion"},{"floor":30.0,"key":"Adrenaline Potion"},{"floor":33.0,"key":"LiquidBronze"},{"floor":35.0,"key":"SkillPotion"},{"floor":35.0,"key":"ColorlessPotion"},{"floor":36.0,"key":"bronze:BurnAndBuffPotion"},{"floor":37.0,"key":"SneckoOil"},{"floor":40.0,"key":"sneckomod:MuddlingPotion"},{"floor":42.0,"key":"SkillPotion"},{"floor":45.0,"key":"Swift Potion"},{"floor":46.0,"key":"DuplicationPotion"},{"floor":47.0,"key":"Weak Potion"},{"floor":54,"key":"SkillPotion"}],"is_trial":false,"path_per_floor":["M","M","M","?","?","E","?","R","T","E","M","E","R","?","R","B",null,"M","?","M","?","M","E","M","M","T","M","R","COS","E","M","R","B",null,"M","M","M","?","M","E","R","M","T","R","E","M","E","$","R","B",null,"$","R","E","B",null],"character_chosen":"Ab_Foreigner","items_purchased":["SentryEyes","AbbyMod:ConsumeFlesh","MerchantsRug","AbbyMod:LossOfSanity","AbbyMod:Takeuchi"],"campfire_rested":0,"item_purchase_floors":[48,48,48,48,52],"current_hp_per_floor":[30,30,30,30,30,30,30,28,28,28,28,26,26,21,21,26,26,26,26,26,26,23,21,24,24,24,31,31,30,30,30,30,30,30,30,30,30,30,30,30,30,30,30,28,28,36,36,36,34,40,41,41,41,42,45],"gold":67,"neow_bonus":"THREE_CARDS","is_daily":false,"chose_seed":false,"campfire_upgraded":8,"win_rate":0.0,"timestamp":1613963746,"path_taken":["M","M","M","?","?","E","?","R","T","E","M","E","R","?","R","BOSS","M","?","M","?","M","E","M","?","T","M","R","COS","E","M","R","BOSS","M","M","M","?","?","E","R","M","T","R","E","M","E","$","R","BOSS","$","R","E","BOSS"],"items_purchased_type":["Relic","Card","Relic","Card","Card"],"build_version":"2020-12-22","purchased_purges":1,"victory":true,"max_hp_per_floor":[30,30,30,30,30,30,30,28,28,28,28,28,28,28,28,26,26,26,26,26,26,24,24,24,24,24,32,32,30,30,30,30,30,30,30,30,30,30,30,30,30,30,30,28,28,36,36,36,34,41,41,41,41,43,53],"relic_stats":{"Regal Pillow":0,"Torii":0,"counters":[30,120],"Blue Candle":[28],"obtain_stats":[{"reliquary:FeatherDuster":23,"Regal Pillow":47,"DaveBox":0,"trackpad:IceCube":43,"Torii":45,"DianPoetry":30,"RhineSuit":17,"AbbyMod:YogBlessing":34,"Incense Burner":10,"EVO:Axolotl":0,"Frozen Eye":30,"GuanYuAspect":0,"Ring of Peace":4,"Potion Belt":4,"hubris:DisguiseKit":7,"MerchantsRug":48,"aspiration:FetidBarrel":33,"ReplayTheSpireMod:Ring of Addiction":4,"Blue Candle":14,"Replay:WaspNest":54,"reliquary:WeakTea":6,"Replay:Kaleidoscope":45,"White Beast Statue":4,"SynthV:TestCard":1,"AbbyMod:Salem_Diary":0,"SentryEyes":48,"reliquary:GummyVitamins":12,"hubris:BundleOfHerbs":40,"Bag of Marbles":26,"REME_CardOfGreed":29,"halation:PinkSoulGem":5,"REME_ComplimentaryCards":0,"ReplayTheSpireMod:ShopPack":29},{"reliquary:FeatherDuster":12,"Regal Pillow":27,"DaveBox":0,"trackpad:IceCube":24,"Torii":25,"DianPoetry":16,"RhineSuit":8,"AbbyMod:YogBlessing":18,"Incense Burner":5,"EVO:Axolotl":0,"Frozen Eye":15,"GuanYuAspect":0,"Ring of Peace":3,"Potion Belt":3,"hubris:DisguiseKit":4,"MerchantsRug":27,"aspiration:FetidBarrel":18,"ReplayTheSpireMod:Ring of Addiction":3,"Blue Candle":7,"Replay:WaspNest":29,"reliquary:WeakTea":4,"Replay:Kaleidoscope":25,"White Beast Statue":3,"SynthV:TestCard":1,"AbbyMod:Salem_Diary":0,"SentryEyes":27,"reliquary:GummyVitamins":7,"hubris:BundleOfHerbs":23,"Bag of Marbles":14,"REME_CardOfGreed":15,"halation:PinkSoulGem":3,"REME_ComplimentaryCards":0,"ReplayTheSpireMod:ShopPack":15},{"reliquary:FeatherDuster":55,"Regal Pillow":108,"DaveBox":0,"trackpad:IceCube":98,"Torii":102,"DianPoetry":73,"RhineSuit":35,"AbbyMod:YogBlessing":81,"Incense Burner":16,"EVO:Axolotl":0,"Frozen Eye":69,"GuanYuAspect":0,"Ring of Peace":7,"Potion Belt":7,"hubris:DisguiseKit":12,"MerchantsRug":108,"aspiration:FetidBarrel":81,"ReplayTheSpireMod:Ring of Addiction":7,"Blue Candle":24,"Replay:WaspNest":115,"reliquary:WeakTea":12,"Replay:Kaleidoscope":101,"White Beast Statue":7,"SynthV:TestCard":2,"AbbyMod:Salem_Diary":0,"SentryEyes":108,"reliquary:GummyVitamins":24,"hubris:BundleOfHerbs":96,"Bag of Marbles":64,"REME_CardOfGreed":69,"halation:PinkSoulGem":7,"REME_ComplimentaryCards":0,"ReplayTheSpireMod:ShopPack":69}]},"card_choices":[{"not_picked":["AbbyMod:LargeTentacle","AbbyMod:PowerGamer"],"picked":"AbbyMod:ExposeNavel","floor":0.0},{"not_picked":["AbbyMod:Keyblade","AbbyMod:PowerGamer"],"picked":"AbbyMod:AlignStars","floor":1.0},{"not_picked":["AbbyMod:AttoSecond","AbbyMod:TentacleSwarm","AbbyMod:SavingThrow","AbbyMod:Meteo"],"picked":"AbbyMod:StarRadiance","floor":2.0},{"not_picked":["AbbyMod:AceInTheHole","AbbyMod:AdultWords","AbbyMod:Memocide","AbbyMod:Meteo"],"picked":"AbbyMod:Thflth","floor":3.0},{"not_picked":["TH:PixieDust","TH:CopperCoins","TH:ElvenBoots"],"picked":"TH:TreasureMap","floor":6.0},{"not_picked":["AbbyMod:Memocide","AbbyMod:SuperMuscular","AbbyMod:TentacleSwarm","AbbyMod:WitchTrial"],"picked":"AbbyMod:DemonPancake","floor":6.0},{"not_picked":["TH:TreasureMap","TH:CursedSword","TH:BikiniMail"],"picked":"TH:DeckOfManyThings","floor":9.0},{"not_picked":["TH:CopperCoins","TH:ElvenBoots","TH:PixieDust"],"picked":"TH:TreasureMap","floor":10.0},{"not_picked":["AbbyMod:PowerGamer","AbbyMod:FamiliarShield","AbbyMod:SavingThrow","AbbyMod:EyesOfMadness","hexamod:SoulSteal"],"picked":"AbbyMod:LiftSkirt","floor":10.0},{"not_picked":["AbbyMod:PapaProtection","AbbyMod:TentacleSwarm","AbbyMod:LargeTentacle","AbbyMod:Meteo","hexamod:GhostShield"],"picked":"AbbyMod:SilverKey","floor":11.0},{"not_picked":["AbbyMod:HolidayWishes","AbbyMod:WorldStrongest","AbbyMod:SanityCheck","AbbyMod:Memocide","hexamod:NightmareStrike"],"picked":"AbbyMod:AdultWords","floor":12.0},{"not_picked":["TH:ElvenBoots","TH:EnergyPotion","TH:PixieDust","TH:Mimic"],"picked":"SKIP","floor":12.0},{"not_picked":["TH:PixieDust","TH:Mimic","TH:TreasureMap"],"picked":"TH:CursedSword","floor":16.0},{"not_picked":["AbbyMod:BlackKey","AbbyMod:PantyShot","AbbyMod:VoidPriest","AbbyMod:GudaGudaParticle","hexamod:TimeWarp"],"picked":"AbbyMod:EquivalentExchange","floor":16.0},{"not_picked":["AbbyMod:WormHole","AbbyMod:AdultWords","AbbyMod:LargeTentacle","AbbyMod:SavingThrow","hexamod:SpectersWail"],"picked":"AbbyMod:ImpossibleGeometry","floor":18.0},{"not_picked":["AbbyMod:WorldStrongest","AbbyMod:HolidayWishes","AbbyMod:Memocide","AbbyMod:FlyingMascot","hexamod:InspiringFlames"],"picked":"AbbyMod:FamiliarShield","floor":20.0},{"not_picked":["AbbyMod:Keyblade+1","AbbyMod:CloneArmy","AbbyMod:AceInTheHole","AbbyMod:HeroCreationA","hexamod:EtherealExpedition"],"picked":"AbbyMod:Thflth+1","floor":22.0},{"not_picked":["TH:TreasureMap","TH:Mimic","TH:CopperCoins"],"picked":"TH:CursedSword","floor":23.0},{"not_picked":["AbbyMod:PapaProtection+1","AbbyMod:Dabigail","AbbyMod:Ab_PuppyEyes","AbbyMod:AdultWords","hexamod:NightmareStrike"],"picked":"AbbyMod:FatalEntropy","floor":23.0},{"not_picked":["AbbyMod:InsaneStrike+1","AbbyMod:ConsumeFlesh","AbbyMod:AceInTheHole+1","AbbyMod:ExposedCore","hexamod:SwordOfDarkness"],"picked":"AbbyMod:EyesOfMadness","floor":24.0},{"not_picked":["AbbyMod:LargeTentacle+1","AbbyMod:PapaProtection+1","AbbyMod:Takeuchi","AbbyMod:PrayerOfFaith+1","hexamod:Firestarter"],"picked":"AbbyMod:SweetPancakes+1","floor":25.0},{"not_picked":["TH:EnergyPotion","TH:CursedSword","TH:PixieDust","TH:CopperCoins"],"picked":"SKIP","floor":26.0},{"not_picked":["AbbyMod:PowerGamer","AbbyMod:HeroCreationA","AbbyMod:TeddyBear+1","AbbyMod:Ab_DarkestPact","hexamod:BacktrackSmack"],"picked":"AbbyMod:Ab_SwirlOfMadness+1","floor":27.0},{"not_picked":["MostiFishMod:Awakening","MostiFishMod:StoryBook","Thinking Ahead","Chrysalis","Master of Strategy"],"picked":"MostiFishMod:MusicBox","floor":29.0},{"not_picked":["Finesse","Poisoned Strike","Discovery","Chrysalis","Survey Options"],"picked":"REME_BattleFury","floor":29.0},{"not_picked":["Replay:BasicMightCard","Poisoned Strike","Reforge","TH:DeckOfManyThings","Sharp Hide"],"picked":"Sadistic Nature","floor":29.0},{"not_picked":["TH:ArmorSpikes","TH:Mimic","TH:CopperCoins"],"picked":"TH:CursedSword","floor":30.0},{"not_picked":["AbbyMod:Keyblade","AbbyMod:WitchTrial+1","AbbyMod:AdultWords","AbbyMod:HeroCreationA+1","hexamod:SwordOfDarkness"],"picked":"AbbyMod:Ygna","floor":30.0},{"not_picked":["AbbyMod:Dabigail","AbbyMod:PrayerOfFaith+1","AbbyMod:SilverKey","AbbyMod:InsaneStrike","hexamod:GhostOfSpirePresent"],"picked":"AbbyMod:FarAwayFriend+1","floor":31.0},{"not_picked":["AbbyMod:BadGirl","AbbyMod:Ab_PuppyEyes","AbbyMod:MindCleanse","AbbyMod:CosmicSpark","hexamod:UnlimitedPower"],"picked":"AbbyMod:SlimyBody","floor":33.0},{"not_picked":["AbbyMod:AceInTheHole+1","AbbyMod:CommandSpell","AbbyMod:FamiliarShield+1","AbbyMod:SweetPancakes+1","hexamod:RainOfEmbers"],"picked":"AbbyMod:FarAwayFriend","floor":35.0},{"not_picked":["AbbyMod:FatalEntropy+1","AbbyMod:FamiliarShield+1","AbbyMod:SuperMuscular","AbbyMod:Kuroboshi","hexamod:RadiantFlame"],"picked":"AbbyMod:PrayerOfFaith+1","floor":36.0},{"not_picked":["AbbyMod:MindCleanse","AbbyMod:PowerGamer","AbbyMod:SavingThrow","AbbyMod:PapaProtection","hexamod:NecessarySacrifice"],"picked":"AbbyMod:TentacleSwarm","floor":37.0},{"not_picked":["AbbyMod:AttoSecond+1","AbbyMod:PapaProtection","AbbyMod:SavingThrow","AbbyMod:SanityCheck+1","AbbyMod:TeddyBear","hexamod:GhostLash"],"picked":"SKIP","floor":39.0},{"not_picked":["AbbyMod:AceInTheHole+1","AbbyMod:AdultWords","AbbyMod:Kinoko","AbbyMod:ChocoKey+1","hexamod:ThirdSeal"],"picked":"AbbyMod:WormHole","floor":40.0},{"not_picked":["TH:PixieDust","TH:TreasureMap","TH:DeckOfManyThings","TH:CursedSword"],"picked":"SKIP","floor":40.0},{"not_picked":["AbbyMod:WitchTrial","AbbyMod:Ab_SwirlOfMadness+1","AbbyMod:LiftSkirt","AbbyMod:Kinoko","hexamod:Firestarter"],"picked":"AbbyMod:SweetPancakes+1","floor":42.0},{"not_picked":["TH:PixieDust","TH:ArmorSpikes","TH:DeckOfManyThings","TH:BikiniMail"],"picked":"SKIP","floor":43.0},{"not_picked":["TH:CopperCoins","TH:TreasureMap","TH:ArmorSpikes"],"picked":"TH:DeckOfManyThings","floor":45.0},{"not_picked":["AbbyMod:HolidayWishes","AbbyMod:LargeTentacle","AbbyMod:Meteo","AbbyMod:MeltBrain+1","hexamod:GhostShield"],"picked":"AbbyMod:SavingThrow+1","floor":45.0},{"not_picked":["AbbyMod:AttoSecond","AbbyMod:Keyblade+1","AbbyMod:TeddyBear","AbbyMod:CloneArmy+1","hexamod:SwordOfDarkness"],"picked":"AbbyMod:Ab_OldOneTrigger","floor":46.0},{"not_picked":["TH:EnergyPotion","TH:ArmorSpikes","TH:CursedSword","TH:ElvenBoots"],"picked":"SKIP","floor":47.0},{"not_picked":["AbbyMod:Thflth+1","AbbyMod:SavingThrow+1","AbbyMod:SuperMuscular+1","AbbyMod:PapaProtection","AbbyMod:AdultWords+1","hexamod:PhantomFireball"],"picked":"SKIP","floor":47.0},{"not_picked":["TH:DeckOfManyThings","TH:CopperCoins","TH:PixieDust"],"picked":"TH:CursedSword","floor":54},{"not_picked":["AbbyMod:SanityCheck+1","AbbyMod:AttoSecond","AbbyMod:AceInTheHole+1","AbbyMod:CloneArmy+1","hexamod:SwordOfDarkness"],"picked":"AbbyMod:SweetPancakes","floor":54}],"player_experience":226112,"relics_obtained":[{"floor":1.0,"key":"SynthV:TestCard"},{"floor":4.0,"key":"Ring of Peace"},{"floor":4.0,"key":"ReplayTheSpireMod:Ring of Addiction"},{"floor":4.0,"key":"White Beast Statue"},{"floor":4.0,"key":"Potion Belt"},{"floor":6.0,"key":"reliquary:WeakTea"},{"floor":10.0,"key":"Incense Burner"},{"floor":12.0,"key":"reliquary:GummyVitamins"},{"floor":23.0,"key":"reliquary:FeatherDuster"},{"floor":26.0,"key":"Bag of Marbles"},{"floor":30.0,"key":"DianPoetry"},{"floor":40.0,"key":"hubris:BundleOfHerbs"},{"floor":43.0,"key":"trackpad:IceCube"},{"floor":45.0,"key":"Torii"},{"floor":47.0,"key":"Regal Pillow"},{"floor":54,"key":"Replay:WaspNest"}],"event_choices":[{"damage_healed":0.0,"max_hp_gain":0.0,"max_hp_loss":0.0,"gold_gain":0.0,"event_name":"conspire:Investor","player_choice":"Invest 4","floor":19.0,"gold_loss":0.0,"damage_taken":0.0},{"damage_healed":0.0,"max_hp_gain":0.0,"max_hp_loss":0.0,"gold_gain":0.0,"event_name":"Upgrade Shrine","player_choice":"Upgraded","floor":38.0,"gold_loss":0.0,"damage_taken":0.0,"cards_upgraded":["AbbyMod:TentacleSwarm"]}],"is_beta":false,"boss_relics":[{"not_picked":["Velvet Choker","halation:ForbiddenBikini"],"picked":"RhineSuit"},{"not_picked":["halation:MonkeysPaw","TimeKeys"],"picked":"AbbyMod:YogBlessing"}],"items_purged_floors":[52],"is_endless":false,"potions_floor_spawned":[2,6,10,11,12,16,18,20,22,23,24,25,27,30,31,33,35,36,37,39,40,42,45,46,47,54],"ascension_level":0}}