{"host":"xb2tau8pgi8aflss","time":1613990807,"event":{"mods":["AchievementEnabler","BaseMod","Hermit","Minty Spire (QoL Compilation)","StSLib","SuperFastMode"],"gold_per_floor":[114,114,128,144,154,154,171,19,71,71,71,90,90,104,104,203,203,221,221,236,253,253,280,280,280,280],"floor_reached":25,"language":"KOR","playtime":950,"items_purged":[],"score":301,"play_id":"7b245e63-eeef-4f88-aa69-a169f7859e11","local_time":"20210222194647","is_ascension_mode":true,"campfire_choices":[{"data":"EmptyFist","floor":6,"key":"SMITH"},{"floor":13,"key":"REST"},{"data":"Evaluate","floor":15,"key":"SMITH"},{"floor":24,"key":"REST"}],"circlet_count":0,"master_deck":["Eruption+1","Vigilance","FollowUp","Indignation","EmptyFist+1","FlurryOfBlows","Adaptation","ClearTheMind","Collect+1","CrushJoints","EmptyBody","Evaluate+1","Omniscience","MentalFortress","WindmillStrike","Sanctity","Blasphemy","Blasphemy","WheelKick","Devotion","EmptyFist+1","Adaptation"],"relics":["PureWater","Orrery","Potion Belt","Nloth\u0027s Gift","Ice Cream","StrikeDummy"],"acts_visited":["Exordium","TheCity"],"potions_floor_usage":[7,7,23],"damage_taken":[{"damage":3,"enemies":"2 Louse","floor":1,"turns":2},{"damage":0,"enemies":"Cultist","floor":3,"turns":3},{"damage":0,"enemies":"Small Slimes","floor":4,"turns":2},{"damage":13,"enemies":"3 Louse","floor":5,"turns":3},{"damage":11,"enemies":"Lots of Slimes","floor":7,"turns":4},{"damage":14,"enemies":"Exordium Thugs","floor":12,"turns":4},{"damage":0,"enemies":"Large Slime","floor":14,"turns":2},{"damage":8,"enemies":"Hexaghost","floor":16,"turns":9},{"damage":1,"enemies":"Spheric Guardian","floor":18,"turns":3},{"damage":11,"enemies":"Shell Parasite","floor":20,"turns":5},{"damage":0,"enemies":"Cultist and Chosen","floor":21,"turns":5},{"damage":39,"enemies":"Slavers","floor":23,"turns":7},{"damage":70,"enemies":"Gremlin Leader","floor":25,"turns":3}],"seed_played":"709951187213917342","potions_obtained":[{"floor":3,"key":"FearPotion"},{"floor":4,"key":"SteroidPotion"},{"floor":20,"key":"Strength Potion"}],"is_trial":false,"path_per_floor":["M","?","M","M","M","R","M","$","T","?","?","M","R","M","R","B",null,"M","?","M","M","T","E","R","E"],"character_chosen":"WATCHER","items_purchased":["Orrery"],"campfire_rested":2,"item_purchase_floors":[8],"current_hp_per_floor":[58,58,58,58,45,45,34,34,34,34,17,3,28,28,28,20,70,69,69,58,58,58,19,44,0,0],"gold":280,"neow_bonus":"TWENTY_PERCENT_HP_BONUS","is_daily":false,"chose_seed":false,"campfire_upgraded":2,"win_rate":0.0,"timestamp":1613990807,"path_taken":["M","?","M","?","M","R","M","$","T","?","?","M","R","M","R","BOSS","M","?","M","?","?","E","R","E"],"items_purchased_type":["Relic"],"build_version":"2020-12-22","purchased_purges":0,"victory":false,"max_hp_per_floor":[86,86,86,86,86,86,86,86,86,86,86,86,86,86,86,86,86,86,86,86,86,86,86,86,86,86],"card_choices":[{"not_picked":["CutThroughFate","Nirvana","CarveReality"],"picked":"SKIP","floor":1},{"not_picked":["SandsOfTime","Evaluate"],"picked":"FollowUp","floor":3},{"not_picked":["WheelKick","CrushJoints"],"picked":"Indignation","floor":4},{"not_picked":["EmptyBody","Sanctity"],"picked":"EmptyFist","floor":5},{"not_picked":["CutThroughFate","Fasting2"],"picked":"FlurryOfBlows","floor":7},{"not_picked":["Study","WindmillStrike"],"picked":"Adaptation","floor":8},{"not_picked":["Pray","Blasphemy"],"picked":"ClearTheMind","floor":8},{"not_picked":["Worship","CutThroughFate"],"picked":"Collect","floor":8},{"not_picked":["JustLucky","Prostrate"],"picked":"CrushJoints","floor":8},{"not_picked":["PathToVictory","Sanctity"],"picked":"EmptyBody","floor":12},{"not_picked":["SashWhip","Wallop"],"picked":"Evaluate","floor":14},{"not_picked":["Establishment","SpiritShield"],"picked":"Omniscience","floor":16},{"not_picked":["ThirdEye+1","FlyingSleeves"],"picked":"EmptyFist+1","floor":18},{"not_picked":["JustLucky","WaveOfTheHand"],"picked":"Adaptation","floor":20},{"not_picked":["Evaluate","FlyingSleeves","FollowUp"],"picked":"SKIP","floor":21},{"not_picked":["WindmillStrike","WheelKick","Protect"],"picked":"SKIP","floor":23}],"player_experience":849515,"relics_obtained":[{"floor":9,"key":"Potion Belt"},{"floor":22,"key":"Ice Cream"},{"floor":23,"key":"StrikeDummy"}],"event_choices":[{"cards_removed":["Strike_P"],"damage_healed":0,"gold_gain":0,"player_choice":"Purged","damage_taken":0,"max_hp_gain":0,"max_hp_loss":0,"event_name":"Purifier","floor":2,"gold_loss":0},{"damage_healed":0,"gold_gain":0,"player_choice":"Grow","damage_taken":0,"max_hp_gain":0,"max_hp_loss":0,"event_name":"Living Wall","floor":10,"gold_loss":0,"cards_upgraded":["Eruption"]},{"damage_healed":0,"gold_gain":0,"player_choice":"Entered Light","damage_taken":17,"max_hp_gain":0,"max_hp_loss":0,"event_name":"Shining Light","floor":11,"gold_loss":0,"cards_upgraded":["Collect","Defend_P"]},{"damage_healed":0,"gold_gain":0,"player_choice":"Traded Relic","damage_taken":0,"relics_obtained":["Nloth\u0027s Gift"],"max_hp_gain":0,"max_hp_loss":0,"event_name":"N\u0027loth","floor":19,"relics_lost":["Pandora\u0027s Box"],"gold_loss":0}],"is_beta":false,"boss_relics":[{"not_picked":["Runic Pyramid","Tiny House"],"picked":"Pandora\u0027s Box"}],"items_purged_floors":[],"is_endless":false,"potions_floor_spawned":[3,4,20],"killed_by":"Gremlin Leader","ascension_level":8}}