{"host":"3mt4w4o4jnuk8q1t","time":1613987375,"event":{"mods":["Act Like it!","BaseMod","Colored Map","Colored Powertips","Decade(王小明)","Gensokyo","GungeonMod","Hermit","Jedi Mod","Marisa（F雨　魔理沙）","Minty Spire (QoL Compilation)","Red Circlet Mod","Reimu（博丽灵梦）","Remilia（蕾米莉亚）","Replay The Spire","Robot Space Explorer","RumiaBox-露米娅的神秘盒子","Shop Mod","Spicy Shops","StSLib","TestMod","The Jungle","Waifu the Spire","Yakumo Yukari mod","Youmu（魂魄妖梦）","[IsaacMod]以撒尖塔","【功能Mod】混沌之环修复补丁","【功能Mod】聪明的最终Boss"],"gold_per_floor":[111,23,423,423,443,478,478,478,505,817,1034,1048,1058,898,898,1001,1001,1018,1018,1018,1018,1037,1037,1037,123,123,152,78,88,21,37,37,135,135,135,224,244,103,125,125,151,166,166,106,106,106,125,369,369,369,369],"floor_reached":50,"language":"ZHS","playtime":6242,"items_purged":["Blade_Metal","Decade_Attack"],"score":815,"play_id":"77b3dd25-807b-4ce1-964f-e522cbb329d8","local_time":"20210222174935","daily_mods":["Heirloom"],"is_ascension_mode":false,"campfire_choices":[{"floor":8.0,"key":"REST"},{"data":"UnarmedAttack6","floor":15.0,"key":"SMITH"},{"data":"PrometheusPower","floor":23.0,"key":"SMITH"},{"data":"DemoMod:Invincible","floor":32.0,"key":"SMITH"},{"data":"NMDAZYYGL","floor":40.0,"key":"SMITH"},{"data":"DecadeViolentEmotion","floor":45.0,"key":"SMITH"},{"data":"UnarmedAttack3","floor":49.0,"key":"SMITH"}],"circlet_count":0,"master_deck":["Decade_Attack","Decade_Attack","Decade_Attack","KamenRide","Decade_SpecialSkill","Decade_Defend","Decade_Defend","Decade_Defend","Decade_Defend","FormRideStorm+9","UnarmedAttack6+1","Gensokyo:CrescentMoonSlash","UnarmedAttack5+1","UnarmedAttack3+1","Blade_Metal","Blade_Mach","FormRideFlame+9","UnarmedAttack1","UnarmedAttack7","NMDAZYYGL+1","Kuuga_Rising","Delirium","RideBooker","PrometheusPower+1","UnarmedAttack6","UnarmedAttack6+1","DemoMod:Invincible+1","DenO_Sword+1","Blade_Metal","Blade_Metal+1","AutoVajin+1","Gensokyo:Shovel","AttackRide+1","Blade_Mach","DecadeViolentEmotion+1","Gensokyo:CustomPotion"],"relics":["Decadriver","replay:Trail_Library","HushsDoor","testmod-ChristmasGift","Replay:Ringing Soul","Baka2","testmod-SaigiyounoYou","testmod-IndustrialRevolution","Enchiridion","jedi:crownofsimplicity","ReplayTheSpireMod:Ring of Sloth","Gensokyo:ConquerorOfFear","MerchantsRug","Eternal Feather","TungstenRod","D6","Enchiridion","GodSword3","Sundial","testmod-Temperance","Darkstone Periapt","DemoMod:GlassGuonStoneRelic"],"acts_visited":["Exordium","Gensokyo:Gensokyo","Gensokyo:Gensokyoer"],"potions_floor_usage":[],"damage_taken":[{"damage":0.0,"enemies":"Gensokyo:Python","floor":1.0,"turns":2.0},{"damage":23.0,"enemies":"Gensokyo:Gryphon","floor":5.0,"turns":5.0},{"damage":18.0,"enemies":"Gensokyo:Aya","floor":6.0,"turns":6.0},{"damage":1.0,"enemies":"Gensokyo:2_Kodama","floor":10.0,"turns":3.0},{"damage":7.0,"enemies":"Gensokyo:Kitsune","floor":11.0,"turns":4.0},{"damage":20.0,"enemies":"Gensokyo:3_Kodama","floor":12.0,"turns":6.0},{"damage":9.0,"enemies":"Gensokyo:5_Fairies","floor":13.0,"turns":5.0},{"damage":10.0,"enemies":"Gensokyo:Reimu","floor":16.0,"turns":9.0},{"damage":1.0,"enemies":"Gensokyo:2_Gloops","floor":18.0,"turns":5.0},{"damage":2.0,"enemies":"Gensokyo:Chomper","floor":20.0,"turns":3.0},{"damage":23.0,"enemies":"Gensokyo:Mirror_and_Dog","floor":22.0,"turns":3.0},{"damage":0.0,"enemies":"Gensokyo:Wraith","floor":24.0,"turns":1.0},{"damage":0.0,"enemies":"Gensokyo:Tenshi","floor":27.0,"turns":1.0},{"damage":6.0,"enemies":"Gensokyo:Slime_Group","floor":29.0,"turns":4.0},{"damage":23.0,"enemies":"Gensokyo:Monolith_and_Dog","floor":31.0,"turns":16.0},{"damage":28.0,"enemies":"Gensokyo:Eiki","floor":33.0,"turns":4.0},{"damage":0.0,"enemies":"Gensokyo:AncientGuardian","floor":35.0,"turns":5.0},{"damage":0.0,"enemies":"Gensokyo:3_Bats","floor":37.0,"turns":4.0},{"damage":21.0,"enemies":"Gensokyo:Rafflesia","floor":39.0,"turns":8.0},{"damage":36.0,"enemies":"Gensokyo:Marisa","floor":41.0,"turns":3.0},{"damage":22.0,"enemies":"Gensokyo:SeedOfUnknown","floor":42.0,"turns":6.0},{"damage":7.0,"enemies":"Gensokyo:4_Bats","floor":47.0,"turns":4.0},{"damage":12.0,"enemies":"Gensokyo:Rafflesia","floor":48.0,"turns":8.0},{"damage":0,"enemies":"Gensokyo:Yuyuko","floor":50,"turns":1}],"seed_played":"-5175127146373114732","potions_obtained":[{"floor":1.0,"key":"AttackPotion"},{"floor":6.0,"key":"SkillPotion"},{"floor":11.0,"key":"PowerPotion"},{"floor":13.0,"key":"Block Potion"},{"floor":22.0,"key":"Adrenaline Potion"},{"floor":29.0,"key":"DemoMod:LeadSkinPotion"},{"floor":33.0,"key":"PowerPotion"},{"floor":41.0,"key":"Explosive Potion"},{"floor":47.0,"key":"EssenceOfSteel"}],"is_trial":true,"path_per_floor":["M","COS","?","?","M","E","?","R","T","M","M","M","M","?","R","B",null,"M","?","M","?","M","R","M","$","T","E","$","M","$","M","R","B",null,"M","?","M","COS","M","R","E","M","T","?","R","$","M","M","R","B"],"character_chosen":"Decade","items_purchased":["MerchantsRug","Eternal Feather","DemoMod:Invincible","TungstenRod","D6","PrometheusPower","KamenRideFaiz"],"campfire_rested":1,"item_purchase_floors":[25,25,25,25,28,28,30],"current_hp_per_floor":[73,76,76,68,51,56,51,79,79,81,92,90,101,101,101,105,107,110,113,115,115,111,111,115,118,118,119,122,131,131,131,131,122,126,129,115,132,135,138,138,112,127,127,130,144,144,144,144,144,144,144],"gold":369,"neow_bonus":"","is_daily":false,"chose_seed":false,"campfire_upgraded":6,"win_rate":0.0,"timestamp":1613987375,"path_taken":["M","COS","?","?","M","E","?","R","T","?","M","M","M","?","R","BOSS","M","?","?","?","M","R","M","?","T","E","$","?","?","M","R","BOSS","M","?","M","COS","M","R","E","M","T","?","R","?","M","M","R","BOSS"],"items_purchased_type":["Relic","Relic","Card","Relic","Relic","Card","Card"],"build_version":"2020-12-22","purchased_purges":2,"victory":false,"max_hp_per_floor":[73,76,76,79,82,85,95,95,95,95,98,98,101,101,101,107,107,110,113,116,116,119,119,122,125,125,125,128,131,131,131,131,131,126,129,129,132,135,138,138,138,141,141,144,144,144,144,144,144,144,144],"card_choices":[{"not_picked":["Hibiki_FEVER","Kiva_Frozen"],"picked":"FormRideStorm","floor":1.0},{"not_picked":["DenO_Rod","Decade_Dash2"],"picked":"UnarmedAttack6","floor":1.0},{"not_picked":["AutoVajin+1","Blade_Beat+1"],"picked":"UnarmedAttack5+1","floor":5.0},{"not_picked":["DenO_Sword","UnarmedAttack6"],"picked":"UnarmedAttack3","floor":5.0},{"not_picked":["UnarmedAttack1","Hibiki_Attack2"],"picked":"Blade_Metal","floor":6.0},{"not_picked":["DenO_Climax","Decade_Dash2","Dragreder"],"picked":"SKIP","floor":6.0},{"not_picked":["Blade_Kick","FormRideDragon","UnarmedAttack3"],"picked":"SKIP","floor":10.0},{"not_picked":["Kabuto_ClockUp","Blade_Beat"],"picked":"Blade_Mach","floor":11.0},{"not_picked":["DenO_Ax","Decade_Dash1","DragClaw"],"picked":"SKIP","floor":11.0},{"not_picked":["Decade_Dash2","DenO_Sword","FormRidePegasus"],"picked":"SKIP","floor":12.0},{"not_picked":["UnarmedAttack6","FormRideBasshaa","RideBooker_Skill_2"],"picked":"SKIP","floor":12.0},{"not_picked":["Hibiki_FEVER","Blade_Beat"],"picked":"FormRideFlame","floor":13.0},{"not_picked":["Kiva_Bats","AutoVajin"],"picked":"UnarmedAttack1","floor":13.0},{"not_picked":["FormRideBasshaa","Decade_Dash1"],"picked":"UnarmedAttack7","floor":13.0},{"not_picked":["FormRideDogga","FormRideFlame","FormRideGaruru"],"picked":"SKIP","floor":13.0},{"not_picked":["Kuuga_Rising","Kiva_Swallow"],"picked":"NMDAZYYGL","floor":16.0},{"not_picked":["Kiva_Swallow","DenO_Climax"],"picked":"Kuuga_Rising","floor":16.0},{"not_picked":["FormRideBasshaa+1","FormRidePegasus","FormRideStorm"],"picked":"SKIP","floor":18.0},{"not_picked":["Decade_Defend2","UnarmedAttack1"],"picked":"RideBooker","floor":20.0},{"not_picked":["FormRideFlame","Kuuga_GouramAttack+1"],"picked":"PrometheusPower","floor":20.0},{"not_picked":["PhotonAcceleration","MirrorWorld"],"picked":"UnarmedAttack6","floor":22.0},{"not_picked":["Hibiki_Attack3+1","DragClaw","FormRideDragon"],"picked":"SKIP","floor":24.0},{"not_picked":["DenO_Rod","UnarmedAttack7"],"picked":"DenO_Sword+1","floor":29.0},{"not_picked":["Hibiki_Attack1","FormRidePegasus"],"picked":"Blade_Metal","floor":35.0},{"not_picked":["Decade_Defend2","FormRideDogga"],"picked":"AutoVajin+1","floor":37.0},{"not_picked":["FormRideFlame+1","DenO_Ax","Kiva_Swallow"],"picked":"SKIP","floor":37.0},{"not_picked":["DragClaw","Decade_Invisible"],"picked":"AttackRide+1","floor":39.0},{"not_picked":["DenO_Ax+1","Kiva_Swallow"],"picked":"PrometheusPower+1","floor":39.0},{"not_picked":["Decade_Defend2+1","DenO_Sword+1","FormRideFlame+2"],"picked":"SKIP","floor":39.0},{"not_picked":["DenO_Climax","Decade_Dash2","RideBooker_Skill_1"],"picked":"SKIP","floor":41.0},{"not_picked":["FormRideTitan+1","UnarmedAttack1"],"picked":"Blade_Mach","floor":42.0},{"not_picked":["RideBooker_Skill_2","Hibiki_Attack3+1","DenO_Gun+1"],"picked":"SKIP","floor":42.0},{"not_picked":["Hibiki_Attack2+1","Kiva_Frozen+1","NMDAZYYGL"],"picked":"SKIP","floor":47.0},{"not_picked":["Kiva_Frozen","DenO_Gun","DenO_Sword"],"picked":"SKIP","floor":48.0},{"not_picked":["FormRideBasshaa+1","AttackRide","Decade_Defend2"],"picked":"SKIP","floor":48.0}],"player_experience":223660,"relics_obtained":[{"floor":1.0,"key":"Baka"},{"floor":5.0,"key":"Baka2"},{"floor":6.0,"key":"testmod-SaigiyounoYou"},{"floor":9.0,"key":"testmod-IndustrialRevolution"},{"floor":19.0,"key":"ReplayTheSpireMod:Ring of Sloth"},{"floor":22.0,"key":"Gensokyo:ConquerorOfFear"},{"floor":26.0,"key":"AnarchistCookbook"},{"floor":31.0,"key":"Diplopia"},{"floor":39.0,"key":"Sundial"},{"floor":41.0,"key":"testmod-Temperance"}],"event_choices":[{"damage_healed":0.0,"max_hp_gain":0.0,"max_hp_loss":0.0,"gold_gain":400.0,"event_name":"恩洛斯的盘子","player_choice":"Sell","floor":3.0,"relics_lost":["testmod-TestBox"],"gold_loss":0.0,"damage_taken":0.0}],"is_beta":false,"boss_relics":[{"not_picked":["GnawedLeaf","Strawberry"],"picked":"jedi:crownofsimplicity"},{"not_picked":[]},{"not_picked":["Counterbalance","Replay:Bottled Snecko"],"picked":"GodSword3"},{"not_picked":[]}],"items_purged_floors":[28,34],"is_endless":true,"potions_floor_spawned":[1,6,11,13,22,29,33,41,47],"killed_by":"Gensokyo:Yuyuko","ascension_level":0}}