{"host":"l017gercouzhorma","time":1613961624,"event":{"mods":["AchievementEnabler","Aspiration","BaseMod","Challenge The Spire","Conspire","Downfall","Halation","Hermit","Hubris","Infinite Spire","Jorbs\u0027s Wanderer Trilogy","Mad Scientist","Marisa????????","Mimic Mod","Minty Spire (QoL Compilation)","Random Character Button","Rare Cards Sparkle","Relic Stats","Replay The Spire","Shade Mod","StSLib","The Cursed","The Disciple","The Hierophant","The Jungle","The Runesmith","The Servant 0.9.4"],"gold_per_floor":[113,126,3,18,35,67,67,67,139,168,168,168],"floor_reached":11,"language":"ENG","playtime":647,"items_purged":[],"score":79,"play_id":"1913d0f5-bb5e-473d-8afb-d0d435034bf1","local_time":"20210221194024","is_ascension_mode":true,"campfire_choices":[],"circlet_count":0,"master_deck":["hermit:Strike_Hermit","hermit:Strike_Hermit","hermit:Strike_Hermit","hermit:Strike_Hermit","hermit:Defend_Hermit","hermit:Defend_Hermit","hermit:Defend_Hermit","hermit:Defend_Hermit","hermit:Snapshot","hermit:Covet","hermit:SprayPray","hermit:LowProfile","hermit:ShadowCloak","hermit:Misfire","hermit:ShadowCloak","hermit:Virtue","hermit:DeadOrAlive","hermit:FlashPowder"],"relics":["hermit:Momento","hubris:TenFootPole","conspire:BottledYoYo"],"acts_visited":["Exordium"],"potions_floor_usage":[6,10,10,10],"damage_taken":[{"damage":4,"enemies":"Jaw Worm","floor":1,"turns":4},{"damage":1,"enemies":"Cultist","floor":2,"turns":3},{"damage":2,"enemies":"2 Louse","floor":4,"turns":3},{"damage":8,"enemies":"Looter","floor":5,"turns":3},{"damage":26,"enemies":"3 Sentries","floor":6,"turns":10},{"damage":8,"enemies":"2 Fungi Beasts","floor":10,"turns":3},{"damage":27,"enemies":"Gremlin Nob","floor":11,"turns":5}],"seed_played":"8292552943991482772","potions_obtained":[{"floor":1,"key":"Doom Potion"},{"floor":4,"key":"Elixir"},{"floor":8,"key":"Weak Potion"},{"floor":8,"key":"CultistPotion"},{"floor":8,"key":"sneckomod:MuddlingPotion"}],"is_trial":false,"path_per_floor":["M","M","$","M","M","E","?","?","T","M","E"],"character_chosen":"HERMIT","items_purchased":["hermit:ShadowCloak","hermit:Misfire"],"campfire_rested":0,"item_purchase_floors":[3,3],"current_hp_per_floor":[78,77,77,75,67,41,41,41,41,33,6,6],"gold":168,"neow_bonus":"TEN_PERCENT_HP_BONUS","is_daily":false,"chose_seed":false,"campfire_upgraded":0,"win_rate":0.0,"timestamp":1613961624,"path_taken":["M","M","$","M","M","E","?","?","T","M","E"],"items_purchased_type":["Card","Card"],"build_version":"2020-12-22","purchased_purges":0,"victory":false,"max_hp_per_floor":[82,82,82,82,82,82,82,82,82,82,82,82],"relic_stats":{"counters":[7,31],"obtain_stats":[{"hubris:TenFootPole":6,"conspire:BottledYoYo":9,"hermit:Momento":0},{"hubris:TenFootPole":5,"conspire:BottledYoYo":5,"hermit:Momento":0},{"hubris:TenFootPole":23,"conspire:BottledYoYo":23,"hermit:Momento":0}]},"card_choices":[{"not_picked":["hermit:Coalescence","hermit:Dive"],"picked":"hermit:SprayPray","floor":1},{"not_picked":["hermit:LuckOfTheDraw","hermit:TakeAim"],"picked":"hermit:LowProfile","floor":2},{"not_picked":["hermit:Quickdraw","hermit:LowProfile"],"picked":"hermit:ShadowCloak","floor":4},{"not_picked":["hermit:GoldenBullet","hermit:LuckOfTheDraw"],"picked":"hermit:Virtue","floor":5},{"not_picked":["hermit:BodyArmor","hermit:Deadeye"],"picked":"hermit:DeadOrAlive","floor":6},{"not_picked":["hermit:Glare","hermit:BodyArmor"],"picked":"hermit:FlashPowder","floor":10}],"player_experience":870375,"relics_obtained":[{"floor":6,"key":"hubris:TenFootPole"},{"floor":9,"key":"conspire:BottledYoYo"}],"event_choices":[{"damage_healed":0,"gold_gain":0,"player_choice":"Got Potions","damage_taken":0,"max_hp_gain":0,"max_hp_loss":0,"event_name":"Lab","floor":8,"gold_loss":0}],"is_beta":false,"boss_relics":[],"items_purged_floors":[],"is_endless":false,"potions_floor_spawned":[1,4],"killed_by":"Gremlin Nob","ascension_level":1}}