{"host":"xltl1aroowo69o4n","time":1613965226,"event":{"mods":["BaseMod","Colored Map","Colored Powertips","Downfall","Koishi","Marisa????????","Minty Spire (QoL Compilation)","Replay The Spire","StSLib","The Cursed","The Hierophant","The Mystic","The Necromancer","The Servant 0.9.4"],"gold_per_floor":[99,116,134,79,91,140,140,140,140,160,109,9,20,31,50,50,50],"floor_reached":16,"language":"ENG","playtime":796,"items_purged":[],"score":99,"play_id":"38a2850e-99d2-4761-99d7-9d0718a56c4c","local_time":"20210221224026","is_ascension_mode":true,"campfire_choices":[{"floor":1,"key":"RECALL"},{"floor":12,"key":"REST"}],"circlet_count":0,"master_deck":["Koishi:BasicStrike","Koishi:BasicStrike","Koishi:BasicStrike","Koishi:BasicStrike","Koishi:BasicDefend","Koishi:BasicDefend","Koishi:BasicDefend","Koishi:BasicDefend+1","Koishi:Provoke","Koishi:HauntingSlash","Koishi:PhantomBarrier","Koishi:PhantomStrike","Koishi:FidgetySnatcher","Koishi:MassHysteria","Koishi:CatchAndRose","Koishi:ParalyzingFear","Koishi:BloodcurdlingScream","Koishi:TremblingHands","Koishi:UnconsciousUprising","Koishi:UnconsciousUprising","Koishi:SpiritedAway","Koishi:DanmakuParanoia","Koishi:TerrifyingSpectre"],"relics":["Koishi:ImaginaryFriend","downfall:BrokenWingStatue","downfall:HeartBlessingRed"],"acts_visited":["Exordium"],"potions_floor_usage":[16,16],"damage_taken":[{"damage":5,"enemies":"Jaw Worm","floor":2,"turns":4},{"damage":0,"enemies":"2 Louse","floor":3,"turns":4},{"damage":5,"enemies":"downfall:FleeingMerchant","floor":4,"turns":4},{"damage":10,"enemies":"Small Slimes","floor":5,"turns":5},{"damage":4,"enemies":"Blue Slaver","floor":10,"turns":5},{"damage":0,"enemies":"downfall:FleeingMerchant","floor":11,"turns":4},{"damage":3,"enemies":"Exordium Wildlife","floor":13,"turns":4},{"damage":1,"enemies":"2 Fungi Beasts","floor":14,"turns":3},{"damage":12,"enemies":"Gremlin Gang","floor":15,"turns":4},{"damage":27,"enemies":"SI_SHIV_ARCHETYPE","floor":16,"turns":9}],"seed_played":"1348880717456683267","potions_obtained":[{"floor":2,"key":"Dexterity Potion"},{"floor":5,"key":"Ancient Potion"},{"floor":6,"key":"Doom Potion"},{"floor":6,"key":"CultistPotion"},{"floor":10,"key":"Flashbang"}],"is_trial":false,"path_per_floor":["R_BF","M","M","$","M","?","T","?","?","M","$","R","M","M","M","B"],"character_chosen":"KOISHI","items_purchased":["Koishi:MassHysteria","Koishi:UnconsciousUprising"],"campfire_rested":1,"item_purchase_floors":[4,11],"current_hp_per_floor":[66,63,65,60,51,25,25,25,25,22,22,41,39,38,27,0,0],"gold":50,"neow_bonus":"TEN_PERCENT_HP_BONUS","is_daily":false,"chose_seed":false,"campfire_upgraded":0,"win_rate":0.0,"timestamp":1613965226,"path_taken":["R_BF","M","M","$","M","?","T","?","?","M","?","R","M","?","M","BOSS"],"items_purchased_type":["Card","Card"],"build_version":"2020-12-13","purchased_purges":0,"victory":false,"max_hp_per_floor":[66,66,66,66,66,66,66,66,66,66,66,66,66,66,66,66,66],"card_choices":[{"not_picked":["Koishi:Whimsy","Koishi:SubterraneanRose"],"picked":"Koishi:PhantomBarrier","floor":2},{"not_picked":["Koishi:SubterraneanRose","Koishi:HeartfeltFancy"],"picked":"Koishi:PhantomStrike","floor":3},{"not_picked":["Koishi:EmbersOfLove","Koishi:YoukaiPolygraph"],"picked":"Koishi:FidgetySnatcher","floor":4},{"not_picked":["Koishi:FourthEye","Koishi:ReflexRadar"],"picked":"Koishi:CatchAndRose","floor":5},{"not_picked":["Koishi:BramblyRoseGarden","Koishi:ReflexRadar"],"picked":"Koishi:ParalyzingFear","floor":6},{"not_picked":["Koishi:HeartfeltFancy","Koishi:FleetingPhantom"],"picked":"Koishi:BloodcurdlingScream","floor":10},{"not_picked":["Koishi:DNAsFlaw","Koishi:UnansweredLove"],"picked":"Koishi:TremblingHands","floor":11},{"not_picked":["Koishi:FleetingPhantom","Koishi:ApparitionsStalkTheNight"],"picked":"Koishi:SpiritedAway","floor":13},{"not_picked":["Koishi:ReleaseOfTheId","Koishi:HeartAttack"],"picked":"Koishi:DanmakuParanoia","floor":14},{"not_picked":["Koishi:BloodcurdlingScream","Koishi:ReleaseOfTheId"],"picked":"Koishi:TerrifyingSpectre","floor":15}],"player_experience":267024,"relics_obtained":[],"event_choices":[],"is_beta":false,"boss_relics":[],"items_purged_floors":[],"is_endless":false,"potions_floor_spawned":[2,5,10,15],"killed_by":"SI_SHIV_ARCHETYPE","ascension_level":1}}