{"host":"iv24d026eac8pm4e","time":1613952507,"event":{"mods":["BaseMod","Minty Spire (QoL Compilation)"],"gold_per_floor":[109,123,138,157,157,191,191,211,211,286,436,436,453,481,481,559,559,577,577,595,191,203,203,234,234,234,251,251,251],"floor_reached":28,"language":"ENG","playtime":1739,"items_purged":["Doubt"],"score":525,"play_id":"38b0e34b-fd38-412f-98e0-503a646309fb","local_time":"20210221160827","is_ascension_mode":true,"campfire_choices":[{"data":"Barricade","floor":7,"key":"SMITH"},{"floor":12,"key":"REST"},{"data":"True Grit","floor":15,"key":"SMITH"},{"floor":23,"key":"REST"},{"floor":25,"key":"REST"}],"circlet_count":0,"master_deck":["AscendersBane","Strike_R","Strike_R","Strike_R","Strike_R","Strike_R","Defend_R","Defend_R","Defend_R","Defend_R","Bash","Offering","Flame Barrier","Flame Barrier+1","Headbutt","Inflame+1","Barricade+1","Clothesline","True Grit+1","Corruption","Entrench","Disarm","Chrysalis+1","Shockwave+1","Second Wind+1"],"relics":["Burning Blood","Mercury Hourglass","The Courier","Bottled Tornado","Runic Pyramid","Toxic Egg 2","HornCleat","Sundial"],"acts_visited":["Exordium","TheCity"],"potions_floor_usage":[8,13,14,22,22,28],"damage_taken":[{"damage":9,"enemies":"2 Louse","floor":1,"turns":2},{"damage":1,"enemies":"Small Slimes","floor":2,"turns":5},{"damage":2,"enemies":"Jaw Worm","floor":3,"turns":5},{"damage":15,"enemies":"Exordium Wildlife","floor":4,"turns":6},{"damage":28,"enemies":"3 Sentries","floor":6,"turns":12},{"damage":0,"enemies":"Large Slime","floor":8,"turns":6},{"damage":23,"enemies":"Exordium Thugs","floor":13,"turns":4},{"damage":23,"enemies":"Lagavulin","floor":14,"turns":8},{"damage":6,"enemies":"Slime Boss","floor":16,"turns":13},{"damage":16,"enemies":"3 Byrds","floor":18,"turns":5},{"damage":18,"enemies":"Shell Parasite","floor":20,"turns":10},{"damage":23,"enemies":"Snake Plant","floor":22,"turns":4},{"damage":43,"enemies":"Gremlin Leader","floor":24,"turns":6},{"damage":6,"enemies":"Snecko","floor":27,"turns":6},{"damage":35,"enemies":"Book of Stabbing","floor":28,"turns":5}],"seed_played":"8503075146921803102","potions_obtained":[{"floor":1,"key":"Energy Potion"},{"floor":3,"key":"GamblersBrew"},{"floor":8,"key":"Strength Potion"},{"floor":13,"key":"FairyPotion"},{"floor":20,"key":"EntropicBrew"},{"floor":24,"key":"EssenceOfSteel"},{"floor":27,"key":"DistilledChaos"}],"is_trial":false,"path_per_floor":["M","M","M","M","?","E","R","M","T","?","?","R","M","E","R","B",null,"M","?","M","$","M","R","E","R","T","M","E"],"character_chosen":"IRONCLAD","items_purchased":["Toxic Egg 2","Chrysalis+1"],"campfire_rested":3,"item_purchase_floors":[21,21],"current_hp_per_floor":[65,70,74,65,42,20,20,26,26,15,15,37,20,28,28,28,63,53,53,41,41,24,46,9,31,31,31,0,0],"gold":251,"neow_bonus":"ONE_RANDOM_RARE_CARD","is_daily":false,"chose_seed":false,"campfire_upgraded":2,"win_rate":0.0,"timestamp":1613952507,"path_taken":["M","M","M","M","?","E","R","M","T","?","?","R","M","E","R","BOSS","M","?","M","$","M","R","E","R","T","M","E"],"items_purchased_type":["Relic","Card"],"build_version":"2020-12-22","purchased_purges":1,"victory":false,"max_hp_per_floor":[75,75,75,75,75,75,75,75,75,75,75,75,75,75,75,75,75,75,75,75,75,75,75,75,75,75,75,75,75],"card_choices":[{"not_picked":["Battle Trance","Sever Soul"],"picked":"Flame Barrier","floor":1},{"not_picked":["Battle Trance","Pommel Strike"],"picked":"Flame Barrier","floor":2},{"not_picked":["Twin Strike","Anger"],"picked":"Headbutt","floor":3},{"not_picked":["Havoc","Clash"],"picked":"Inflame","floor":4},{"not_picked":["Offering","True Grit"],"picked":"Barricade","floor":6},{"not_picked":["Seeing Red","Intimidate"],"picked":"Clothesline","floor":8},{"not_picked":["Clothesline","Havoc"],"picked":"True Grit","floor":13},{"not_picked":["Flex","Heavy Blade","Armaments"],"picked":"SKIP","floor":14},{"not_picked":["Barricade","Bludgeon"],"picked":"Corruption","floor":16},{"not_picked":["Thunderclap","Twin Strike"],"picked":"Entrench","floor":18},{"not_picked":["Thunderclap","Heavy Blade","Carnage"],"picked":"SKIP","floor":20},{"not_picked":["Spot Weakness+1","Pommel Strike"],"picked":"Shockwave+1","floor":22},{"not_picked":["Heavy Blade+1","Cleave"],"picked":"Second Wind+1","floor":24},{"not_picked":["Heavy Blade","Twin Strike","Thunderclap"],"picked":"SKIP","floor":27}],"player_experience":2564224,"relics_obtained":[{"floor":6,"key":"Mercury Hourglass"},{"floor":9,"key":"The Courier"},{"floor":14,"key":"Bottled Tornado"},{"floor":24,"key":"HornCleat"},{"floor":26,"key":"Sundial"}],"event_choices":[{"damage_healed":0,"gold_gain":0,"player_choice":"Entered Light","damage_taken":23,"max_hp_gain":0,"max_hp_loss":0,"event_name":"Shining Light","floor":5,"gold_loss":0,"cards_upgraded":["Inflame","Flame Barrier"]},{"damage_healed":0,"gold_gain":75,"player_choice":"Gather Gold","damage_taken":11,"max_hp_gain":0,"max_hp_loss":0,"event_name":"World of Goop","floor":10,"gold_loss":0},{"damage_healed":0,"gold_gain":150,"player_choice":"AGREE","damage_taken":0,"max_hp_gain":0,"max_hp_loss":0,"event_name":"Liars Game","floor":11,"gold_loss":0,"cards_obtained":["Doubt"]},{"damage_healed":0,"gold_gain":0,"player_choice":"Read","damage_taken":0,"max_hp_gain":0,"max_hp_loss":0,"event_name":"The Library","floor":19,"gold_loss":0,"cards_obtained":["Disarm"]}],"is_beta":false,"boss_relics":[{"not_picked":["SacredBark","Calling Bell"],"picked":"Runic Pyramid"}],"items_purged_floors":[21],"is_endless":false,"potions_floor_spawned":[1,3,8,13,20,24,27],"killed_by":"Book of Stabbing","ascension_level":15}}