{"host":"eketvm4dld8igxnv","time":1613965118,"event":{"mods":["BaseMod","Better Skull","Better Third Choice","Downfall","Googly Eyes","Minty Spire (QoL Compilation)","StSLib"],"gold_per_floor":[116,21,37,12,0,34,34,34,34,46,57,71,99,118,118,220,220,235,254,254,274,22,32,32,63,63,63,63,75,88,117,117,217,217,235,286,299,17,28,28,48,48,48],"floor_reached":42,"language":"ENG","playtime":3009,"items_purged":[],"score":577,"play_id":"de83b2ed-2f66-4e29-a777-01380c360932","local_time":"20210221223838","is_ascension_mode":false,"campfire_choices":[{"data":"FollowUp","floor":7.0,"key":"SMITH"},{"data":"Blasphemy","floor":15.0,"key":"SMITH"},{"data":"TalkToTheHand","floor":24.0,"key":"SMITH"},{"floor":28.0,"key":"REST"},{"floor":32.0,"key":"REST"}],"circlet_count":0,"master_deck":["Strike_P","Strike_P","Strike_P","Defend_P","Defend_P","Defend_P","Eruption","Vigilance","TalkToTheHand","Prostrate","CutThroughFate","FlurryOfBlows","FollowUp+1","Enlightenment+1","CarveReality","FlurryOfBlows","Wallop","TalkToTheHand+1","Blasphemy+1","DevaForm+1","Pray+1","Worship","Prostrate+1","Fasting2+1","Swivel","FearNoEvil+1","BattleHymn+1","WheelKick","Brilliance","Wallop+1","WreathOfFlame","Enlightenment+1","WreathOfFlame+1","Wallop+1"],"relics":["PureWater","NeowsBlessing","Bag of Preparation","Potion Belt","Vajra","VioletLotus","Bottled Flame","Pear","Meat on the Bone","Bag of Marbles","Empty Cage","Turnip","DollysMirror"],"acts_visited":["Exordium","TheCity","TheBeyond"],"potions_floor_usage":[37,39,39],"damage_taken":[{"damage":0.0,"enemies":"2 Louse","floor":1.0,"turns":1.0},{"damage":0.0,"enemies":"Small Slimes","floor":3.0,"turns":1.0},{"damage":0.0,"enemies":"Lagavulin","floor":6.0,"turns":1.0},{"damage":0.0,"enemies":"Cultist","floor":10.0,"turns":2.0},{"damage":1.0,"enemies":"Gremlin Gang","floor":11.0,"turns":4.0},{"damage":0.0,"enemies":"Blue Slaver","floor":12.0,"turns":2.0},{"damage":0.0,"enemies":"Gremlin Nob","floor":13.0,"turns":2.0},{"damage":0.0,"enemies":"Lots of Slimes","floor":14.0,"turns":2.0},{"damage":0.0,"enemies":"Slime Boss","floor":16.0,"turns":3.0},{"damage":5.0,"enemies":"Spheric Guardian","floor":18.0,"turns":3.0},{"damage":10.0,"enemies":"2 Thieves","floor":19.0,"turns":3.0},{"damage":7.0,"enemies":"Shelled Parasite and Fungi","floor":21.0,"turns":3.0},{"damage":6.0,"enemies":"Cultist and Chosen","floor":23.0,"turns":4.0},{"damage":25.0,"enemies":"Book of Stabbing","floor":25.0,"turns":6.0},{"damage":19.0,"enemies":"Chosen and Byrds","floor":29.0,"turns":4.0},{"damage":0.0,"enemies":"3 Cultists","floor":30.0,"turns":5.0},{"damage":36.0,"enemies":"Slavers","floor":31.0,"turns":5.0},{"damage":52.0,"enemies":"Champ","floor":33.0,"turns":8.0},{"damage":7.0,"enemies":"3 Darklings","floor":35.0,"turns":3.0},{"damage":54,"enemies":"2 Orb Walkers","floor":36,"turns":5},{"damage":25,"enemies":"3 Shapes","floor":37,"turns":5},{"damage":36,"enemies":"Transient","floor":39,"turns":5},{"damage":13,"enemies":"4 Shapes","floor":41,"turns":5},{"damage":23,"enemies":"3 Darklings","floor":42,"turns":4}],"seed_played":"-405476196064501104","potions_obtained":[{"floor":1.0,"key":"Weak Potion"},{"floor":11.0,"key":"bronze:BurnAndBuffPotion"},{"floor":14.0,"key":"GamblersBrew"},{"floor":19.0,"key":"hexamod:SoulburnPotion"},{"floor":25.0,"key":"AttackPotion"},{"floor":29.0,"key":"sneckomod:MuddlingPotion"},{"floor":35.0,"key":"SteroidPotion"}],"is_trial":false,"path_per_floor":["M","$","M","$","?","E","R","?","T","M","M","M","E","M","R","B",null,"M","M","?","M","$","M","R","E","T","?","R","M","M","E","R","B",null,"M","?","M","$","M","?","M","M"],"character_chosen":"WATCHER","items_purchased":["Prostrate","CutThroughFate","FollowUp","Bottled Flame","DollysMirror","Regen Potion","Fire Potion"],"campfire_rested":2,"item_purchase_floors":[2,2,4,22,38,38,38],"current_hp_per_floor":[72,72,72,72,78,78,78,78,78,78,77,77,77,77,77,77,78,73,63,63,56,56,50,50,35,35,35,61,54,54,30,56,16,88,81,39,26,26,17,17,16,0,0],"gold":48,"neow_bonus":"THREE_ENEMY_KILL","is_daily":false,"chose_seed":false,"campfire_upgraded":3,"win_rate":0.0,"timestamp":1613965118,"path_taken":["M","$","M","$","?","E","R","?","T","M","M","M","E","M","R","BOSS","M","M","?","?","$","M","R","E","T","?","R","?","M","E","R","BOSS","M","?","M","$","M","?","?","M"],"items_purchased_type":["Card","Card","Card","Relic","Relic","Potion","Potion"],"build_version":"2020-12-22","purchased_purges":0,"victory":false,"max_hp_per_floor":[72,72,72,72,78,78,78,78,78,78,78,78,78,78,78,78,78,78,78,78,78,78,78,78,88,88,88,88,88,88,88,88,88,88,88,88,88,88,88,88,88,88,88],"card_choices":[{"not_picked":["EmptyFist","FollowUp"],"picked":"TalkToTheHand","floor":1.0},{"not_picked":["Evaluate","Halt"],"picked":"FlurryOfBlows","floor":3.0},{"not_picked":["FlyingSleeves","Protect"],"picked":"CarveReality","floor":6.0},{"not_picked":["BowlingBash","Crescendo"],"picked":"CarveReality","floor":10.0},{"not_picked":["Halt","Adaptation"],"picked":"FlurryOfBlows","floor":11.0},{"not_picked":["CutThroughFate","SashWhip"],"picked":"Wallop","floor":12.0},{"not_picked":["FlyingSleeves","BattleHymn"],"picked":"TalkToTheHand","floor":13.0},{"not_picked":["Crescendo","FlyingSleeves"],"picked":"Blasphemy","floor":14.0},{"not_picked":["Ragnarok","ConjureBlade"],"picked":"DevaForm","floor":16.0},{"not_picked":["Evaluate","Protect"],"picked":"Pray+1","floor":18.0},{"not_picked":["JustLucky","CrushJoints"],"picked":"Worship","floor":19.0},{"not_picked":["Nirvana","CrushJoints"],"picked":"Prostrate+1","floor":21.0},{"not_picked":["FearNoEvil","FlurryOfBlows"],"picked":"Fasting2+1","floor":23.0},{"not_picked":["ThirdEye","SashWhip"],"picked":"Swivel","floor":25.0},{"not_picked":["FlyingSleeves","Swivel"],"picked":"FearNoEvil+1","floor":29.0},{"not_picked":["SashWhip","Crescendo+1"],"picked":"BattleHymn+1","floor":30.0},{"not_picked":["Prostrate","CutThroughFate+1"],"picked":"WheelKick","floor":31.0},{"not_picked":["Vault","Scrawl"],"picked":"Brilliance","floor":33.0},{"not_picked":["Indignation","PathToVictory+1","InnerPeace+1"],"picked":"SKIP","floor":35.0},{"not_picked":["Nirvana","EmptyFist"],"picked":"Wallop+1","floor":36},{"not_picked":["BattleHymn+1","FlyingSleeves"],"picked":"WreathOfFlame","floor":37},{"not_picked":["Crescendo","FearNoEvil"],"picked":"WreathOfFlame+1","floor":39},{"not_picked":["LikeWater","Halt+1"],"picked":"Wallop+1","floor":41}],"player_experience":323798,"relics_obtained":[{"floor":6.0,"key":"Bag of Preparation"},{"floor":9.0,"key":"Potion Belt"},{"floor":13.0,"key":"Vajra"},{"floor":25.0,"key":"Pear"},{"floor":26.0,"key":"Meat on the Bone"},{"floor":31.0,"key":"Bag of Marbles"},{"floor":36,"key":"Turnip"}],"event_choices":[{"damage_healed":0.0,"max_hp_gain":0.0,"max_hp_loss":0.0,"gold_gain":0.0,"event_name":"betterThird:BetterSerpent","player_choice":"RENOUNCE","floor":5.0,"gold_loss":12.0,"damage_taken":12.0,"cards_obtained":["Enlightenment"]},{"cards_removed":["CarveReality"],"damage_healed":0.0,"max_hp_gain":0.0,"max_hp_loss":0.0,"gold_gain":0.0,"event_name":"Bonfire Elementals","player_choice":"Offered Uncommon","floor":8.0,"gold_loss":0.0,"damage_taken":0.0},{"damage_healed":0.0,"max_hp_gain":0.0,"max_hp_loss":0.0,"gold_gain":0.0,"event_name":"NoteForYourself","player_choice":"Ignored","floor":20.0,"gold_loss":0.0,"damage_taken":0.0},{"damage_healed":0.0,"max_hp_gain":0.0,"max_hp_loss":0.0,"gold_gain":0.0,"event_name":"Upgrade Shrine","player_choice":"Upgraded","floor":27.0,"gold_loss":0.0,"damage_taken":0.0,"cards_upgraded":["Enlightenment"]},{"damage_healed":0,"gold_gain":0,"player_choice":"Fight","damage_taken":0,"max_hp_gain":0,"max_hp_loss":0,"event_name":"Mysterious Sphere","floor":36,"gold_loss":0},{"damage_healed":0,"gold_gain":0,"player_choice":"Upgraded","damage_taken":0,"max_hp_gain":0,"max_hp_loss":0,"event_name":"Upgrade Shrine","floor":40,"gold_loss":0,"cards_upgraded":["DevaForm"]}],"is_beta":false,"boss_relics":[{"not_picked":["Runic Pyramid","Runic Dome"],"picked":"VioletLotus"},{"not_picked":["SlaversCollar","Black Star"],"picked":"Empty Cage"}],"items_purged_floors":[],"is_endless":false,"potions_floor_spawned":[1,11,14,19,25,29,35],"killed_by":"3 Darklings","ascension_level":0}}