{"host":"ksz6njxfowgsdugl","time":1613987897,"event":{"mods":["2.2 Compatiblity","Act Like it!","BaseMod","Downfall","Duelist Mod","Hubris","Jedi Mod","Minty Spire (QoL Compilation)","Reliquary","Replay The Spire","Robot Space Explorer","Ruina","StSLib","The Animator","The Marked","The Servant 0.9.4"],"gold_per_floor":[99,118,49,67,217,244,244,244,36,51,67,67,80,106,123,123,123],"floor_reached":16,"language":"ENG","playtime":732,"items_purged":[],"score":102,"play_id":"b22d75b6-22f1-4c3f-bb8c-10ee60687ed5","local_time":"20210222105817","is_ascension_mode":false,"campfire_choices":[{"data":"bronze:Replicate","floor":1,"key":"SMITH"},{"data":"bronze:FineTuning","floor":8,"key":"SMITH"},{"data":"bronze:BronzeOrb","floor":12,"key":"SMITH"}],"circlet_count":0,"master_deck":["bronze:Strike","bronze:Strike","bronze:Strike","bronze:Strike","bronze:Defend","bronze:Defend","bronze:Defend","bronze:Defend","bronze:Replicate+1","bronze:Goto","bronze:Frontload","bronze:Fortify","bronze:DelayedSlice","bronze:ForceShield","downfall:Icky","bronze:FineTuning+1","bronze:WildBeam","bronze:Branch","bronze:BronzeOrb+1","bronze:ForceShield","bronze:BugBarrage","bronze:Overheat","bronze:Branch"],"relics":["bronze:BronzeCore","Onion Ring","Happy Flower","hubris:OldNail","Odd Mushroom"],"acts_visited":["Exordium"],"potions_floor_usage":[14,14],"damage_taken":[{"damage":1,"enemies":"Jaw Worm","floor":2,"turns":3},{"damage":0,"enemies":"downfall:FleeingMerchant","floor":3,"turns":4},{"damage":7,"enemies":"Small Slimes","floor":4,"turns":3},{"damage":26,"enemies":"3 Sentries","floor":6,"turns":10},{"damage":0,"enemies":"downfall:FleeingMerchant","floor":9,"turns":4},{"damage":0,"enemies":"Cultist","floor":10,"turns":3},{"damage":7,"enemies":"Red Slaver","floor":11,"turns":2},{"damage":0,"enemies":"Blue Slaver","floor":13,"turns":2},{"damage":0,"enemies":"The Mushroom Lair","floor":14,"turns":2},{"damage":0,"enemies":"3 Louse","floor":15,"turns":2},{"damage":37,"enemies":"WA_ARCHETYPE_RETAIN","floor":16,"turns":7}],"seed_played":"1033023007339786493","potions_obtained":[{"floor":6,"key":"SpeedPotion"},{"floor":10,"key":"DistilledChaos"},{"floor":13,"key":"Adrenaline Potion"}],"is_trial":false,"path_per_floor":["R","M","$","M","?","E","T","R","$","M","M","R","M","?","M","B"],"character_chosen":"THE_AUTOMATON","items_purchased":["bronze:DelayedSlice","hubris:OldNail","bronze:Branch"],"campfire_rested":0,"item_purchase_floors":[3,9,9],"current_hp_per_floor":[77,76,76,69,69,43,43,43,43,43,36,36,36,36,36,0,0],"gold":123,"neow_bonus":"TEN_PERCENT_HP_BONUS","is_daily":false,"chose_seed":false,"campfire_upgraded":3,"win_rate":0.0,"timestamp":1613987897,"path_taken":["R","M","$","M","?","E","T","R","$","M","M","R","M","?","M","BOSS"],"items_purchased_type":["Card","Relic","Card"],"build_version":"2020-12-22","purchased_purges":0,"victory":false,"max_hp_per_floor":[77,77,77,77,77,77,77,77,77,77,77,77,77,77,77,77,77],"card_choices":[{"not_picked":["bronze:Shield","bronze:Invalidate"],"picked":"bronze:Frontload","floor":2},{"not_picked":["bronze:BitShift","bronze:Turbo"],"picked":"bronze:Fortify","floor":3},{"not_picked":["bronze:BitShift","bronze:DelayedSlice"],"picked":"bronze:ForceShield","floor":4},{"not_picked":["bronze:ChildClass","bronze:DelayedSlice"],"picked":"bronze:FineTuning","floor":6},{"not_picked":["bronze:FineTuning","bronze:Optimize"],"picked":"bronze:WildBeam","floor":9},{"not_picked":["bronze:BuggyMess","bronze:DigitalCarnage"],"picked":"bronze:BronzeOrb","floor":10},{"not_picked":["bronze:Deprecate","bronze:Allocate"],"picked":"bronze:ForceShield","floor":11},{"not_picked":["bronze:Deprecate","bronze:BuggyMess"],"picked":"bronze:BugBarrage","floor":13},{"not_picked":["bronze:FindAndReplace","bronze:FineTuning"],"picked":"bronze:Overheat","floor":14},{"not_picked":["bronze:BuggyMess","bronze:BugBarrage"],"picked":"bronze:Branch","floor":15}],"player_experience":675594,"relics_obtained":[{"floor":6,"key":"Onion Ring"},{"floor":7,"key":"Happy Flower"},{"floor":14,"key":"Odd Mushroom"}],"event_choices":[{"damage_healed":0,"gold_gain":0,"player_choice":"Fought Mushrooms","damage_taken":0,"max_hp_gain":0,"max_hp_loss":0,"event_name":"Mushrooms","floor":14,"gold_loss":0}],"is_beta":false,"boss_relics":[],"items_purged_floors":[],"is_endless":false,"potions_floor_spawned":[6,10,13],"killed_by":"WA_ARCHETYPE_RETAIN","ascension_level":0}}