{"host":"gzz35fplm60aw28t","time":1613967458,"event":{"mods":["AchievementEnabler","BaseMod","Colored Powertips","DeckTracker","Minty Spire (QoL Compilation)"],"gold_per_floor":[117,192,142,154,2,27,37,69,69,87,87,117,134,151,151,251,251,270,297,312,312,312,345,345,375,375,1,100,100,135,152,152,249,249,266,266,313,340,359,359,387,407,407,407,419,448,93,111,111,111],"floor_reached":51,"language":"ENG","playtime":3388,"items_purged":["Strike_G"],"score":1065,"play_id":"9e4f329c-f43b-4acb-b112-cfcce8723096","local_time":"20210222051738","is_ascension_mode":true,"campfire_choices":[{"data":"After Image","floor":11,"key":"SMITH"},{"data":"Footwork","floor":15,"key":"SMITH"},{"floor":24,"key":"REST"},{"floor":29,"key":"REST"},{"data":"Neutralize","floor":32,"key":"SMITH"},{"data":"Apotheosis","floor":40,"key":"SMITH"},{"data":"Accuracy","floor":49,"key":"SMITH"}],"circlet_count":0,"master_deck":["Strike_G","Strike_G","Strike_G","Defend_G","Defend_G","Defend_G","Defend_G","Survivor","Neutralize+1","Sucker Punch","Blade Dance+1","After Image+1","Footwork+1","Backflip","Bouncing Flask+1","Blade Dance","Escape Plan","Doppelganger","Backstab+1","Dodge and Roll","Terror","Backflip","Footwork","Accuracy+1","Acrobatics","Cloak And Dagger","Burst","Apotheosis+1","Blade Dance+1","Infinite Blades","Escape Plan+1","Noxious Fumes+1","Calculated Gamble+1","Footwork","Master of Strategy+1","Dodge and Roll+1","Prepared+1"],"relics":["Ring of the Snake","Orichalcum","Pantograph","War Paint","Tiny Chest","HoveringKite","Red Mask","Matryoshka","Lantern","Meat on the Bone","HornCleat","Sundial","Kunai","Toy Ornithopter","SlaversCollar","Tingsha","Dream Catcher","Vajra","Letter Opener","Omamori","Toxic Egg 2"],"acts_visited":["Exordium","TheCity","TheBeyond"],"potions_floor_usage":[8,12,16,16,19,25,30,37,50],"damage_taken":[{"damage":0,"enemies":"2 Louse","floor":1,"turns":3},{"damage":9,"enemies":"Small Slimes","floor":4,"turns":4},{"damage":17,"enemies":"3 Sentries","floor":6,"turns":11},{"damage":2,"enemies":"Jaw Worm","floor":7,"turns":4},{"damage":8,"enemies":"Lagavulin","floor":8,"turns":9},{"damage":6,"enemies":"Lots of Slimes","floor":10,"turns":5},{"damage":0,"enemies":"Gremlin Nob","floor":12,"turns":3},{"damage":4,"enemies":"Looter","floor":13,"turns":3},{"damage":2,"enemies":"3 Louse","floor":14,"turns":3},{"damage":14,"enemies":"The Guardian","floor":16,"turns":11},{"damage":13,"enemies":"Shell Parasite","floor":18,"turns":7},{"damage":21,"enemies":"Masked Bandits","floor":19,"turns":5},{"damage":2,"enemies":"Spheric Guardian","floor":20,"turns":4},{"damage":24,"enemies":"Slavers","floor":23,"turns":9},{"damage":33,"enemies":"Gremlin Leader","floor":25,"turns":9},{"damage":0,"enemies":"Book of Stabbing","floor":30,"turns":4},{"damage":15,"enemies":"Snake Plant","floor":31,"turns":5},{"damage":0,"enemies":"Automaton","floor":33,"turns":12},{"damage":1,"enemies":"Orb Walker","floor":35,"turns":3},{"damage":32,"enemies":"2 Orb Walkers","floor":37,"turns":6},{"damage":0,"enemies":"3 Darklings","floor":39,"turns":5},{"damage":0,"enemies":"Nemesis","floor":41,"turns":5},{"damage":0,"enemies":"Writhing Mass","floor":42,"turns":7},{"damage":0,"enemies":"Spire Growth","floor":45,"turns":4},{"damage":0,"enemies":"Reptomancer","floor":46,"turns":5},{"damage":2,"enemies":"Maw","floor":48,"turns":6},{"damage":6,"enemies":"Donu and Deca","floor":50,"turns":8}],"seed_played":"-2974286174821627219","potions_obtained":[{"floor":6,"key":"SteroidPotion"},{"floor":7,"key":"Fire Potion"},{"floor":10,"key":"Fire Potion"},{"floor":13,"key":"DistilledChaos"},{"floor":14,"key":"SkillPotion"},{"floor":18,"key":"Swift Potion"},{"floor":23,"key":"LiquidBronze"},{"floor":25,"key":"SkillPotion"},{"floor":33,"key":"SneckoOil"},{"floor":35,"key":"Weak Potion"},{"floor":37,"key":"Dexterity Potion"}],"is_trial":false,"path_per_floor":["M","?","?","M","$","E","M","E","T","M","R","E","M","M","R","B",null,"M","?","M","?","T","E","R","E","T","$","?","R","E","M","R","B",null,"M","?","?","T","M","R","E","M","T","?","M","E","$","M","R","B",null],"character_chosen":"THE_SILENT","items_purchased":["After Image","Accuracy","Kunai","Acrobatics","Footwork","Master of Strategy+1","Dodge and Roll+1"],"campfire_rested":2,"item_purchase_floors":[5,27,27,27,47,47,47],"current_hp_per_floor":[77,66,66,57,57,40,38,30,30,24,24,24,20,18,18,29,77,64,43,41,41,41,17,40,7,7,7,7,30,42,39,39,64,77,76,76,45,45,45,45,45,45,45,45,45,45,45,43,43,67],"gold":111,"neow_bonus":"TEN_PERCENT_HP_BONUS","is_daily":false,"chose_seed":false,"campfire_upgraded":5,"win_rate":0.0,"timestamp":1613967458,"path_taken":["M","?","?","M","?","E","M","E","T","M","R","E","M","?","R","BOSS","M","?","M","?","?","E","R","E","T","$","?","R","E","M","R","BOSS","M","?","?","?","?","R","E","M","T","?","M","E","$","M","R","BOSS"],"items_purchased_type":["Card","Card","Relic","Card","Card","Card","Card"],"build_version":"2020-12-22","purchased_purges":1,"victory":true,"max_hp_per_floor":[77,77,77,77,77,77,77,77,77,77,77,77,77,77,77,77,77,77,77,77,77,77,77,77,77,77,77,77,77,77,77,77,77,77,77,77,77,77,77,77,77,77,77,74,74,74,74,74,74,74],"card_choices":[{"not_picked":["PiercingWail","Dagger Throw"],"picked":"Sucker Punch","floor":1},{"not_picked":["Riddle With Holes","PiercingWail"],"picked":"Blade Dance","floor":4},{"not_picked":["Predator","Masterful Stab"],"picked":"Footwork","floor":6},{"not_picked":["Reflex","Dagger Spray"],"picked":"Backflip","floor":7},{"not_picked":["Reflex","Tools of the Trade"],"picked":"Bouncing Flask","floor":8},{"not_picked":["Deflect","Prepared"],"picked":"Blade Dance","floor":10},{"not_picked":["Underhanded Strike","Deflect","Dagger Throw"],"picked":"SKIP","floor":12},{"not_picked":["Poisoned Stab","Tactician","Catalyst"],"picked":"SKIP","floor":13},{"not_picked":["Outmaneuver","Dagger Spray"],"picked":"Escape Plan","floor":14},{"not_picked":["Wraith Form v2","Storm of Steel"],"picked":"Doppelganger","floor":16},{"not_picked":["Deadly Poison+1","Calculated Gamble"],"picked":"Backstab+1","floor":18},{"not_picked":["Underhanded Strike","Dagger Throw+1"],"picked":"Dodge and Roll","floor":19},{"not_picked":["Slice+1","Dodge and Roll"],"picked":"Terror","floor":20},{"not_picked":["Poisoned Stab","Skewer"],"picked":"Backflip","floor":23},{"not_picked":["Backflip","Tactician+1"],"picked":"Footwork","floor":25},{"not_picked":["Choke","Dagger Throw","Outmaneuver"],"picked":"SKIP","floor":30},{"not_picked":["Flying Knee","Dodge and Roll"],"picked":"Cloak And Dagger","floor":31},{"not_picked":["Storm of Steel","Doppelganger"],"picked":"Burst","floor":33},{"not_picked":["Bane+1","Choke","Caltrops"],"picked":"SKIP","floor":35},{"not_picked":["Chrysalis","Metamorphosis"],"picked":"Apotheosis","floor":36},{"not_picked":["Dodge and Roll+1","Sucker Punch+1"],"picked":"Blade Dance+1","floor":37},{"not_picked":["Reflex","Endless Agony"],"picked":"Infinite Blades","floor":39},{"not_picked":["Flying Knee+1","Reflex","All Out Attack"],"picked":"SKIP","floor":41},{"not_picked":["All Out Attack+1","Finisher+1"],"picked":"Escape Plan+1","floor":42},{"not_picked":["Backflip+1","Skewer"],"picked":"Noxious Fumes+1","floor":45},{"not_picked":["Predator+1","Bane"],"picked":"Calculated Gamble+1","floor":46},{"not_picked":["Storm of Steel+1","Deadly Poison+1"],"picked":"Prepared+1","floor":48}],"player_experience":24672,"relics_obtained":[{"floor":6,"key":"Orichalcum"},{"floor":8,"key":"Pantograph"},{"floor":9,"key":"War Paint"},{"floor":12,"key":"Tiny Chest"},{"floor":19,"key":"Red Mask"},{"floor":22,"key":"Matryoshka"},{"floor":23,"key":"Lantern"},{"floor":25,"key":"Meat on the Bone"},{"floor":26,"key":"HornCleat"},{"floor":26,"key":"Sundial"},{"floor":30,"key":"Toy Ornithopter"},{"floor":37,"key":"Tingsha"},{"floor":38,"key":"Dream Catcher"},{"floor":38,"key":"Vajra"},{"floor":41,"key":"Letter Opener"},{"floor":43,"key":"Omamori"},{"floor":46,"key":"Toxic Egg 2"}],"event_choices":[{"damage_healed":0,"gold_gain":75,"player_choice":"Gather Gold","damage_taken":11,"max_hp_gain":0,"max_hp_loss":0,"event_name":"World of Goop","floor":2,"gold_loss":0},{"cards_removed":["Defend_G"],"damage_healed":0,"gold_gain":0,"player_choice":"Card Removal","damage_taken":0,"max_hp_gain":0,"max_hp_loss":0,"event_name":"The Cleric","floor":3,"gold_loss":50},{"damage_healed":0,"gold_gain":0,"player_choice":"Fought Bandits","damage_taken":0,"max_hp_gain":0,"max_hp_loss":0,"event_name":"Masked Bandits","floor":19,"gold_loss":0},{"cards_removed":["Strike_G"],"damage_healed":0,"gold_gain":0,"player_choice":"Purged","damage_taken":0,"max_hp_gain":0,"max_hp_loss":0,"event_name":"Purifier","floor":21,"gold_loss":0},{"damage_healed":0,"gold_gain":99,"player_choice":"Stole From Cult","damage_taken":0,"max_hp_gain":0,"max_hp_loss":0,"event_name":"Nest","floor":28,"gold_loss":0},{"damage_healed":0,"gold_gain":0,"player_choice":"Memory 1","damage_taken":0,"max_hp_gain":0,"max_hp_loss":0,"event_name":"SensoryStone","floor":36,"gold_loss":0},{"damage_healed":0,"gold_gain":0,"player_choice":"Fight","damage_taken":0,"max_hp_gain":0,"max_hp_loss":0,"event_name":"Mysterious Sphere","floor":37,"gold_loss":0},{"cards_removed":["Parasite"],"damage_healed":0,"gold_gain":0,"player_choice":"Removed Curses","damage_taken":0,"max_hp_gain":0,"max_hp_loss":0,"event_name":"Fountain of Cleansing","floor":44,"gold_loss":0}],"is_beta":false,"boss_relics":[{"not_picked":["Philosopher\u0027s Stone","Coffee Dripper"],"picked":"HoveringKite"},{"not_picked":["Tiny House","Busted Crown"],"picked":"SlaversCollar"}],"items_purged_floors":[47],"is_endless":false,"potions_floor_spawned":[6,7,10,13,14,18,23,25,33,35,37],"ascension_level":3}}