{"host":"wbn3xdfsa5pc2kse","time":1613997862,"event":{"mods":["AchievementEnabler","BaseMod","Bestiary","Colored Map","Colored Powertips","Curses Come First","Highlight Path","Minty Spire (QoL Compilation)","Permanent Neow","Rare Cards Sparkle","Relic Stats","StSLib"],"gold_per_floor":[118,133,146,146,158,158,158,158],"floor_reached":7,"language":"ZHT","playtime":226,"items_purged":[],"score":86,"play_id":"d5100f16-fa6f-416a-b215-684d9dea6d14","local_time":"20210222204422","is_ascension_mode":true,"campfire_choices":[{"data":"CrushJoints","floor":6,"key":"SMITH"}],"circlet_count":0,"master_deck":["AscendersBane","Strike_P+1","Strike_P+1","Strike_P","Defend_P","Defend_P","Defend_P","Defend_P","Eruption","Vigilance","CrushJoints+1","ClearTheMind","Wireheading","Weave"],"relics":["PureWater","Whetstone"],"acts_visited":["Exordium"],"potions_floor_usage":[3,5],"damage_taken":[{"damage":4,"enemies":"2 Louse","floor":1,"turns":2},{"damage":0,"enemies":"Cultist","floor":2,"turns":2},{"damage":7,"enemies":"Jaw Worm","floor":3,"turns":2},{"damage":21,"enemies":"Lots of Slimes","floor":5,"turns":5},{"damage":24,"enemies":"3 Sentries","floor":7,"turns":7}],"seed_played":"7469701252081479485","potions_obtained":[{"floor":2,"key":"ColorlessPotion"},{"floor":3,"key":"Fruit Juice"}],"is_trial":false,"path_per_floor":["M","M","M","?","M","R","E"],"character_chosen":"WATCHER","items_purchased":[],"campfire_rested":0,"item_purchase_floors":[],"current_hp_per_floor":[57,57,55,55,34,34,10,10],"gold":158,"neow_bonus":"RANDOM_COMMON_RELIC","is_daily":false,"chose_seed":false,"campfire_upgraded":1,"win_rate":0.0,"timestamp":1613997862,"path_taken":["M","M","M","?","?","R","E"],"items_purchased_type":[],"build_version":"2020-12-22","purchased_purges":0,"victory":false,"max_hp_per_floor":[68,68,73,73,73,73,73,73],"relic_stats":{"counters":[5,18],"Whetstone":["Strike_P","Strike_P"],"obtain_stats":[{"Whetstone":0,"PureWater":0},{"Whetstone":0,"PureWater":0},{"Whetstone":0,"PureWater":0}]},"card_choices":[{"not_picked":["Evaluate","EmptyFist"],"picked":"CrushJoints","floor":1},{"not_picked":["JustLucky","PathToVictory"],"picked":"ClearTheMind","floor":2},{"not_picked":["Meditate","CrushJoints"],"picked":"Wireheading","floor":3},{"not_picked":["Wireheading","JustLucky"],"picked":"Weave","floor":5}],"player_experience":855033,"relics_obtained":[],"event_choices":[{"cards_removed":["Strike_P"],"damage_healed":0,"gold_gain":0,"player_choice":"Purged","damage_taken":0,"max_hp_gain":0,"max_hp_loss":0,"event_name":"Purifier","floor":4,"gold_loss":0}],"is_beta":false,"boss_relics":[],"items_purged_floors":[],"is_endless":false,"potions_floor_spawned":[2,3],"killed_by":"3 Sentries","ascension_level":20}}