{"host":"DoctorCaw","time":1613968985,"event":{"mods":["BaseMod","Colored Map","Minty Spire (QoL Compilation)","Relic Stats","StSLib"],"gold_per_floor":[11,30,30,46,56,56,88,104,104,29,52,72,72,97,97,171,171,191,39,59,59,71,99,114,129,129,129,96,125,125,141,141,212,212,224,224,234,253,6,41,41,57,57,68,82,108,122,138,138,138,138,138,13,13,13],"floor_reached":54,"language":"ENG","playtime":16254,"items_purged":["Strike_B","Decay","Strike_B"],"score":1398,"play_id":"2007ffaa-a69b-4183-8a2f-9d2b85fb9277","local_time":"20210221234305","is_ascension_mode":true,"campfire_choices":[{"data":"Dualcast","floor":6,"key":"SMITH"},{"floor":13,"key":"REST"},{"data":"Defragment","floor":15,"key":"SMITH"},{"floor":27,"key":"REST"},{"floor":32,"key":"REST"},{"floor":41,"key":"RECALL"},{"floor":49,"key":"REST"},{"floor":52,"key":"REST"}],"circlet_count":0,"master_deck":["AscendersBane","Strike_B","Strike_B","Defend_B","Defend_B","Defend_B","Defend_B","Zap+1","Dualcast+1","Machine Learning","Glacier","Compile Driver","Cold Snap","Doom and Gloom","Compile Driver","Defragment+1","Steam","Creative AI","Echo Form","Double Energy+1","Sunder+1","BootSequence","Conserve Battery","Coolheaded","Capacitor","Core Surge","Coolheaded","Meteor Strike","Conserve Battery","Storm+1","Hologram+1","Defragment+1","Coolheaded","Coolheaded+1","Force Field","Heatsinks+1","Steam"],"relics":["Cracked Core","Nunchaku","Mercury Hourglass","Odd Mushroom","Regal Pillow","Fusion Hammer","Incense Burner","MealTicket","Ornamental Fan","Runic Pyramid","DollysMirror","Frozen Egg 2","Toy Ornithopter"],"acts_visited":["TheCity","TheBeyond","TheEnding"],"potions_floor_usage":[7,7,16,22,23,29,46,47],"damage_taken":[{"damage":9,"enemies":"Small Slimes","floor":1,"turns":4},{"damage":0,"enemies":"Cultist","floor":2,"turns":5},{"damage":6,"enemies":"2 Louse","floor":4,"turns":2},{"damage":2,"enemies":"Large Slime","floor":5,"turns":6},{"damage":14,"enemies":"Gremlin Nob","floor":7,"turns":5},{"damage":7,"enemies":"3 Louse","floor":8,"turns":3},{"damage":15,"enemies":"The Mushroom Lair","floor":11,"turns":3},{"damage":0,"enemies":"Exordium Thugs","floor":12,"turns":3},{"damage":1,"enemies":"Hexaghost","floor":16,"turns":8},{"damage":14,"enemies":"Shell Parasite","floor":18,"turns":6},{"damage":2,"enemies":"Spheric Guardian","floor":20,"turns":3},{"damage":15,"enemies":"3 Cultists","floor":22,"turns":5},{"damage":12,"enemies":"Gremlin Leader","floor":23,"turns":7},{"damage":2,"enemies":"Chosen and Byrds","floor":24,"turns":10},{"damage":0,"enemies":"Snecko","floor":25,"turns":3},{"damage":27,"enemies":"Slavers","floor":29,"turns":4},{"damage":3,"enemies":"Centurion and Healer","floor":31,"turns":11},{"damage":3,"enemies":"Collector","floor":33,"turns":10},{"damage":0,"enemies":"3 Shapes","floor":35,"turns":5},{"damage":8,"enemies":"Orb Walker","floor":37,"turns":4},{"damage":4,"enemies":"4 Shapes","floor":38,"turns":5},{"damage":0,"enemies":"Giant Head","floor":40,"turns":9},{"damage":6,"enemies":"Transient","floor":42,"turns":5},{"damage":31,"enemies":"Sphere and 2 Shapes","floor":44,"turns":4},{"damage":1,"enemies":"Jaw Worm Horde","floor":45,"turns":6},{"damage":0,"enemies":"Reptomancer","floor":46,"turns":6},{"damage":1,"enemies":"Spire Growth","floor":47,"turns":5},{"damage":0,"enemies":"Writhing Mass","floor":48,"turns":6},{"damage":17,"enemies":"Awakened One","floor":50,"turns":24},{"damage":81,"enemies":"Shield and Spear","floor":54,"turns":5}],"seed_played":"1784716120279946814","potions_obtained":[{"floor":4,"key":"BlessingOfTheForge"},{"floor":5,"key":"EntropicBrew"},{"floor":7,"key":"FocusPotion"},{"floor":16,"key":"Dexterity Potion"},{"floor":22,"key":"Weak Potion"},{"floor":25,"key":"BlessingOfTheForge"},{"floor":29,"key":"Weak Potion"},{"floor":45,"key":"PotionOfCapacity"},{"floor":46,"key":"LiquidBronze"}],"is_trial":false,"path_per_floor":["M","M","?","M","M","R","E","M","T","$","?","M","R","T","R","B",null,"M","$","M","?","M","E","M","M","T","R","$","E","?","M","R","B",null,"M","?","M","M","$","E","R","M","T","M","M","E","M","M","R","B",null,"R","$","E"],"character_chosen":"DEFECT","items_purchased":["Echo Form","Capacitor","DollysMirror"],"campfire_rested":5,"item_purchase_floors":[19,28,39],"current_hp_per_floor":[55,55,55,49,47,47,33,26,26,26,11,11,32,32,32,31,61,47,47,45,45,30,18,16,16,16,52,67,40,34,31,67,64,69,69,69,61,57,71,71,71,65,65,34,33,33,37,37,71,54,67,71,71,0,0],"gold":13,"neow_bonus":"THREE_RARE_CARDS","is_daily":false,"chose_seed":false,"campfire_upgraded":2,"win_rate":0.0,"timestamp":1613968985,"path_taken":["M","M","?","M","M","R","E","M","T","?","?","M","R","?","R","BOSS","M","$","M","?","M","E","M","M","T","R","$","E","?","?","R","BOSS","M","?","M","?","?","E","R","M","T","M","M","E","M","M","R","BOSS","R","$","E"],"items_purchased_type":["Card","Card","Relic"],"build_version":"2020-12-18","purchased_purges":3,"victory":false,"max_hp_per_floor":[71,71,71,71,71,71,71,71,71,71,71,71,71,71,71,71,71,71,71,71,71,71,71,71,71,71,71,71,71,71,71,71,71,71,71,71,71,71,71,71,71,71,71,71,71,71,71,71,71,71,71,71,71,71,71],"relic_stats":{"Nunchaku":[19],"Regal Pillow":43,"counters":[30,181],"Ornamental Fan":[76],"MealTicket":29,"obtain_stats":[{"Regal Pillow":14,"Incense Burner":23,"Odd Mushroom":11,"Frozen Egg 2":40,"Mercury Hourglass":9,"Nunchaku":7,"Ornamental Fan":29,"DollysMirror":39,"MealTicket":26,"Fusion Hammer":17,"Cracked Core":0,"Toy Ornithopter":46,"Runic Pyramid":34},{"Regal Pillow":8,"Incense Burner":13,"Odd Mushroom":7,"Frozen Egg 2":22,"Mercury Hourglass":6,"Nunchaku":5,"Ornamental Fan":16,"DollysMirror":21,"MealTicket":15,"Fusion Hammer":9,"Cracked Core":0,"Toy Ornithopter":26,"Runic Pyramid":18},{"Regal Pillow":31,"Incense Burner":60,"Odd Mushroom":28,"Frozen Egg 2":121,"Mercury Hourglass":25,"Nunchaku":22,"Ornamental Fan":77,"DollysMirror":112,"MealTicket":73,"Fusion Hammer":39,"Cracked Core":0,"Toy Ornithopter":142,"Runic Pyramid":98}],"Toy Ornithopter":5,"Mercury Hourglass":[645]},"card_choices":[{"not_picked":["Amplify","Multi-Cast"],"picked":"Machine Learning","floor":0},{"not_picked":["Redo","Coolheaded"],"picked":"Glacier","floor":1},{"not_picked":["Darkness","Gash"],"picked":"Compile Driver","floor":2},{"not_picked":["Rebound","Auto Shields","Steam Power"],"picked":"SKIP","floor":4},{"not_picked":["Leap","Glacier"],"picked":"Cold Snap","floor":5},{"not_picked":["Cold Snap","Glacier"],"picked":"Doom and Gloom","floor":7},{"not_picked":["Cold Snap","Hello World"],"picked":"Compile Driver","floor":8},{"not_picked":["Streamline","Conserve Battery"],"picked":"Defragment","floor":11},{"not_picked":["Reprogram","Ball Lightning"],"picked":"Steam","floor":12},{"not_picked":["Multi-Cast","Hyperbeam"],"picked":"Creative AI","floor":16},{"not_picked":["Beam Cell","Streamline","Gash"],"picked":"SKIP","floor":18},{"not_picked":["Stack","Conserve Battery"],"picked":"Double Energy+1","floor":20},{"not_picked":["Go for the Eyes","Reprogram"],"picked":"Sunder+1","floor":22},{"not_picked":["Gash","Rebound"],"picked":"BootSequence","floor":23},{"not_picked":["Streamline","Thunder Strike"],"picked":"Conserve Battery","floor":24},{"not_picked":["Reprogram","Compile Driver"],"picked":"Coolheaded","floor":25},{"not_picked":["Lockon","Double Energy"],"picked":"Core Surge","floor":29},{"not_picked":["Cold Snap","Blizzard"],"picked":"Coolheaded","floor":31},{"not_picked":["Thunder Strike","Rainbow"],"picked":"Meteor Strike","floor":33},{"not_picked":["Steam Power","Stack"],"picked":"Conserve Battery","floor":35},{"not_picked":["Sweeping Beam","Coolheaded"],"picked":"Storm+1","floor":37},{"not_picked":["Conserve Battery","Gash+1"],"picked":"Hologram+1","floor":38},{"not_picked":["Go for the Eyes","Compile Driver+1","White Noise+1"],"picked":"SKIP","floor":40},{"not_picked":["Reinforced Body","Heatsinks+1"],"picked":"Coolheaded","floor":42},{"not_picked":["Auto Shields","Compile Driver"],"picked":"Coolheaded+1","floor":44},{"not_picked":["Cold Snap","Beam Cell+1"],"picked":"Force Field","floor":45},{"not_picked":["Gash","Conserve Battery","Core Surge"],"picked":"SKIP","floor":46},{"not_picked":["Compile Driver","Chaos"],"picked":"Heatsinks+1","floor":47},{"not_picked":["Streamline","Consume"],"picked":"Steam","floor":48}],"player_experience":780698,"relics_obtained":[{"floor":7,"key":"Nunchaku"},{"floor":9,"key":"Mercury Hourglass"},{"floor":11,"key":"Odd Mushroom"},{"floor":14,"key":"Regal Pillow"},{"floor":23,"key":"Incense Burner"},{"floor":26,"key":"MealTicket"},{"floor":29,"key":"Ornamental Fan"},{"floor":40,"key":"Frozen Egg 2"},{"floor":46,"key":"Toy Ornithopter"}],"event_choices":[{"damage_healed":0,"gold_gain":0,"player_choice":"Forge","damage_taken":0,"max_hp_gain":0,"max_hp_loss":0,"event_name":"Accursed Blacksmith","floor":3,"gold_loss":0,"cards_upgraded":["Zap"]},{"damage_healed":0,"gold_gain":0,"player_choice":"Fought Mushrooms","damage_taken":0,"max_hp_gain":0,"max_hp_loss":0,"event_name":"Mushrooms","floor":11,"gold_loss":0},{"damage_healed":0,"gold_gain":0,"player_choice":"Smashed Altar","damage_taken":0,"max_hp_gain":0,"max_hp_loss":0,"event_name":"Forgotten Altar","floor":21,"gold_loss":0,"cards_obtained":["Decay"]},{"damage_healed":0,"gold_gain":0,"player_choice":"","damage_taken":6,"max_hp_gain":0,"max_hp_loss":0,"event_name":"Knowing Skull","floor":30,"potions_obtained":[],"gold_loss":0,"cards_obtained":[]},{"damage_healed":0,"gold_gain":0,"player_choice":"0 cards matched","damage_taken":0,"max_hp_gain":0,"max_hp_loss":0,"event_name":"Match and Keep!","floor":36,"gold_loss":0,"cards_obtained":[]}],"is_beta":true,"boss_relics":[{"not_picked":["Coffee Dripper","Black Star"],"picked":"Fusion Hammer"},{"not_picked":["Velvet Choker","Philosopher\u0027s Stone"],"picked":"Runic Pyramid"}],"items_purged_floors":[10,39,53],"is_endless":false,"potions_floor_spawned":[4,5,7,12,16,20,22,25,29,38,45,46],"killed_by":"Shield and Spear","ascension_level":15}}