{"host":"h5acbxt0wmjo1kpm","time":1613976031,"event":{"mods":["2.2 Compatiblity","Act Like it!","AlwaysNeverKeys","Aspiration","Bard","Bartender","BaseMod","Better Third Choice","Colored Map","Elementarium","Gensokyo","GifTheSpireLib","Hallownest","Marisa????????","Menagerie","Minty Spire (QoL Compilation)","Permanent Neow","Potionbrewer","Quick Restart","Relic Filter","Reliquary","Replay The Spire","Robot Space Explorer","Ruina","RumiaBox-????????","Shade Mod","Shapeshifter Mod","Spicy Shops","StSLib","Strawberry Spire","The Blackbeard","The Dragon Tamer","The Gatherer","The Hayseed","The Problem Sleuth","The Servant 0.9.4","Wandering Minibosses","Wide Potions"],"gold_per_floor":[117,117,117,117,133,133,161,7,31,31,61,106,133,162,162,254,254,286,34,34,34,34],"floor_reached":20,"language":"ENG","playtime":835,"items_purged":[],"score":315,"play_id":"a33b62ff-71ea-4b59-b360-80c8f9168f0f","local_time":"20210221224031","is_ascension_mode":true,"campfire_choices":[{"data":"Beam Cell","floor":6,"key":"SMITH"},{"floor":10,"key":"REST"},{"floor":15,"key":"REST"}],"circlet_count":0,"master_deck":["AscendersBane","blackbeard:BlackbeardStrike+1","blackbeard:BlackbeardStrike","blackbeard:BlackbeardStrike","blackbeard:IntimidatingStrike","blackbeard:BlackbeardDefend","blackbeard:BlackbeardDefend","blackbeard:BlackbeardDefend","blackbeard:BlackbeardDefend","blackbeard:Cutlass","blackbeard:ChaoticDefense+1","Beam Cell+1","blackbeard:PowderKeg","blackbeard:Shrapnel","blackbeard:CloakAndCannonball","blackbeard:GoldenCannonball","Biased Cognition+1","blackbeard:RearmingStrike"],"relics":["blackbeard:LoadTheCannons","aspiration:Nostalgia","m_MusicBox","Frozen Egg 2","TheSimpletonMod:GardenGlove","blackbeard:TreasureChest","Akabeko","reliquary:Vitrine","Art of War","potionbrewer:BhaskarasWheel","Quantum Egg"],"acts_visited":["Exordium","Hallownest:CityofTears"],"potions_floor_usage":[7,7,16,18],"damage_taken":[{"damage":7,"enemies":"Jaw Worm","floor":1,"turns":3},{"damage":4,"enemies":"Small Slimes","floor":5,"turns":4},{"damage":19,"enemies":"3 Sentries","floor":7,"turns":9},{"damage":0,"enemies":"2 Louse","floor":11,"turns":1},{"damage":18,"enemies":"Gremlin Nob","floor":12,"turns":4},{"damage":0,"enemies":"Lots of Slimes","floor":14,"turns":1},{"damage":26,"enemies":"Fading Forest","floor":16,"turns":11},{"damage":8,"enemies":"Hallownest:Guard_and_Sentry","floor":18,"turns":4},{"damage":22,"enemies":"Hallownest:2_Mistakes","floor":20,"turns":2}],"seed_played":"-255576311122488316","potions_obtained":[{"floor":1,"key":"PowerPotion"},{"floor":5,"key":"Dexterity Potion"},{"floor":14,"key":"potionbrewer:NoxiousPotion"},{"floor":16,"key":"Energy Potion"}],"is_trial":false,"path_per_floor":["M","?","?","?","M","R","E","$","T","R","M","E","T","M","R_BF","B",null,"M","$","M"],"character_chosen":"BLACKBEARD_CLASS","items_purchased":["blackbeard:TreasureChest","Quantum Egg"],"campfire_rested":2,"item_purchase_floors":[8,19],"current_hp_per_floor":[57,57,36,36,32,32,13,13,13,34,34,16,16,16,37,19,58,50,50,28,28,28],"gold":34,"neow_bonus":"NOSTALGIA","is_daily":false,"chose_seed":false,"campfire_upgraded":1,"win_rate":0.0,"timestamp":1613976031,"path_taken":["M","?","?","?","?","R","E","?","T","R","M","E","?","M","R_BF","BOSS","M","$","M"],"items_purchased_type":["Relic","Relic"],"build_version":"2020-12-22","purchased_purges":0,"victory":false,"max_hp_per_floor":[71,71,71,71,71,71,71,71,71,71,71,71,71,71,71,71,71,71,71,71,71,71],"card_choices":[{"not_picked":["blackbeard:Boarding","blackbeard:TacticalRetreat"],"picked":"blackbeard:ChaoticDefense","floor":1},{"not_picked":["blackbeard:DeadlyArsenal","blackbeard:BuriedTreasure"],"picked":"Beam Cell","floor":5},{"not_picked":["blackbeard:Upgrade","blackbeard:Recklessness"],"picked":"blackbeard:PowderKeg","floor":7},{"not_picked":["blackbeard:Eyepatch+1","blackbeard:BeatUp"],"picked":"blackbeard:Shrapnel","floor":11},{"not_picked":["blackbeard:Toast","blackbeard:Fencing"],"picked":"blackbeard:CloakAndCannonball","floor":12},{"not_picked":["blackbeard:CloakAndCannonball","blackbeard:DoubleCannonball"],"picked":"blackbeard:GoldenCannonball","floor":14},{"not_picked":["blackbeard:BountyHunter","ReplayRNGCard"],"picked":"Biased Cognition+1","floor":16},{"not_picked":["blackbeard:Dagger","blackbeard:BeatUp"],"picked":"blackbeard:RearmingStrike","floor":18}],"player_experience":2307955,"relics_obtained":[{"floor":7,"key":"TheSimpletonMod:GardenGlove"},{"floor":9,"key":"Akabeko"},{"floor":12,"key":"reliquary:Vitrine"},{"floor":13,"key":"Art of War"}],"event_choices":[{"damage_healed":57,"gold_gain":0,"player_choice":"Upgrade","damage_taken":21,"max_hp_gain":0,"max_hp_loss":71,"event_name":"betterThird:BetterShining","floor":3,"gold_loss":0,"cards_upgraded":["blackbeard:ChaoticDefense","blackbeard:BlackbeardStrike"]},{"cards_removed":["Injury"],"damage_healed":0,"gold_gain":0,"player_choice":"Purged","damage_taken":0,"max_hp_gain":0,"max_hp_loss":0,"event_name":"Purifier","floor":4,"gold_loss":0}],"is_beta":false,"boss_relics":[{"not_picked":["AddBug","strawberrySpire:JuiceKeg"],"picked":"potionbrewer:BhaskarasWheel"}],"items_purged_floors":[],"is_endless":false,"potions_floor_spawned":[1,5,14,16],"killed_by":"Hallownest:2_Mistakes","ascension_level":15}}