{"host":"tf5skwcwe0vlu2md","time":1613991478,"event":{"mods":["BaseMod","Downfall","Highlight Path","Minty Spire (QoL Compilation)","Quick Restart","StSLib","The Hierophant"],"gold_per_floor":[111,111,129,141,155,187,203,236,236,25,58,70,104,116,116,219,219,239,113,113,128,142,176,176,201,201,201,234,234,83,93,93,197,197,209,169,181,181,181],"floor_reached":38,"playtime":4170,"items_purged":["Defend_B","Strike_B"],"score":593,"play_id":"47bcccef-49ad-4373-9581-82a546461a14","local_time":"20210222215757","is_ascension_mode":true,"campfire_choices":[{"floor":15,"key":"REST"},{"data":"Double Energy","floor":24,"key":"SMITH"},{"data":"Chaos","floor":27,"key":"SMITH"},{"data":"Capacitor","floor":29,"key":"SMITH"},{"floor":32,"key":"REST"}],"circlet_count":0,"master_deck":["Strike_B+1","Strike_B","Strike_B","Defend_B","Defend_B","Defend_B","Zap+1","Dualcast","Ball Lightning+1","Chill","Compile Driver+1","Skim","Chill","Darkness","Capacitor+1","Echo Form","Consume+1","Chaos+1","Turbo","Coolheaded","Rainbow","Redo","Hologram","Turbo+1","Double Energy+1","Self Repair","Seek","Stack","Doom and Gloom+1"],"relics":["Cracked Core","Potion Belt","Ornamental Fan","Sundial","Matryoshka","HornCleat","Black Star","Centennial Puzzle","Lizard Tail","Whetstone","Pen Nib","Question Card","Vajra","Ancient Tea Set","Nuclear Battery"],"acts_visited":["Exordium","TheCity","TheBeyond"],"potions_floor_usage":[11,22,23,25,25,28,38,38],"damage_taken":[{"damage":7,"enemies":"Jaw Worm","floor":1,"turns":3},{"damage":1,"enemies":"Cultist","floor":3,"turns":3},{"damage":0,"enemies":"Small Slimes","floor":4,"turns":2},{"damage":5,"enemies":"Gremlin Gang","floor":5,"turns":4},{"damage":24,"enemies":"Lagavulin","floor":6,"turns":5},{"damage":0,"enemies":"3 Louse","floor":7,"turns":2},{"damage":0,"enemies":"Gremlin Nob","floor":8,"turns":3},{"damage":6,"enemies":"3 Sentries","floor":11,"turns":5},{"damage":15,"enemies":"Looter","floor":12,"turns":3},{"damage":0,"enemies":"Lagavulin","floor":13,"turns":4},{"damage":6,"enemies":"2 Fungi Beasts","floor":14,"turns":4},{"damage":15,"enemies":"Hexaghost","floor":16,"turns":8},{"damage":10,"enemies":"Spheric Guardian","floor":18,"turns":5},{"damage":24,"enemies":"Chosen","floor":21,"turns":6},{"damage":0,"enemies":"3 Cultists","floor":22,"turns":6},{"damage":7,"enemies":"Gremlin Leader","floor":23,"turns":8},{"damage":6,"enemies":"Book of Stabbing","floor":25,"turns":5},{"damage":34,"enemies":"Gremlin Leader","floor":28,"turns":8},{"damage":17,"enemies":"Snake Plant","floor":31,"turns":3},{"damage":36,"enemies":"Champ","floor":33,"turns":12},{"damage":36,"enemies":"3 Darklings","floor":35,"turns":6},{"damage":8,"enemies":"3 Shapes","floor":37,"turns":6},{"damage":58,"enemies":"2 Orb Walkers","floor":38,"turns":4}],"seed_played":"-8044023894179301281","potions_obtained":[{"floor":1,"key":"SneckoOil"},{"floor":4,"key":"SpeedPotion"},{"floor":5,"key":"FairyPotion"},{"floor":11,"key":"FearPotion"},{"floor":12,"key":"SkillPotion"},{"floor":21,"key":"Swift Potion"},{"floor":23,"key":"Block Potion"},{"floor":25,"key":"ColorlessPotion"},{"floor":31,"key":"FearPotion"}],"is_trial":false,"path_per_floor":["M","?","M","M","M","E","M","E","T","$","E","M","E","M","R","B",null,"M","$","?","M","M","E","R","E","T","R","E","R","$","M","R","B",null,"M","?","M","?"],"character_chosen":"DEFECT","items_purchased":["Echo Form","Hologram","Self Repair","LiquidMemories"],"campfire_rested":2,"item_purchase_floors":[10,19,30,30],"current_hp_per_floor":[68,68,67,67,62,38,38,38,38,38,32,17,17,11,33,18,75,65,65,65,41,41,34,34,28,28,28,22,22,22,12,34,44,75,46,46,45,0,0],"gold":181,"neow_bonus":"UPGRADE_CARD","is_daily":false,"chose_seed":false,"campfire_upgraded":3,"win_rate":0.0,"timestamp":1613991477,"path_taken":["M","?","M","M","M","E","M","E","T","$","E","M","E","M","R","BOSS","M","$","?","M","?","E","R","E","T","R","E","R","$","M","R","BOSS","M","?","?","?"],"items_purchased_type":["Card","Card","Card","Potion"],"build_version":"2020-12-13","purchased_purges":2,"victory":false,"max_hp_per_floor":[75,75,75,75,75,75,75,75,75,75,75,75,75,75,75,75,75,75,75,75,75,75,75,75,75,75,75,75,75,75,75,75,75,75,75,75,75,75,75],"card_choices":[{"not_picked":["Barrage","Darkness"],"picked":"Ball Lightning","floor":1},{"not_picked":["Go for the Eyes","Sweeping Beam"],"picked":"Chill","floor":3},{"not_picked":["Undo","Conserve Battery"],"picked":"Compile Driver","floor":4},{"not_picked":["Force Field","Steam"],"picked":"Skim","floor":5},{"not_picked":["FTL","All For One"],"picked":"Chill","floor":6},{"not_picked":["Sweeping Beam","Aggregate"],"picked":"Darkness","floor":7},{"not_picked":["Redo","Sunder"],"picked":"Capacitor","floor":8},{"not_picked":["Blizzard","Streamline"],"picked":"Consume","floor":11},{"not_picked":["Genetic Algorithm","Gash"],"picked":"Chaos","floor":12},{"not_picked":["Streamline","Steam"],"picked":"Turbo","floor":13},{"not_picked":["Streamline","Tempest"],"picked":"Coolheaded","floor":14},{"not_picked":["Multi-Cast","Hyperbeam"],"picked":"Rainbow","floor":16},{"not_picked":["Coolheaded","Reprogram"],"picked":"Redo","floor":18},{"not_picked":["Sweeping Beam","Gash"],"picked":"Turbo","floor":21},{"not_picked":["Hologram","Recycle+1"],"picked":"Double Energy","floor":22},{"not_picked":["Double Energy","Capacitor","Barrage"],"picked":"SKIP","floor":23},{"not_picked":["Fusion","Turbo","Hologram"],"picked":"SKIP","floor":25},{"not_picked":["White Noise","Barrage+1","Beam Cell","Steam Power"],"picked":"SKIP","floor":28},{"not_picked":["Storm","Conserve Battery","Hello World","Genetic Algorithm+1"],"picked":"SKIP","floor":31},{"not_picked":["Electrodynamics","Amplify","Machine Learning"],"picked":"Seek","floor":33},{"not_picked":["Streamline","Leap+1","Go for the Eyes+1"],"picked":"Stack","floor":35},{"not_picked":["Storm","Glacier","Leap+1"],"picked":"Doom and Gloom+1","floor":37}],"player_experience":310139,"relics_obtained":[{"floor":6,"key":"Potion Belt"},{"floor":8,"key":"Ornamental Fan"},{"floor":9,"key":"Sundial"},{"floor":11,"key":"Matryoshka"},{"floor":13,"key":"HornCleat"},{"floor":23,"key":"Centennial Puzzle"},{"floor":23,"key":"Lizard Tail"},{"floor":25,"key":"Whetstone"},{"floor":25,"key":"Pen Nib"},{"floor":26,"key":"Question Card"},{"floor":28,"key":"Vajra"},{"floor":28,"key":"Ancient Tea Set"}],"event_choices":[{"damage_healed":0,"gold_gain":0,"player_choice":"Grow","damage_taken":0,"max_hp_gain":0,"max_hp_loss":0,"event_name":"Living Wall","floor":2,"gold_loss":0,"cards_upgraded":["Ball Lightning"]},{"damage_healed":0,"gold_gain":0,"player_choice":"Forge","damage_taken":0,"max_hp_gain":0,"max_hp_loss":0,"event_name":"Accursed Blacksmith","floor":20,"gold_loss":0,"cards_upgraded":["Consume"]},{"damage_healed":0,"gold_gain":0,"player_choice":"Upgrade","damage_taken":0,"max_hp_gain":0,"max_hp_loss":0,"event_name":"Designer","floor":36,"gold_loss":40,"cards_upgraded":["Turbo"]},{"damage_healed":0,"gold_gain":0,"player_choice":"Fight","damage_taken":0,"max_hp_gain":0,"max_hp_loss":0,"event_name":"Mysterious Sphere","floor":38,"gold_loss":0}],"is_beta":false,"boss_relics":[{"not_picked":["Coffee Dripper","Empty Cage"],"picked":"Black Star"},{"not_picked":["Fusion Hammer","Velvet Choker"],"picked":"Nuclear Battery"}],"items_purged_floors":[10,19],"is_endless":false,"potions_floor_spawned":[1,4,5,11,12,21,23,25,31],"killed_by":"2 Orb Walkers","ascension_level":3}}