{"host":"xp5rvh2jwe2ejyfm","time":1613957697,"event":{"mods":["2.2 Compatiblity","Aspiration","Bard","BaseMod","Beaked The Cultist","Better Altar","Better Match","Better Note","Better Sensory Stone","Better Skull","BetterRewards","Colored Powertips","Conspire","Downfall","GifTheSpireLib","Gremlin Mod","GungeonMod","Hermit","Hubris","Jorbs\u0027s Wanderer Trilogy","Mad Scientist","Minty Spire (QoL Compilation)","Potionbrewer","Quick Restart","Replay The Spire","Robot Space Explorer","Shade Mod","Somnambulant","StSLib","The Bug Knight","The Clintock","The Construct","The Cursed","The Disciple","The Forsaken","The Hierophant","The Marked","The Mystic","The Necromancer","The Runesmith","The Servant 0.9.4","The Valiant","The Witch","TheFirefly","TheVacant","thorton"],"gold_per_floor":[114,18,48,62,162,195,195,212,212,223,233,233,247,282,282,382,382,402,412,253,253,253],"floor_reached":21,"language":"ENG","playtime":875,"items_purged":[],"score":191,"play_id":"f41dc1f0-2056-40ea-836d-7363645339d0","local_time":"20210221203457","is_ascension_mode":false,"campfire_choices":[{"floor":7,"key":"RECALL"},{"floor":12,"key":"REST"},{"data":"MadScienceMod:Bayonet","floor":15,"key":"SMITH"}],"circlet_count":0,"master_deck":["MadScienceMod:Strike_MadScience","MadScienceMod:Strike_MadScience","MadScienceMod:Strike_MadScience","MadScienceMod:Strike_MadScience","MadScienceMod:Defend_MadScience","MadScienceMod:Defend_MadScience","MadScienceMod:Defend_MadScience","MadScienceMod:Defend_MadScience","MadScienceMod:PoweredStrike","MadScienceMod:HideBehindJunk","MadScienceMod:OilDrum","MadScienceMod:PowerArmor","MadScienceMod:Sprocket","MadScienceMod:GattlingGun","MadScienceMod:MinatureWeapons","MadScienceMod:MakeOrBreak","MadScienceMod:SelfDestruct","MadScienceMod:AcidSpray","MadScienceMod:AcidSpray","MadScienceMod:Bayonet+1","MadScienceMod:CondenseVapors","MadScienceMod:ClockworkAssistant","MadScienceMod:Bayonet","MadScienceMod:FlameCannon","MadScienceMod:ExploreOptions+1","MadScienceMod:MakeOrBreak+1"],"relics":["MadScienceMod:FuelTank","NeowsBlessing","DemoMod:ClearGuonStone","Vajra","Kunai","HollowMod:StagPassRelic","bronze:MakeshiftBattery"],"acts_visited":["Exordium","TheCity"],"potions_floor_usage":[6,14,16,16,19],"damage_taken":[{"damage":0,"enemies":"Jaw Worm","floor":1,"turns":1},{"damage":0,"enemies":"conspire:MimicChest","floor":3,"turns":1},{"damage":0,"enemies":"Small Slimes","floor":4,"turns":1},{"damage":9,"enemies":"3 Sentries","floor":6,"turns":13},{"damage":0,"enemies":"Cultist","floor":8,"turns":5},{"damage":4,"enemies":"Blue Slaver","floor":10,"turns":4},{"damage":8,"enemies":"2 Fungi Beasts","floor":11,"turns":2},{"damage":0,"enemies":"3 Louse","floor":13,"turns":1},{"damage":17,"enemies":"Lagavulin","floor":14,"turns":6},{"damage":45,"enemies":"The Guardian","floor":16,"turns":10},{"damage":44,"enemies":"2 Thieves","floor":18,"turns":4},{"damage":16,"enemies":"Shell Parasite","floor":19,"turns":5},{"damage":16,"enemies":"Sentry and Sphere","floor":21,"turns":5}],"seed_played":"-7951422973812200745","potions_obtained":[{"floor":1,"key":"Dexterity Potion"},{"floor":6,"key":"MadScienceMod:FuelPotion"},{"floor":11,"key":"FearPotion"},{"floor":13,"key":"Milkshake"},{"floor":14,"key":"sneckomod:MuddlingPotion"}],"is_trial":false,"path_per_floor":["M","$","?","M","?","E","R","M","T","M","M","R","M","E","R","B",null,"M","M","$","M"],"character_chosen":"MAD_SCIENTIST","items_purchased":["MadScienceMod:PowerArmor","MadScienceMod:Sprocket","MadScienceMod:ExploreOptions","MadScienceMod:MakeOrBreak"],"campfire_rested":1,"item_purchase_floors":[2,2,20,20],"current_hp_per_floor":[75,75,75,75,75,66,66,66,66,62,54,75,75,58,58,13,75,31,15,15,0,0],"gold":253,"neow_bonus":"THREE_ENEMY_KILL","is_daily":false,"chose_seed":false,"campfire_upgraded":1,"win_rate":0.0,"timestamp":1613957697,"path_taken":["M","$","?","M","?","E","R","M","T","M","?","R","M","E","R","BOSS","M","M","$","M"],"items_purchased_type":["Card","Card","Card","Card"],"build_version":"2020-12-22","purchased_purges":0,"victory":false,"max_hp_per_floor":[75,75,75,75,75,75,75,75,75,75,75,75,75,75,75,75,75,75,75,75,75,75],"card_choices":[{"not_picked":["MadScienceMod:Detonate","MadScienceMod:RadioactiveSword"],"picked":"MadScienceMod:OilDrum","floor":1},{"not_picked":["MadScienceMod:Detonate","MadScienceMod:MindControlBeam"],"picked":"MadScienceMod:GattlingGun","floor":3},{"not_picked":["MadScienceMod:FlameThrower","MadScienceMod:Sprocket"],"picked":"MadScienceMod:MinatureWeapons","floor":4},{"not_picked":["MadScienceMod:BoxOfScraps","MadScienceMod:Inflate"],"picked":"MadScienceMod:MakeOrBreak","floor":6},{"not_picked":["MadScienceMod:MechanicalClaw","MadScienceMod:FlameThrower"],"picked":"MadScienceMod:SelfDestruct","floor":8},{"not_picked":["MadScienceMod:RadioactiveSword","MadScienceMod:LightOnFire"],"picked":"MadScienceMod:AcidSpray","floor":10},{"not_picked":["MadScienceMod:ShrinkRay","MadScienceMod:MindControlBeam"],"picked":"MadScienceMod:AcidSpray","floor":11},{"not_picked":["MadScienceMod:Detonate","MadScienceMod:AutoStrike"],"picked":"MadScienceMod:Bayonet","floor":13},{"not_picked":["MadScienceMod:FumeBlast","MadScienceMod:Sprocket"],"picked":"MadScienceMod:CondenseVapors","floor":14},{"not_picked":["MadScienceMod:GlassCannon","MadScienceMod:CondenseVapors"],"picked":"MadScienceMod:ClockworkAssistant","floor":16},{"not_picked":["MadScienceMod:AutoStrike","MadScienceMod:AcidSpray"],"picked":"MadScienceMod:Bayonet","floor":18},{"not_picked":["MadScienceMod:MakeOrBreak","MadScienceMod:Probe"],"picked":"MadScienceMod:FlameCannon","floor":19}],"player_experience":560407,"relics_obtained":[{"floor":3,"key":"DemoMod:ClearGuonStone"},{"floor":6,"key":"Vajra"},{"floor":9,"key":"Kunai"},{"floor":14,"key":"HollowMod:StagPassRelic"}],"event_choices":[{"damage_healed":0,"gold_gain":100,"player_choice":"Pray","damage_taken":0,"max_hp_gain":0,"max_hp_loss":0,"event_name":"Golden Shrine","floor":5,"gold_loss":0}],"is_beta":false,"boss_relics":[{"not_picked":["aspiration:SilentSkillbook","conspire:RunicOctahedron"],"picked":"bronze:MakeshiftBattery"}],"items_purged_floors":[],"is_endless":false,"potions_floor_spawned":[1,6,11,13,14],"killed_by":"Sentry and Sphere","ascension_level":0}}