{"host":"ocllwaoi18j60ltd","time":1613991215,"event":{"mods":["BaseMod","DeckTracker","Minty Spire (QoL Compilation)","Permanent Neow","Quick Restart","StSLib","SuperFastMode"],"gold_per_floor":[111,261,261,186,186,227,227,271,326,326,362,387,406,433,433,520,547,562,487,518,537,537,569,569,590,614,118,159,159,187,187,187,272,272,299,521,555,555,555,555],"floor_reached":39,"language":"KOR","playtime":1184,"items_purged":["Doubt","Defend_B"],"score":1091,"play_id":"815c3cff-d98e-4ab9-abed-b6eb005df14c","local_time":"20210222195335","is_ascension_mode":true,"campfire_choices":[{"data":"Conserve Battery","floor":7.0,"key":"SMITH"},{"data":"Coolheaded","floor":10.0,"key":"SMITH"},{"data":"Chaos","floor":15.0,"key":"SMITH"},{"floor":24,"key":"REST"},{"data":"Consume","floor":29,"key":"SMITH"},{"floor":32,"key":"REST"}],"circlet_count":0,"master_deck":["AscendersBane","Defend_B","Defend_B","Zap+1","Dualcast+1","Conserve Battery+1","Coolheaded+1","Echo Form","Chaos+1","Lockon","Turbo","Consume+1","Core Surge","Ball Lightning+1","Go for the Eyes+1","Cold Snap+1","Reinforced Body+1","Capacitor","Seek","Compile Driver","Creative AI","Glacier","Undo"],"relics":["Cracked Core","NeowsBlessing","CeramicFish","Cables","Lantern","Bag of Preparation","PreservedInsect","Astrolabe","Red Mask","Centennial Puzzle","Potion Belt","Torii","Oddly Smooth Stone","Philosopher\u0027s Stone","Mango"],"acts_visited":["Exordium","TheCity","TheBeyond"],"potions_floor_usage":[16,16,20,28,28],"damage_taken":[{"damage":0.0,"enemies":"Jaw Worm","floor":1.0,"turns":1.0},{"damage":0.0,"enemies":"Gremlin Nob","floor":6.0,"turns":1.0},{"damage":0.0,"enemies":"3 Sentries","floor":8.0,"turns":2.0},{"damage":0.0,"enemies":"Lagavulin","floor":11.0,"turns":5.0},{"damage":1.0,"enemies":"2 Louse","floor":12.0,"turns":3.0},{"damage":0.0,"enemies":"Small Slimes","floor":13.0,"turns":2.0},{"damage":3.0,"enemies":"2 Fungi Beasts","floor":14.0,"turns":4.0},{"damage":16,"enemies":"Slime Boss","floor":16,"turns":13},{"damage":8,"enemies":"2 Thieves","floor":18,"turns":3},{"damage":19,"enemies":"Masked Bandits","floor":20,"turns":4},{"damage":0,"enemies":"Spheric Guardian","floor":21,"turns":3},{"damage":12,"enemies":"Book of Stabbing","floor":23,"turns":4},{"damage":1,"enemies":"Centurion and Healer","floor":25,"turns":7},{"damage":12,"enemies":"Gremlin Leader","floor":28,"turns":5},{"damage":1,"enemies":"Shelled Parasite and Fungi","floor":30,"turns":5},{"damage":42,"enemies":"Automaton","floor":33,"turns":9},{"damage":17,"enemies":"3 Shapes","floor":35,"turns":3},{"damage":0,"enemies":"Mind Bloom Boss Battle","floor":37,"turns":6},{"damage":58,"enemies":"2 Orb Walkers","floor":39,"turns":4}],"seed_played":"8690582600135615690","potions_obtained":[{"floor":1.0,"key":"Swift Potion"},{"floor":8.0,"key":"FocusPotion"},{"floor":14.0,"key":"DistilledChaos"},{"floor":16,"key":"FocusPotion"},{"floor":23,"key":"Energy Potion"},{"floor":25,"key":"EssenceOfSteel"},{"floor":33,"key":"Strength Potion"}],"is_trial":false,"path_per_floor":["M","?","?","$","?","E","R","E","T","R","E","M","M","M","R","B",null,"M","?","?","M","?","E","R","M","T","$","E","R","M","?","R","B",null,"M","?","?","?","?"],"character_chosen":"DEFECT","items_purchased":["Capacitor","Torii"],"campfire_rested":2,"item_purchase_floors":[27,27],"current_hp_per_floor":[64,64,59,59,38,38,38,38,38,38,38,37,37,34,34,18,58,50,50,31,31,31,19,40,39,39,39,27,27,26,26,47,5,55,38,38,52,52,0,0],"gold":555,"neow_bonus":"THREE_ENEMY_KILL","is_daily":false,"chose_seed":false,"campfire_upgraded":4,"win_rate":0.0,"timestamp":1613991215,"path_taken":["M","?","?","$","?","E","R","E","T","R","E","?","M","M","R","BOSS","M","?","?","M","?","E","R","M","T","$","E","R","M","?","R","BOSS","M","?","?","?","?"],"items_purchased_type":["Card","Relic"],"build_version":"2020-12-22","purchased_purges":2,"victory":false,"max_hp_per_floor":[71,71,71,71,71,71,71,71,71,71,71,71,71,71,71,71,71,71,71,71,71,71,71,71,71,71,71,71,71,71,71,71,71,71,71,71,85,81,81,81],"card_choices":[{"not_picked":["Reprogram","Recycle"],"picked":"Conserve Battery","floor":1.0},{"not_picked":["Recycle","Stack"],"picked":"Coolheaded","floor":6.0},{"not_picked":["Static Discharge","Capacitor"],"picked":"Echo Form","floor":8.0},{"not_picked":["Go for the Eyes","Steam"],"picked":"Chaos","floor":11.0},{"not_picked":["Redo","Steam Power"],"picked":"Lockon","floor":12.0},{"not_picked":["Gash","Coolheaded"],"picked":"Turbo","floor":13.0},{"not_picked":["Redo","Hello World"],"picked":"Consume","floor":14.0},{"not_picked":["Thunder Strike","Buffer"],"picked":"Core Surge","floor":16},{"not_picked":["Reinforced Body","White Noise","Hologram"],"picked":"SKIP","floor":18},{"not_picked":["Leap","Beam Cell","Streamline+1"],"picked":"SKIP","floor":21},{"not_picked":["Echo Form","Leap","Ball Lightning"],"picked":"SKIP","floor":23},{"not_picked":["Aggregate","Sweeping Beam"],"picked":"Reinforced Body+1","floor":25},{"not_picked":["Reprogram","Turbo"],"picked":"Seek","floor":28},{"not_picked":["Conserve Battery","Go for the Eyes"],"picked":"Compile Driver","floor":30},{"not_picked":["Reboot","Meteor Strike"],"picked":"Creative AI","floor":33},{"not_picked":["Aggregate","Lockon+1"],"picked":"Glacier","floor":35},{"not_picked":["Hologram","Compile Driver+1"],"picked":"Undo","floor":37}],"player_experience":858197,"relics_obtained":[{"floor":6.0,"key":"Cables"},{"floor":8.0,"key":"Lantern"},{"floor":9.0,"key":"Bag of Preparation"},{"floor":11.0,"key":"PreservedInsect"},{"floor":20,"key":"Red Mask"},{"floor":23,"key":"Centennial Puzzle"},{"floor":26,"key":"Potion Belt"},{"floor":28,"key":"Oddly Smooth Stone"},{"floor":37,"key":"Mango"}],"event_choices":[{"damage_healed":0.0,"max_hp_gain":0.0,"max_hp_loss":0.0,"gold_gain":150.0,"event_name":"Liars Game","player_choice":"AGREE","floor":2.0,"gold_loss":0.0,"damage_taken":0.0,"cards_obtained":["Doubt"]},{"damage_healed":0.0,"max_hp_gain":0.0,"max_hp_loss":0.0,"gold_gain":0.0,"event_name":"Scrap Ooze","player_choice":"Success","floor":3.0,"gold_loss":0.0,"damage_taken":5.0,"relics_obtained":["CeramicFish"]},{"damage_healed":0.0,"max_hp_gain":0.0,"max_hp_loss":0.0,"gold_gain":0.0,"event_name":"Shining Light","player_choice":"Entered Light","floor":5.0,"gold_loss":0.0,"damage_taken":21.0,"cards_upgraded":["Dualcast","Zap"]},{"cards_removed":["Strike_B"],"damage_healed":0,"gold_gain":0,"player_choice":"Gave Gold","damage_taken":0,"max_hp_gain":0,"max_hp_loss":0,"event_name":"Beggar","floor":19,"gold_loss":75},{"damage_healed":0,"gold_gain":0,"player_choice":"Fought Bandits","damage_taken":0,"max_hp_gain":0,"max_hp_loss":0,"event_name":"Masked Bandits","floor":20,"gold_loss":0},{"damage_healed":0,"gold_gain":0,"player_choice":"Ignored","damage_taken":0,"max_hp_gain":0,"max_hp_loss":0,"event_name":"Cursed Tome","floor":22,"gold_loss":0},{"cards_removed":["Defend_B"],"damage_healed":0,"gold_gain":0,"player_choice":"Elegance","damage_taken":0,"max_hp_gain":0,"max_hp_loss":0,"event_name":"Back to Basics","floor":31,"gold_loss":0},{"damage_healed":0,"gold_gain":222,"player_choice":"Wore Mask","damage_taken":0,"max_hp_gain":0,"max_hp_loss":0,"event_name":"Tomb of Lord Red Mask","floor":36,"gold_loss":0},{"damage_healed":0,"gold_gain":0,"player_choice":"Fight","damage_taken":0,"max_hp_gain":0,"max_hp_loss":0,"event_name":"MindBloom","floor":37,"gold_loss":0},{"damage_healed":0,"gold_gain":0,"player_choice":"Max HP","damage_taken":0,"max_hp_gain":0,"max_hp_loss":4,"event_name":"Winding Halls","floor":38,"gold_loss":0},{"damage_healed":0,"gold_gain":0,"player_choice":"Fight","damage_taken":0,"max_hp_gain":0,"max_hp_loss":0,"event_name":"Mysterious Sphere","floor":39,"gold_loss":0}],"is_beta":false,"boss_relics":[{"not_picked":["FrozenCore","Cursed Key"],"picked":"Astrolabe"},{"not_picked":["Runic Pyramid","Pandora\u0027s Box"],"picked":"Philosopher\u0027s Stone"}],"items_purged_floors":[4,27],"is_endless":false,"potions_floor_spawned":[1,8,14,16,23,25,33],"killed_by":"2 Orb Walkers","ascension_level":20}}