{"host":"uhi6g4fgvyietct9","time":1613997641,"event":{"mods":["AchievementEnabler","BaseMod","Colored Map","Colored Powertips","Minty Spire (QoL Compilation)","StSLib","SuperFastMode"],"gold_per_floor":[117,117,42,52,66,96,115,15,40,40,69,69,101,51,51,146,146,163,262,273,273,45,45,76,76,76,102,115,115,115,129,129,234,234,250,262,112,130,130,130,157,84,136,136,153,153,153,165,165,165],"floor_reached":51,"language":"KOR","playtime":2934,"items_purged":["Strike_P","Strike_P","Defend_P","Defend_P"],"score":829,"play_id":"c1f11f4c-1266-4eb9-9047-110769cc0273","local_time":"20210222214041","is_ascension_mode":true,"campfire_choices":[{"data":"Eruption","floor":10.0,"key":"SMITH"},{"data":"SandsOfTime","floor":12.0,"key":"SMITH"},{"floor":15,"key":"REST"},{"data":"MentalFortress","floor":23,"key":"SMITH"},{"data":"InnerPeace","floor":25,"key":"SMITH"},{"data":"CrushJoints","floor":29,"key":"SMITH"},{"floor":32,"key":"REST"},{"data":"Scrawl","floor":40,"key":"SMITH"},{"data":"Adaptation","floor":44,"key":"SMITH"},{"floor":49,"key":"REST"}],"circlet_count":0,"master_deck":["Defend_P","Eruption+1","Vigilance","FearNoEvil","SandsOfTime+1","FlurryOfBlows","CrushJoints+1","MentalFortress+1","InnerPeace+1","MentalFortress","Scrawl+1","WheelKick+1","FlurryOfBlows","Adaptation+1"],"relics":["HolyWater","NeowsBlessing","Orichalcum","Happy Flower","Vajra","Shuriken","Sundial","Empty Cage","Tiny Chest","Bag of Preparation","Toy Ornithopter","Nilry\u0027s Codex","Mango","Nunchaku","Mercury Hourglass"],"acts_visited":["Exordium","TheCity","TheBeyond"],"potions_floor_usage":[13,27,41,50],"damage_taken":[{"damage":0.0,"enemies":"2 Louse","floor":1.0,"turns":1.0},{"damage":0.0,"enemies":"Cultist","floor":4.0,"turns":1.0},{"damage":0.0,"enemies":"Small Slimes","floor":5.0,"turns":1.0},{"damage":31.0,"enemies":"Gremlin Nob","floor":6.0,"turns":5.0},{"damage":8.0,"enemies":"Looter","floor":7.0,"turns":4.0},{"damage":0.0,"enemies":"Lagavulin","floor":11.0,"turns":3.0},{"damage":3,"enemies":"3 Sentries","floor":13,"turns":5},{"damage":15,"enemies":"The Guardian","floor":16,"turns":6},{"damage":7,"enemies":"Chosen","floor":18,"turns":2},{"damage":1,"enemies":"Shell Parasite","floor":20,"turns":4},{"damage":10,"enemies":"Book of Stabbing","floor":24,"turns":5},{"damage":0,"enemies":"Gremlin Leader","floor":27,"turns":3},{"damage":0,"enemies":"3 Cultists","floor":28,"turns":3},{"damage":0,"enemies":"Snecko","floor":31,"turns":3},{"damage":16,"enemies":"Automaton","floor":33,"turns":6},{"damage":0,"enemies":"3 Shapes","floor":35,"turns":2},{"damage":0,"enemies":"3 Darklings","floor":36,"turns":2},{"damage":1,"enemies":"Transient","floor":38,"turns":5},{"damage":23,"enemies":"Giant Head","floor":41,"turns":6},{"damage":6,"enemies":"Spire Growth","floor":45,"turns":2},{"damage":13,"enemies":"4 Shapes","floor":48,"turns":4},{"damage":34,"enemies":"Time Eater","floor":50,"turns":6}],"seed_played":"-4432872253722269373","potions_obtained":[{"floor":1.0,"key":"SmokeBomb"},{"floor":11.0,"key":"DuplicationPotion"},{"floor":24,"key":"Explosive Potion"},{"floor":31,"key":"FearPotion"},{"floor":35,"key":"Dexterity Potion"},{"floor":45,"key":"FearPotion"}],"is_trial":false,"path_per_floor":["M","?","$","M","M","E","M","$","T","R","E","R","E","?","R","B",null,"M","?","M","?","$","R","E","R","T","E","M","R","?","M","R","B",null,"M","M","$","M","?","R","E","$","T","R","M","?","T","M","R","B",null],"character_chosen":"WATCHER","items_purchased":["FairyPotion","Adaptation"],"campfire_rested":3,"item_purchase_floors":[22,42],"current_hp_per_floor":[72,72,72,72,72,41,33,33,33,33,33,33,30,30,51,36,72,65,65,64,64,64,64,54,54,54,54,54,54,38,38,59,43,72,72,72,72,71,71,71,63,63,63,63,57,57,57,44,69,40],"gold":165,"neow_bonus":"THREE_ENEMY_KILL","is_daily":false,"chose_seed":false,"campfire_upgraded":7,"win_rate":0.0,"timestamp":1613997641,"path_taken":["M","?","$","?","M","E","M","?","T","R","E","R","E","?","R","BOSS","M","?","M","?","$","R","E","R","T","E","M","R","?","M","R","BOSS","M","M","$","M","?","R","E","$","T","R","M","?","?","M","R","BOSS"],"items_purchased_type":["Potion","Card"],"build_version":"2020-12-22","purchased_purges":4,"victory":true,"max_hp_per_floor":[72,72,72,72,72,72,72,72,72,72,72,72,72,72,72,72,72,72,72,72,72,72,72,72,72,72,72,72,72,72,72,72,72,72,72,72,72,72,72,72,86,86,86,86,86,86,86,86,86,86],"card_choices":[{"not_picked":["WaveOfTheHand","ClearTheMind","FearNoEvil"],"picked":"SKIP","floor":1.0},{"not_picked":["WaveOfTheHand","ClearTheMind"],"picked":"FearNoEvil","floor":1.0},{"not_picked":["Evaluate","SignatureMove"],"picked":"SandsOfTime","floor":4.0},{"not_picked":["FollowUp","CutThroughFate","EmptyFist"],"picked":"SKIP","floor":5.0},{"not_picked":["JustLucky","SashWhip","Perseverance"],"picked":"SKIP","floor":6.0},{"not_picked":["SandsOfTime","ThirdEye","ClearTheMind"],"picked":"SKIP","floor":7.0},{"not_picked":["ThirdEye","CutThroughFate","PathToVictory"],"picked":"SKIP","floor":11.0},{"not_picked":["CrushJoints","Perseverance"],"picked":"FlurryOfBlows","floor":13},{"not_picked":["EmptyFist","FlyingSleeves"],"picked":"CrushJoints","floor":18},{"not_picked":["CrushJoints","Fasting2","BowlingBash"],"picked":"SKIP","floor":20},{"not_picked":["WindmillStrike","SpiritShield"],"picked":"InnerPeace","floor":24},{"not_picked":["Study","Vengeance","EmptyFist"],"picked":"SKIP","floor":27},{"not_picked":["SandsOfTime","Indignation+1","ClearTheMind"],"picked":"SKIP","floor":28},{"not_picked":["Conclude","SashWhip"],"picked":"MentalFortress","floor":31},{"not_picked":["LessonLearned","Blasphemy"],"picked":"Scrawl","floor":33},{"not_picked":["EmptyBody+1","CutThroughFate+1"],"picked":"WheelKick+1","floor":35},{"not_picked":["FlyingSleeves+1","CutThroughFate","EmptyBody+1"],"picked":"SKIP","floor":36},{"not_picked":["CutThroughFate+1","JustLucky+1","Crescendo"],"picked":"SKIP","floor":38},{"not_picked":["Evaluate+1","Perseverance"],"picked":"FlurryOfBlows","floor":41},{"not_picked":["Wallop+1","CrushJoints","CarveReality"],"picked":"SKIP","floor":45},{"not_picked":["ThirdEye+1","ClearTheMind+1","FlyingSleeves"],"picked":"SKIP","floor":48}],"player_experience":620713,"relics_obtained":[{"floor":6.0,"key":"Happy Flower"},{"floor":9.0,"key":"Vajra"},{"floor":11.0,"key":"Shuriken"},{"floor":13,"key":"Sundial"},{"floor":24,"key":"Tiny Chest"},{"floor":26,"key":"Bag of Preparation"},{"floor":27,"key":"Toy Ornithopter"},{"floor":30,"key":"Nilry\u0027s Codex"},{"floor":41,"key":"Mango"},{"floor":43,"key":"Nunchaku"},{"floor":47,"key":"Mercury Hourglass"}],"event_choices":[{"damage_healed":0.0,"max_hp_gain":0.0,"max_hp_loss":0.0,"gold_gain":0.0,"event_name":"WeMeetAgain","player_choice":"Gave Potion","floor":2.0,"gold_loss":0.0,"damage_taken":0.0,"relics_obtained":["Orichalcum"]},{"cards_removed":["Strike_P"],"damage_healed":0,"gold_gain":0,"player_choice":"Card Removal","damage_taken":0,"max_hp_gain":0,"max_hp_loss":0,"event_name":"The Cleric","floor":14,"gold_loss":50},{"damage_healed":0,"gold_gain":99,"player_choice":"Stole From Cult","damage_taken":0,"max_hp_gain":0,"max_hp_loss":0,"event_name":"Nest","floor":19,"gold_loss":0},{"damage_healed":0,"gold_gain":0,"player_choice":"Read","damage_taken":0,"max_hp_gain":0,"max_hp_loss":0,"event_name":"The Library","floor":21,"gold_loss":0,"cards_obtained":["MentalFortress"]},{"damage_healed":0,"gold_gain":0,"player_choice":"Obtained Book","damage_taken":16,"max_hp_gain":0,"max_hp_loss":0,"event_name":"Cursed Tome","floor":30,"gold_loss":0},{"damage_healed":0,"gold_gain":0,"player_choice":"Memory 1","damage_taken":0,"max_hp_gain":0,"max_hp_loss":0,"event_name":"SensoryStone","floor":39,"gold_loss":0},{"damage_healed":0,"gold_gain":0,"player_choice":"0 cards matched","damage_taken":0,"max_hp_gain":0,"max_hp_loss":0,"event_name":"Match and Keep!","floor":46,"gold_loss":0,"cards_obtained":[]}],"is_beta":false,"boss_relics":[{"not_picked":["Busted Crown","Tiny House"],"picked":"Empty Cage"},{"not_picked":["Black Star","Pandora\u0027s Box"],"picked":"HolyWater"}],"items_purged_floors":[3,8,22,37],"is_endless":false,"potions_floor_spawned":[1,11,24,31,35,45],"ascension_level":2}}