{"host":"rw1trt79hfpl7pom","time":1613995206,"event":{"mods":["BaseMod","Bestiary","Colored Map","Jorbs\u0027s Wanderer Trilogy","Minty Spire (QoL Compilation)","Relic Stats","StSLib","SuperFastMode"],"gold_per_floor":[116,131,131,150,34,60,60,70,70,98,108,33,60,88,88,159,159,210,210,210,220,220,220,247,267,267,61,61,94,94,105,105,183,183,199,199,199,199,217,217,217,217],"floor_reached":41,"language":"ENG","playtime":3950,"items_purged":["Strike_P","Decay"],"score":1294,"play_id":"f0d77db6-d18e-4a67-98f4-fc1a440e01c6","local_time":"20210222040006","is_ascension_mode":true,"campfire_choices":[{"floor":7.0,"key":"REST"},{"data":"TalkToTheHand","floor":15.0,"key":"SMITH"},{"floor":23.0,"key":"REST"},{"floor":32.0,"key":"REST"},{"data":"TalkToTheHand","floor":40.0,"key":"SMITH"}],"circlet_count":0,"master_deck":["AscendersBane","Strike_P","Strike_P","Defend_P","Defend_P","Defend_P","Eruption","Vigilance","ClearTheMind","Meditate","ThirdEye","TalkToTheHand+1","Indignation","FlyingSleeves","SashWhip","Omniscience","Tantrum","JustLucky+1","Injury","Protect+1","BowlingBash","FlurryOfBlows","Tantrum","TalkToTheHand+1"],"relics":["Busted Crown","Lantern","Letter Opener","Matryoshka","Orichalcum","Bronze Scales","Nunchaku","Cursed Key","Ancient Tea Set","Du-Vu Doll","Potion Belt","CloakClasp","Boot","SlaversCollar","Dream Catcher"],"acts_visited":["Exordium","TheCity","TheBeyond"],"potions_floor_usage":[41],"damage_taken":[{"damage":4.0,"enemies":"2 Louse","floor":1.0,"turns":2.0},{"damage":1.0,"enemies":"Cultist","floor":2.0,"turns":4.0},{"damage":12.0,"enemies":"Jaw Worm","floor":4.0,"turns":4.0},{"damage":23.0,"enemies":"3 Sentries","floor":6.0,"turns":7.0},{"damage":0.0,"enemies":"Exordium Wildlife","floor":8.0,"turns":2.0},{"damage":0.0,"enemies":"Gremlin Nob","floor":10.0,"turns":2.0},{"damage":11.0,"enemies":"Large Slime","floor":11.0,"turns":7.0},{"damage":11.0,"enemies":"3 Sentries","floor":14.0,"turns":5.0},{"damage":9.0,"enemies":"The Guardian","floor":16.0,"turns":9.0},{"damage":6.0,"enemies":"2 Thieves","floor":18.0,"turns":2.0},{"damage":11.0,"enemies":"Shell Parasite","floor":21.0,"turns":3.0},{"damage":14.0,"enemies":"Slavers","floor":24.0,"turns":3.0},{"damage":0.0,"enemies":"3 Cultists","floor":25.0,"turns":2.0},{"damage":0.0,"enemies":"Gremlin Leader","floor":29.0,"turns":2.0},{"damage":5.0,"enemies":"Snake Plant","floor":31.0,"turns":3.0},{"damage":3.0,"enemies":"Champ","floor":33.0,"turns":6.0},{"damage":5.0,"enemies":"3 Shapes","floor":35.0,"turns":11.0},{"damage":11.0,"enemies":"3 Darklings","floor":39.0,"turns":5.0},{"damage":60,"enemies":"Reptomancer","floor":41,"turns":5}],"seed_played":"-1495233247081404703","potions_obtained":[{"floor":4.0,"key":"FearPotion"},{"floor":6.0,"key":"FearPotion"},{"floor":11.0,"key":"PowerPotion"},{"floor":16.0,"key":"ColorlessPotion"},{"floor":21.0,"key":"BottledMiracle"},{"floor":25.0,"key":"Explosive Potion"},{"floor":29.0,"key":"SteroidPotion"},{"floor":31.0,"key":"Weak Potion"},{"floor":33.0,"key":"BottledMiracle"}],"is_trial":false,"path_per_floor":["M","M","?","M","$","E","R","M","T","E","M","$","T","E","R","B",null,"M","?","?","M","T","R","E","M","T","$","T","E","?","M","R","B",null,"M","?","?","?","M","R","E"],"character_chosen":"WATCHER","items_purchased":["SignatureMove","TalkToTheHand","FlurryOfBlows","Tantrum"],"campfire_rested":3,"item_purchase_floors":[5,5,27,27],"current_hp_per_floor":[57,56,56,44,44,21,41,41,41,41,30,30,30,19,19,10,54,48,48,48,37,37,57,43,43,43,43,43,43,24,19,40,37,64,59,59,59,59,48,48,0,0],"gold":217,"neow_bonus":"BOSS_RELIC","is_daily":false,"chose_seed":false,"campfire_upgraded":2,"win_rate":0.0,"timestamp":1613995206,"path_taken":["M","M","?","M","$","E","R","M","T","E","?","?","?","E","R","BOSS","M","?","?","?","?","R","E","?","T","$","?","E","?","M","R","BOSS","M","?","?","?","M","R","E"],"items_purchased_type":["Card","Card","Card","Card"],"build_version":"2020-12-22","purchased_purges":2,"victory":false,"max_hp_per_floor":[68,68,68,68,68,68,68,68,68,68,68,68,68,68,68,68,68,68,68,68,68,68,68,68,68,68,68,68,68,73,73,73,73,73,73,69,69,69,69,69,69,69],"relic_stats":{"Nunchaku":[11],"Dream Catcher":0,"Busted Crown":36,"counters":[19,84],"Bronze Scales":[137],"CloakClasp":[75],"Letter Opener":[80],"Orichalcum":[66],"Cursed Key":2,"Boot":[10],"obtain_stats":[{"Potion Belt":24,"Lantern":6,"CloakClasp":26,"Letter Opener":9,"Orichalcum":13,"Cursed Key":17,"Ancient Tea Set":22,"Boot":29,"Du-Vu Doll":22,"SlaversCollar":34,"Nunchaku":14,"Dream Catcher":38,"Busted Crown":0,"Matryoshka":10,"Bronze Scales":13,"PureWater":0},{"Potion Belt":12,"Lantern":4,"CloakClasp":13,"Letter Opener":5,"Orichalcum":7,"Cursed Key":9,"Ancient Tea Set":11,"Boot":14,"Du-Vu Doll":11,"SlaversCollar":16,"Nunchaku":8,"Dream Catcher":17,"Busted Crown":0,"Matryoshka":6,"Bronze Scales":7,"PureWater":0},{"Potion Belt":50,"Lantern":17,"CloakClasp":52,"Letter Opener":19,"Orichalcum":28,"Cursed Key":42,"Ancient Tea Set":47,"Boot":54,"Du-Vu Doll":47,"SlaversCollar":63,"Nunchaku":33,"Dream Catcher":74,"Busted Crown":0,"Matryoshka":21,"Bronze Scales":28,"PureWater":0}]},"card_choices":[{"not_picked":[],"picked":"ClearTheMind","floor":1.0},{"not_picked":[],"picked":"Meditate","floor":2.0},{"not_picked":["ClearTheMind"],"picked":"SKIP","floor":4.0},{"not_picked":[],"picked":"Indignation","floor":6.0},{"not_picked":["Evaluate"],"picked":"SKIP","floor":8.0},{"not_picked":[],"picked":"FlyingSleeves","floor":10.0},{"not_picked":[],"picked":"SashWhip","floor":11.0},{"not_picked":["WreathOfFlame"],"picked":"SKIP","floor":14.0},{"not_picked":[],"picked":"Omniscience","floor":16.0},{"not_picked":["SashWhip"],"picked":"SKIP","floor":18.0},{"not_picked":[],"picked":"JustLucky+1","floor":21.0},{"not_picked":[],"picked":"Protect+1","floor":24.0},{"not_picked":[],"picked":"BowlingBash","floor":25.0},{"not_picked":[],"picked":"TalkToTheHand","floor":29.0},{"not_picked":["Protect"],"picked":"SKIP","floor":31.0},{"not_picked":["BowlingBash"],"picked":"SKIP","floor":35.0},{"not_picked":["JustLucky"],"picked":"SKIP","floor":39.0}],"player_experience":2875665,"relics_obtained":[{"floor":6.0,"key":"Lantern"},{"floor":9.0,"key":"Letter Opener"},{"floor":10.0,"key":"Matryoshka"},{"floor":13.0,"key":"Orichalcum"},{"floor":13.0,"key":"Bronze Scales"},{"floor":14.0,"key":"Nunchaku"},{"floor":22.0,"key":"Ancient Tea Set"},{"floor":22.0,"key":"Du-Vu Doll"},{"floor":24.0,"key":"Potion Belt"},{"floor":26.0,"key":"CloakClasp"},{"floor":29.0,"key":"Boot"}],"event_choices":[{"damage_healed":0.0,"max_hp_gain":0.0,"max_hp_loss":0.0,"gold_gain":0.0,"cards_transformed":["Defend_P"],"event_name":"Transmorgrifier","player_choice":"Transformed","floor":3.0,"gold_loss":0.0,"damage_taken":0.0,"cards_obtained":["ThirdEye"]},{"damage_healed":0.0,"max_hp_gain":0.0,"max_hp_loss":0.0,"gold_gain":0.0,"event_name":"The Library","player_choice":"Read","floor":19.0,"gold_loss":0.0,"damage_taken":0.0,"cards_obtained":["Tantrum"]},{"cards_removed":["Strike_P"],"damage_healed":0.0,"max_hp_gain":0.0,"max_hp_loss":0.0,"gold_gain":0.0,"event_name":"Purifier","player_choice":"Purged","floor":20.0,"gold_loss":0.0,"damage_taken":0.0},{"damage_healed":0.0,"max_hp_gain":5.0,"max_hp_loss":0.0,"gold_gain":0.0,"event_name":"Forgotten Altar","player_choice":"Shed Blood","floor":30.0,"gold_loss":0.0,"damage_taken":24.0},{"damage_healed":0.0,"max_hp_gain":0.0,"max_hp_loss":4.0,"gold_gain":0.0,"event_name":"Winding Halls","player_choice":"Max HP","floor":36.0,"gold_loss":0.0,"damage_taken":0.0},{"cards_removed":["SignatureMove"],"damage_healed":0.0,"max_hp_gain":0.0,"max_hp_loss":0.0,"gold_gain":0.0,"event_name":"Falling","player_choice":"Removed Attack","floor":37.0,"gold_loss":0.0,"damage_taken":0.0},{"damage_healed":0.0,"max_hp_gain":0.0,"max_hp_loss":0.0,"gold_gain":0.0,"event_name":"WeMeetAgain","player_choice":"Gave Potion","floor":38.0,"gold_loss":0.0,"damage_taken":0.0,"relics_obtained":["Dream Catcher"]}],"is_beta":false,"boss_relics":[{"not_picked":["SacredBark","Coffee Dripper"],"picked":"Cursed Key"},{"not_picked":["Tiny House","Astrolabe"],"picked":"SlaversCollar"}],"items_purged_floors":[12,27],"is_endless":false,"potions_floor_spawned":[4,6,11,16,21,25,29,31,33],"killed_by":"Reptomancer","ascension_level":20}}