{"host":"fuszjwm6fqgjjp4d","time":1613971834,"event":{"mods":["BaseMod","Colored Map","Minty Spire (QoL Compilation)","Permanent Neow","Relic Sorter","Relic Stats","StSLib"],"gold_per_floor":[165,184,184,204,214,248,248,274,299,264,339,362,362,390,390,475,475,503,526,177,177,177,203,216,216,225,225,269,269,269,269],"floor_reached":30,"language":"ENG","playtime":2827,"items_purged":["Strike_R"],"score":576,"play_id":"f58bfdb0-5192-42f3-9688-9a6b411d64aa","local_time":"20210221233034","is_ascension_mode":true,"campfire_choices":[{"data":"Double Tap","floor":7.0,"key":"SMITH"},{"floor":13.0,"key":"REST"},{"data":"Iron Wave","floor":15.0,"key":"SMITH"},{"data":"Immolate","floor":25,"key":"SMITH"},{"data":"Flex","floor":27,"key":"SMITH"},{"floor":29,"key":"REST"}],"circlet_count":0,"master_deck":["AscendersBane","Strike_R","Strike_R+1","Strike_R","Strike_R","Defend_R","Defend_R","Defend_R","Defend_R","Bash","Cleave","Thunderclap","Clothesline","Iron Wave+1","Ghostly Armor","Double Tap+1","Cleave","Immolate+1","Disarm+1","Flex+1","Normality","Whirlwind"],"relics":["Tiny House","PreservedInsect","Anchor","Akabeko","CeramicFish","Paper Frog","Cursed Key","StrikeDummy","Matryoshka","Omamori","Sundial","Shovel"],"acts_visited":["TheCity"],"potions_floor_usage":[16,19,21,24],"damage_taken":[{"damage":5.0,"enemies":"Small Slimes","floor":1.0,"turns":3.0},{"damage":4.0,"enemies":"Jaw Worm","floor":2.0,"turns":4.0},{"damage":4.0,"enemies":"2 Louse","floor":4.0,"turns":3.0},{"damage":0.0,"enemies":"Exordium Wildlife","floor":5.0,"turns":2.0},{"damage":25.0,"enemies":"3 Sentries","floor":6.0,"turns":6.0},{"damage":15.0,"enemies":"Lagavulin","floor":8.0,"turns":3.0},{"damage":0.0,"enemies":"Gremlin Gang","floor":12.0,"turns":2.0},{"damage":5.0,"enemies":"3 Sentries","floor":14.0,"turns":4.0},{"damage":33,"enemies":"The Guardian","floor":16,"turns":14},{"damage":0,"enemies":"Chosen","floor":18,"turns":3},{"damage":17,"enemies":"Shell Parasite","floor":19,"turns":6},{"damage":0,"enemies":"Snake Plant","floor":21,"turns":1},{"damage":9,"enemies":"Book of Stabbing","floor":23,"turns":4},{"damage":23,"enemies":"3 Cultists","floor":24,"turns":4},{"damage":23,"enemies":"Slavers","floor":28,"turns":3},{"damage":32,"enemies":"Shelled Parasite and Fungi","floor":30,"turns":3}],"seed_played":"-7914602201048420206","potions_obtained":[{"floor":0.0,"key":"SmokeBomb"},{"floor":2.0,"key":"ColorlessPotion"},{"floor":6.0,"key":"AttackPotion"},{"floor":14.0,"key":"LiquidBronze"},{"floor":16,"key":"Swift Potion"},{"floor":24,"key":"BloodPotion"}],"is_trial":false,"path_per_floor":["M","M","?","M","M","E","R","E","T","?","?","M","R","E","R","B",null,"M","M","$","M","?","E","M","R","T","R","E","R","M"],"character_chosen":"IRONCLAD","items_purchased":["StrikeDummy"],"campfire_rested":2,"item_purchase_floors":[20],"current_hp_per_floor":[68,64,53,49,49,24,24,9,9,29,18,18,42,37,37,4,61,61,44,44,44,44,35,28,28,28,28,5,29,0,0],"gold":269,"neow_bonus":"BOSS_RELIC","is_daily":false,"chose_seed":false,"campfire_upgraded":4,"win_rate":0.0,"timestamp":1613971834,"path_taken":["M","M","?","M","M","E","R","E","T","?","?","M","R","E","R","BOSS","M","M","$","M","?","E","M","R","T","R","E","R","M"],"items_purchased_type":["Relic"],"build_version":"2020-12-22","purchased_purges":1,"victory":false,"max_hp_per_floor":[80,80,80,80,80,80,80,80,80,80,80,80,80,80,80,80,80,80,80,80,80,80,80,80,80,80,80,80,80,80,80],"relic_stats":{"Shovel":0,"counters":[16,65],"Sundial":[0],"CeramicFish":54,"PreservedInsect":179,"Cursed Key":1,"obtain_stats":[{"Tiny House":0,"CeramicFish":9,"PreservedInsect":3,"Omamori":26,"Cursed Key":17,"Burning Blood":0,"Akabeko":8,"Anchor":6,"Matryoshka":23,"Shovel":28,"Sundial":26,"StrikeDummy":20,"Paper Frog":14},{"Tiny House":0,"CeramicFish":6,"PreservedInsect":2,"Omamori":14,"Cursed Key":9,"Burning Blood":0,"Akabeko":6,"Anchor":5,"Matryoshka":13,"Shovel":15,"Sundial":14,"StrikeDummy":11,"Paper Frog":8},{"Tiny House":0,"CeramicFish":21,"PreservedInsect":7,"Omamori":59,"Cursed Key":41,"Burning Blood":0,"Akabeko":21,"Anchor":18,"Matryoshka":55,"Shovel":62,"Sundial":59,"StrikeDummy":50,"Paper Frog":27}]},"card_choices":[{"not_picked":["Sword Boomerang","Intimidate"],"picked":"Cleave","floor":0.0},{"not_picked":["Sword Boomerang","Feel No Pain"],"picked":"Thunderclap","floor":1.0},{"not_picked":["Havoc","Rupture"],"picked":"Clothesline","floor":2.0},{"not_picked":["Pummel","Clothesline"],"picked":"Iron Wave","floor":4.0},{"not_picked":["Sword Boomerang","Twin Strike"],"picked":"Ghostly Armor","floor":5.0},{"not_picked":["Evolve","Power Through"],"picked":"Double Tap","floor":6.0},{"not_picked":["Anger","Hemokinesis","Havoc"],"picked":"SKIP","floor":8.0},{"not_picked":["Wild Strike","Anger"],"picked":"Cleave","floor":12.0},{"not_picked":["Clash","Reckless Charge","Blood for Blood"],"picked":"SKIP","floor":14.0},{"not_picked":["Offering","Brutality"],"picked":"Immolate","floor":16},{"not_picked":["True Grit","Clothesline"],"picked":"Disarm","floor":18},{"not_picked":["Clothesline","Intimidate"],"picked":"Flex","floor":19},{"not_picked":["Dark Embrace","Sword Boomerang","Iron Wave"],"picked":"SKIP","floor":23},{"not_picked":["Metallicize","Heavy Blade","Flex"],"picked":"SKIP","floor":24},{"not_picked":["Reckless Charge","Wild Strike"],"picked":"Whirlwind","floor":28}],"player_experience":1512245,"relics_obtained":[{"floor":6.0,"key":"Anchor"},{"floor":8.0,"key":"Akabeko"},{"floor":9.0,"key":"CeramicFish"},{"floor":14.0,"key":"Paper Frog"},{"floor":23,"key":"Matryoshka"},{"floor":26,"key":"Omamori"},{"floor":26,"key":"Sundial"},{"floor":28,"key":"Shovel"}],"event_choices":[{"damage_healed":0.0,"max_hp_gain":0.0,"max_hp_loss":0.0,"gold_gain":0.0,"event_name":"Scrap Ooze","player_choice":"Success","floor":3.0,"gold_loss":0.0,"damage_taken":11.0,"relics_obtained":["PreservedInsect"]},{"damage_healed":20.0,"max_hp_gain":0.0,"max_hp_loss":0.0,"gold_gain":0.0,"event_name":"The Cleric","player_choice":"Healed","floor":10.0,"gold_loss":35.0,"damage_taken":0.0},{"damage_healed":0.0,"max_hp_gain":0.0,"max_hp_loss":0.0,"gold_gain":75.0,"event_name":"World of Goop","player_choice":"Gather Gold","floor":11.0,"gold_loss":0.0,"damage_taken":11.0},{"damage_healed":0,"gold_gain":0,"player_choice":"Upgraded","damage_taken":0,"max_hp_gain":0,"max_hp_loss":0,"event_name":"Upgrade Shrine","floor":22,"gold_loss":0,"cards_upgraded":["Disarm"]}],"is_beta":false,"boss_relics":[{"not_picked":["Black Star","Philosopher\u0027s Stone"],"picked":"Cursed Key"}],"items_purged_floors":[20],"is_endless":false,"potions_floor_spawned":[2,6,14,16,18,21,24],"killed_by":"Shelled Parasite and Fungi","ascension_level":20}}