{"host":"37dk0reb6x0du8wx","time":1613994579,"event":{"mods":["BaseMod","Colored Map","DeckTracker","Minty Spire (QoL Compilation)","Quick Restart","StSLib"],"gold_per_floor":[363,184,184,184,184,184,204,204,231,231,231,269,269,282,282,408,408,421,100,123,73,96,136,136,81,81,104,104,29,47,147,147,268,268,289,309,209,227,290,290,313,313,313,351,374,374,394,34,34,34,34],"floor_reached":50,"language":"KOR","playtime":1530,"items_purged":["Decay","Strike_G","Strike_G","Strike_G+1"],"score":586,"play_id":"7c023ac6-3a67-443a-bc41-19a8f866ee25","local_time":"20210222204939","is_ascension_mode":false,"campfire_choices":[{"data":"Noxious Fumes","floor":6.0,"key":"SMITH"},{"floor":8.0,"key":"REST"},{"data":"Poisoned Stab","floor":13.0,"key":"SMITH"},{"floor":15.0,"key":"REST"},{"floor":24.0,"key":"REST"},{"floor":28.0,"key":"REST"},{"data":"Catalyst","floor":32.0,"key":"SMITH"},{"floor":40.0,"key":"REST"},{"floor":42.0,"key":"REST"},{"floor":46.0,"key":"REST"},{"data":"Deadly Poison","floor":49.0,"key":"SMITH"}],"circlet_count":0,"master_deck":["Defend_G","Defend_G","Defend_G","Defend_G","Defend_G+1","Survivor","Neutralize","Noxious Fumes+1","Poisoned Stab+1","PiercingWail","Catalyst+1","Poisoned Stab+1","Poisoned Stab+1","Poisoned Stab+1","Parasite","Crippling Poison+1","Deadly Poison+1"],"relics":["Ring of the Serpent","MealTicket","Art of War","Golden Idol","The Courier","Incense Burner","Sundial","Molten Egg 2","Philosopher\u0027s Stone","The Specimen","Boot","HornCleat","Girya","Oddly Smooth Stone","Orrery"],"acts_visited":["Exordium","TheCity","TheBeyond"],"potions_floor_usage":[50],"damage_taken":[{"damage":6.0,"enemies":"2 Louse","floor":1.0,"turns":3.0},{"damage":1.0,"enemies":"Jaw Worm","floor":7.0,"turns":3.0},{"damage":18.0,"enemies":"Gremlin Nob","floor":12.0,"turns":5.0},{"damage":0.0,"enemies":"Small Slimes","floor":14.0,"turns":3.0},{"damage":18.0,"enemies":"Hexaghost","floor":16.0,"turns":9.0},{"damage":24.0,"enemies":"Spheric Guardian","floor":18.0,"turns":6.0},{"damage":2.0,"enemies":"Chosen","floor":20.0,"turns":5.0},{"damage":3.0,"enemies":"Snake Plant","floor":22.0,"turns":5.0},{"damage":48.0,"enemies":"Book of Stabbing","floor":23.0,"turns":8.0},{"damage":7.0,"enemies":"Snecko","floor":27.0,"turns":5.0},{"damage":6.0,"enemies":"Centurion and Healer","floor":30.0,"turns":6.0},{"damage":36.0,"enemies":"Automaton","floor":33.0,"turns":6.0},{"damage":7.0,"enemies":"Orb Walker","floor":35.0,"turns":3.0},{"damage":13.0,"enemies":"3 Shapes","floor":36.0,"turns":6.0},{"damage":12.0,"enemies":"Writhing Mass","floor":38.0,"turns":5.0},{"damage":20.0,"enemies":"Mind Bloom Boss Battle","floor":39.0,"turns":6.0},{"damage":17.0,"enemies":"Giant Head","floor":44.0,"turns":7.0},{"damage":3.0,"enemies":"Maw","floor":45.0,"turns":7.0},{"damage":35.0,"enemies":"Spire Growth","floor":47.0,"turns":5.0},{"damage":15,"enemies":"Awakened One","floor":50,"turns":5}],"seed_played":"668585896139497446","potions_obtained":[{"floor":1.0,"key":"GamblersBrew"},{"floor":14.0,"key":"LiquidMemories"},{"floor":22.0,"key":"PowerPotion"},{"floor":23.0,"key":"LiquidBronze"},{"floor":30.0,"key":"LiquidMemories"},{"floor":38.0,"key":"Fire Potion"},{"floor":39.0,"key":"Weak Potion"},{"floor":44.0,"key":"Weak Potion"}],"is_trial":false,"path_per_floor":["M","$","?","?","?","R","M","R","T","?","?","E","R","M","R","B",null,"M","$","M","?","M","E","R","$","T","M","R","?","M","?","R","B",null,"M","M","$","M","?","R","T","R","T","E","M","R","M","$","R","B"],"character_chosen":"THE_SILENT","items_purchased":["Noxious Fumes","Poisoned Stab","Incense Burner","Catalyst","Oddly Smooth Stone","Orrery"],"campfire_rested":7,"item_purchase_floors":[2,2,19,25,48,48],"current_hp_per_floor":[64,64,57,43,40,40,39,60,60,60,65,47,47,47,68,50,70,46,61,59,59,56,8,29,44,44,37,58,58,52,52,52,16,70,63,50,65,53,33,54,54,70,70,53,50,70,35,50,50,35,35],"gold":34,"neow_bonus":"TWO_FIFTY_GOLD","is_daily":false,"chose_seed":false,"campfire_upgraded":4,"win_rate":0.0,"timestamp":1613994579,"path_taken":["M","$","?","?","?","R","?","R","T","?","?","E","R","M","R","BOSS","M","$","M","?","M","E","R","$","T","?","R","?","M","?","R","BOSS","M","M","$","M","?","R","?","R","T","E","?","R","?","?","R","BOSS"],"items_purchased_type":["Card","Card","Relic","Card","Relic","Relic"],"build_version":"2020-12-22","purchased_purges":4,"victory":false,"max_hp_per_floor":[70,70,70,70,70,70,70,70,70,65,70,70,70,70,70,70,70,70,70,70,70,70,70,70,70,70,70,70,70,70,70,70,70,70,70,70,70,70,70,70,70,70,70,70,70,70,70,70,70,70,70],"card_choices":[{"not_picked":["Cloak And Dagger","All Out Attack","Dash"],"picked":"SKIP","floor":1.0},{"not_picked":["Dagger Spray","Prepared","Dagger Throw"],"picked":"SKIP","floor":7.0},{"not_picked":["Well Laid Plans","Underhanded Strike","After Image"],"picked":"SKIP","floor":12.0},{"not_picked":["Acrobatics","Dagger Throw","Flying Knee"],"picked":"SKIP","floor":14.0},{"not_picked":["Eviscerate","Outmaneuver","Dagger Throw"],"picked":"SKIP","floor":18.0},{"not_picked":["Bouncing Flask","Outmaneuver","Sucker Punch"],"picked":"SKIP","floor":20.0},{"not_picked":["Dodge and Roll","Dash+1"],"picked":"PiercingWail","floor":22.0},{"not_picked":["Deflect","Leg Sweep","Grand Finale"],"picked":"SKIP","floor":23.0},{"not_picked":["Sucker Punch+1","Outmaneuver"],"picked":"Poisoned Stab+1","floor":27.0},{"not_picked":["Dagger Throw+1","Slice+1"],"picked":"Poisoned Stab+1","floor":30.0},{"not_picked":["Cloak And Dagger+1","Accuracy+1"],"picked":"Poisoned Stab+1","floor":35.0},{"not_picked":["Flying Knee+1","Blade Dance","Reflex"],"picked":"SKIP","floor":36.0},{"not_picked":["Dagger Throw+1","Masterful Stab+1","Cloak And Dagger+1"],"picked":"SKIP","floor":38.0},{"not_picked":["Dagger Throw+1","Dash+1","Deflect"],"picked":"SKIP","floor":44.0},{"not_picked":["Slice+1","Blade Dance+1","Deflect+1"],"picked":"SKIP","floor":45.0},{"not_picked":["Dodge and Roll+1","Backflip+1","Endless Agony+1"],"picked":"SKIP","floor":47.0},{"not_picked":["Distraction+1","Acrobatics+1"],"picked":"Crippling Poison+1","floor":48.0},{"not_picked":["Masterful Stab+1","Blur+1"],"picked":"Deadly Poison","floor":48.0}],"player_experience":235046,"relics_obtained":[{"floor":9.0,"key":"Art of War"},{"floor":12.0,"key":"The Courier"},{"floor":23.0,"key":"Sundial"},{"floor":26.0,"key":"Molten Egg 2"},{"floor":39.0,"key":"The Specimen"},{"floor":41.0,"key":"Boot"},{"floor":43.0,"key":"HornCleat"},{"floor":44.0,"key":"Girya"}],"event_choices":[{"cards_removed":["Strike_G"],"damage_healed":0.0,"max_hp_gain":0.0,"max_hp_loss":0.0,"gold_gain":0.0,"event_name":"Golden Wing","player_choice":"Card Removal","floor":3.0,"gold_loss":0.0,"damage_taken":7.0},{"damage_healed":0.0,"max_hp_gain":0.0,"max_hp_loss":0.0,"gold_gain":0.0,"event_name":"Shining Light","player_choice":"Entered Light","floor":4.0,"gold_loss":0.0,"damage_taken":14.0,"cards_upgraded":["Strike_G","Defend_G"]},{"damage_healed":0.0,"max_hp_gain":0.0,"max_hp_loss":0.0,"gold_gain":0.0,"event_name":"Scrap Ooze","player_choice":"Success","floor":5.0,"gold_loss":0.0,"damage_taken":3.0,"relics_obtained":["MealTicket"]},{"damage_healed":0.0,"max_hp_gain":0.0,"max_hp_loss":5.0,"gold_gain":0.0,"event_name":"Golden Idol","player_choice":"Lose Max HP","floor":10.0,"gold_loss":0.0,"damage_taken":0.0,"relics_obtained":["Golden Idol"]},{"damage_healed":0.0,"max_hp_gain":5.0,"max_hp_loss":0.0,"gold_gain":0.0,"event_name":"Big Fish","player_choice":"Donut","floor":11.0,"gold_loss":0.0,"damage_taken":0.0},{"damage_healed":0.0,"max_hp_gain":0.0,"max_hp_loss":0.0,"gold_gain":0.0,"event_name":"The Joust","player_choice":"Bet on Murderer","floor":21.0,"gold_loss":50.0,"damage_taken":0.0},{"cards_removed":["Strike_G"],"damage_healed":0.0,"max_hp_gain":0.0,"max_hp_loss":0.0,"gold_gain":0.0,"event_name":"Beggar","player_choice":"Gave Gold","floor":29.0,"gold_loss":75.0,"damage_taken":0.0},{"damage_healed":0.0,"max_hp_gain":0.0,"max_hp_loss":0.0,"gold_gain":100.0,"event_name":"Golden Shrine","player_choice":"Pray","floor":31.0,"gold_loss":0.0,"damage_taken":0.0},{"damage_healed":0.0,"max_hp_gain":0.0,"max_hp_loss":0.0,"gold_gain":0.0,"event_name":"MindBloom","player_choice":"Fight","floor":39.0,"gold_loss":0.0,"damage_taken":0.0}],"is_beta":false,"boss_relics":[{"not_picked":["WristBlade","Runic Dome"],"picked":"Ring of the Serpent"},{"not_picked":["Black Star","HoveringKite"],"picked":"Philosopher\u0027s Stone"}],"items_purged_floors":[2,19,37,48],"is_endless":false,"potions_floor_spawned":[1,14,22,23,30,38,39,44],"killed_by":"Awakened One","ascension_level":0}}