{"host":"j019w4cyowrad0mf","time":1613978381,"event":{"mods":["2.2 Compatiblity","Act Like it!","BaseMod","CapriCore","Gensokyo","HololiveMod","Marisa????????","Minty Spire (QoL Compilation)","Rare Cards Sparkle","Reimu??????","StSLib","Waifu the Spire"],"gold_per_floor":[86,96,112,123,143,143,176,192,192,203,217,217,251,68,68,166,166,177,50,50,60,76,76,89,109,109,12,262,281,293,293,293,894,894,914,854,871,871,871,885,885,885,885,939,475,475,523,540,540,775,775,775,400,448,448],"floor_reached":56,"language":"ENG","playtime":3173,"items_purged":["Hololive_Defend"],"score":1980,"play_id":"73ef04a7-e228-4124-a326-8c105765a5df","local_time":"20210221231941","is_ascension_mode":true,"campfire_choices":[{"floor":6,"key":"RECALL"},{"data":"Hololive_DDD","floor":12,"key":"SMITH"},{"data":"Hololive_CallShiranuiFlare","floor":15,"key":"SMITH"},{"data":"Apotheosis","floor":23,"key":"SMITH"},{"data":"Hololive_CallAmaneKanata","floor":32,"key":"SMITH"},{"data":"Hololive_FlareMind","floor":41,"key":"SMITH"},{"data":"Hololive_Yoholoon","floor":46,"key":"SMITH"},{"data":"Hololive_HuntDinosaur","floor":49,"key":"SMITH"},{"data":"Gensokyo:SevenSchoolMysteries","floor":52,"key":"SMITH"}],"circlet_count":0,"master_deck":["Hololive_CallHoushouMarine","Hololive_CallShiroganeNoel","Hololive_CallUruhaRushia","Hololive_CallShiranuiFlare+1","Hololive_CallUsadaPekora+1","Hololive_StrengthChampion","Hololive_LuckPotion","Hololive_CallYozoraMel","Hololive_Yoholoon+1","Hololive_CallYukihanaLamy","Hololive_CallAmaneKanata+1","Apotheosis+1","Hololive_HuntDinosaur+1","Gensokyo:SevenSchoolMysteries+1","Hololive_SummonFox","Hololive_CallAkiRosenthal","Hololive_FlareMind+1","Gensokyo:CustomPotion","Hololive_CallSakuraMiko+1","Hololive_HuntDinosaur+1","Hololive_CallTsunomakiWatame+1","Discovery","Hololive_Rebirth"],"relics":["Hololive_TheStar","Bottled Lightning","Potion Belt","Empty Cage","Gensokyo:ChorusOfJoy","SlaversCollar","Tea:ReiMu","Gambling Chip","Bottled Flame","Question Card","Frozen Eye","Strange Spoon","Oddly Smooth Stone","Ancient Tea Set","Happy Flower","Strawberry","Ice Cream","Kunai"],"acts_visited":["Exordium","Gensokyo:Gensokyo","Gensokyo:Gensokyoer","TheEnding"],"potions_floor_usage":[22,22,54,55],"damage_taken":[{"damage":0,"enemies":"Gensokyo:3_Fairies","floor":1,"turns":4},{"damage":0,"enemies":"Gensokyo:2_Kodama","floor":2,"turns":2},{"damage":0,"enemies":"Gensokyo:Gryphon","floor":3,"turns":3},{"damage":0,"enemies":"Gensokyo:Kitsune","floor":4,"turns":2},{"damage":0,"enemies":"Gensokyo:2_Rabbits","floor":5,"turns":3},{"damage":0,"enemies":"Gensokyo:Aya","floor":7,"turns":3},{"damage":0,"enemies":"Gensokyo:3_Kodama","floor":8,"turns":3},{"damage":0,"enemies":"Gensokyo:VengefulSpirit","floor":10,"turns":4},{"damage":0,"enemies":"Gensokyo:Gryphon_and_Rabbit","floor":11,"turns":4},{"damage":0,"enemies":"Gensokyo:Cirno","floor":13,"turns":5},{"damage":0,"enemies":"Gensokyo:Kokoro","floor":16,"turns":6},{"damage":0,"enemies":"Gensokyo:Chomper","floor":18,"turns":4},{"damage":0,"enemies":"Gensokyo:AngelMirror","floor":21,"turns":3},{"damage":0,"enemies":"Gensokyo:Swordslinger","floor":22,"turns":3},{"damage":0,"enemies":"Gensokyo:Wraith","floor":24,"turns":4},{"damage":0,"enemies":"Gensokyo:Slime_Group","floor":25,"turns":4},{"damage":0,"enemies":"Gensokyo:Monolith_and_Dog","floor":29,"turns":3},{"damage":0,"enemies":"Gensokyo:Wraith","floor":30,"turns":5},{"damage":0,"enemies":"Gensokyo:Eternal_Rivals","floor":33,"turns":9},{"damage":0,"enemies":"Gensokyo:AncientGuardian","floor":35,"turns":5},{"damage":0,"enemies":"Gensokyo:3_Boulders","floor":37,"turns":5},{"damage":0,"enemies":"Gensokyo:4_Bats","floor":40,"turns":4},{"damage":0,"enemies":"Gensokyo:Kasen","floor":44,"turns":5},{"damage":0,"enemies":"Gensokyo:Doremy","floor":47,"turns":4},{"damage":0,"enemies":"Gensokyo:SeedOfUnknown","floor":48,"turns":4},{"damage":0,"enemies":"Gensokyo:Yuyuko","floor":50,"turns":6},{"damage":0,"enemies":"Shield and Spear","floor":54,"turns":5},{"damage":23,"enemies":"The Heart","floor":55,"turns":8}],"seed_played":"5809543092816202832","potions_obtained":[{"floor":3,"key":"AttackPotion"},{"floor":5,"key":"CultistPotion"},{"floor":11,"key":"SkillPotion"},{"floor":16,"key":"DuplicationPotion"},{"floor":21,"key":"Strength Potion"},{"floor":22,"key":"Block Potion"},{"floor":30,"key":"BlessingOfTheForge"}],"is_trial":false,"path_per_floor":["M","M","M","M","M","R","E","M","T","M","M","R","E","$","R","B",null,"M","$","?","M","M","R","M","M","T","COS","?","M","M","?","R","B",null,"M","?","M","?","T","M","R","?","T","E","COS","R","E","M","R","B",null,"R","$","E","B",null],"character_chosen":"Hololive_HololiveCharacter","items_purchased":["Apotheosis","Hololive_HuntDinosaur","Happy Flower","Strawberry","Discovery"],"campfire_rested":0,"item_purchase_floors":[14,19,53,53,53],"current_hp_per_floor":[23,23,23,23,23,23,23,23,23,23,23,23,23,35,35,35,35,35,35,32,32,32,32,32,32,32,32,32,32,32,32,32,32,32,32,32,32,28,28,32,32,32,32,32,32,32,32,32,32,32,32,32,39,39,26],"gold":448,"neow_bonus":"REMOVE_TWO","is_daily":false,"chose_seed":false,"campfire_upgraded":8,"win_rate":0.0,"timestamp":1613978381,"path_taken":["M","M","M","M","M","R","E","M","T","M","M","R","E","$","R","BOSS","M","$","?","M","M","R","M","M","T","COS","?","?","M","?","R","BOSS","M","?","?","?","?","M","R","?","T","E","COS","R","E","M","R","BOSS","R","$","E","BOSS"],"items_purchased_type":["Card","Card","Relic","Relic","Card"],"build_version":"2020-12-22","purchased_purges":1,"victory":true,"max_hp_per_floor":[35,35,35,35,35,35,35,35,35,35,35,35,35,35,35,35,35,35,35,32,32,32,32,32,32,32,32,32,32,32,32,32,32,32,32,32,32,32,32,32,32,32,32,32,32,32,32,32,32,32,32,32,39,39,39],"card_choices":[{"not_picked":["Hololive_CallTsunomakiWatame","Hololive_StrengthChampion","Hololive_HuntDinosaur"],"picked":"Hololive_LuckPotion","floor":1},{"not_picked":["Hololive_Trident","Hololive_Psychosis","Hololive_Breathe"],"picked":"Hololive_FlyingPonyTail","floor":2},{"not_picked":["Hololive_Drill","Hololive_Psychosis","Hololive_OvertimeWork","Hololive_SoulCatcher"],"picked":"SKIP","floor":3},{"not_picked":["Hololive_ILoveYou","Hololive_ManjiGathering","Hololive_Breathe"],"picked":"Hololive_DDD","floor":4},{"not_picked":["Hololive_Breathe","Hololive_Sequa","Hololive_CallShirakamiFubuki"],"picked":"Hololive_CallYozoraMel","floor":5},{"not_picked":["Hololive_CallYozoraMel","Hololive_Psychosis","Hololive_Rebound"],"picked":"Hololive_Yoholoon","floor":7},{"not_picked":["Hololive_Trident","Hololive_RevenueBasedLive","Hololive_CallHimemoriLuna"],"picked":"Hololive_CallYukihanaLamy","floor":8},{"not_picked":["Hololive_FlyingPonyTail","Hololive_Rebound","Hololive_StrengthChampion","Hololive_OvertimeWork"],"picked":"SKIP","floor":10},{"not_picked":["Hololive_CallOzoraSubaru","Hololive_Breathe","Hololive_Trident"],"picked":"Hololive_CallAmaneKanata","floor":11},{"not_picked":["Hololive_CallHoshimachiSuisei","Hololive_SoulCatcher","Hololive_CallDoris","Hololive_MaximGun"],"picked":"SKIP","floor":13},{"not_picked":["Hololive_Drill+1","Hololive_DevilCharm","Hololive_CallNekomataOkayu","Hololive_Breathe"],"picked":"SKIP","floor":18},{"not_picked":["Gensokyo:GapWoman","Gensokyo:Doppelganger","Gensokyo:SlitMouthedWoman"],"picked":"Gensokyo:SevenSchoolMysteries","floor":20},{"not_picked":["Hololive_Breathe","Hololive_CallShiroganeNoel+1","Hololive_Drill+1","Hololive_Watashimo"],"picked":"SKIP","floor":21},{"not_picked":["Hololive_CallCivia","Hololive_CallYogiri+1","Hololive_CallUsadaPekora+1","Hololive_Rebound+1"],"picked":"SKIP","floor":22},{"not_picked":["Hololive_CallOmaruPolka","Hololive_Rebound","Hololive_LuckPotion"],"picked":"Hololive_SummonFox","floor":24},{"not_picked":["Hololive_Trident","Hololive_Rebirth","Hololive_CallMurasakiShion"],"picked":"Hololive_CallAkiRosenthal","floor":25},{"not_picked":["Hololive_Breathe","Hololive_ManjiGathering+1","Hololive_CallOkamiMio","Hololive_CallTokinoSora+1"],"picked":"SKIP","floor":29},{"not_picked":["Hololive_Drill","Hololive_CallOkamiMio","Hololive_CocoNews","Hololive_Sequa"],"picked":"SKIP","floor":30},{"not_picked":["Hololive_IdolExercise","Hololive_AWSL","Hololive_HighAtkLowDef"],"picked":"Hololive_FlareMind","floor":33},{"not_picked":["Hololive_Trident+1","Hololive_LuckPotion+1","Hololive_RevenueBasedLive+1","Hololive_OvertimeWork"],"picked":"SKIP","floor":35},{"not_picked":["Hololive_Rebound","Hololive_Sequa+1","Hololive_OvertimeWork+1","Hololive_Psychosis+1"],"picked":"SKIP","floor":37},{"not_picked":["Hololive_Yoholoon","Hololive_CallYozoraMel+1","Hololive_Rebound+1"],"picked":"Hololive_CallSakuraMiko+1","floor":40},{"not_picked":["Hololive_HuntDinosaur","Hololive_CocoNews","Hololive_CallInugamiKorone+1","Hololive_CallMoonaHoshinova"],"picked":"SKIP","floor":44},{"not_picked":["Hololive_OpenUp","Hololive_Rebound","Hololive_CallHimemoriLuna+1","Hololive_CocoNews+1"],"picked":"Hololive_HuntDinosaur+1","floor":47},{"not_picked":["Hololive_CallShishiroBotan+1","Hololive_CallShirakamiFubuki","Hololive_CallNatsuiroMatsuri","Hololive_Trident+1"],"picked":"Hololive_CallTsunomakiWatame+1","floor":48},{"not_picked":["Hololive_Rebound","Hololive_CallTokoyamiTowa+1","Hololive_CallHoushouMarine+1","Hololive_BringToTrial+1"],"picked":"Hololive_Rebirth","floor":54}],"player_experience":352591,"relics_obtained":[{"floor":7,"key":"MealTicket"},{"floor":9,"key":"Bottled Lightning"},{"floor":13,"key":"Potion Belt"},{"floor":39,"key":"Gambling Chip"},{"floor":43,"key":"Bottled Flame"},{"floor":44,"key":"Question Card"},{"floor":47,"key":"Oddly Smooth Stone"},{"floor":54,"key":"Kunai"}],"event_choices":[],"is_beta":false,"boss_relics":[{"not_picked":["Coffee Dripper","Velvet Choker"],"picked":"Empty Cage"},{"not_picked":["Hololive_Finger","Runic Dome"],"picked":"SlaversCollar"}],"items_purged_floors":[19],"is_endless":false,"potions_floor_spawned":[3,5,11,16,21,22,30,33,44],"ascension_level":8}}