{"host":"wshey5htrz8rni6u","time":1613982418,"event":{"mods":["2.2 Compatiblity","BaseMod","Block Reminder","Colored Map","Colored Powertips","Current Relic Mod","Curses Come First","Dark Map","Key Reminder","Keyboard Shortcuts","Minty Spire (QoL Compilation)","Potion Indicator Mod","Quick Restart","Random Character Button","Relic Sorter","Relic Stats","StSLib","SuperFastMode","Unceasing Turn Reminder","UnlockEverythingMod","Weighted Paths"],"gold_per_floor":[113,20,31,31,49,77,77,102,102,129,129,161,173,197,209,316,328,351,380,392,404,331,343,390,402,414,446,8,33,133,143,143,143,143],"floor_reached":33,"language":"ENG","playtime":2520,"items_purged":["Strike_G"],"score":563,"play_id":"17aa7121-5335-4271-a9c3-f75312ad93bd","local_time":"20210222002658","is_ascension_mode":true,"campfire_choices":[{"data":"Neutralize","floor":7.0,"key":"SMITH"},{"floor":11.0,"key":"REST"},{"data":"Phantasmal Killer","floor":15,"key":"SMITH"},{"floor":23,"key":"REST"},{"data":"Envenom","floor":25,"key":"SMITH"},{"floor":32,"key":"REST"}],"circlet_count":0,"master_deck":["AscendersBane","Strike_G","Strike_G","Defend_G","Defend_G","Defend_G","Defend_G","Defend_G","Survivor","Neutralize+1","Noxious Fumes","Deflect","Predator","Poisoned Stab","Quick Slash","Strike_P","Cloak And Dagger","Phantasmal Killer+1","Storm of Steel","Glass Knife+1","Acrobatics","Envenom+1","Dagger Throw+1","Outmaneuver","Ghostly","Ghostly","Ghostly","Ghostly","Ghostly","Die Die Die+1","Leg Sweep","Dagger Throw+1","Cloak And Dagger","Accuracy+1"],"relics":["Ring of the Snake","Bottled Tornado","Molten Egg 2","Pear","MawBank","HoveringKite","Nilry\u0027s Codex","Matryoshka","Happy Flower","Toy Ornithopter","Pen Nib","Paper Crane","Ancient Tea Set","keyreminder:keyreminder","CaptainsWheel","Darkstone Periapt"],"acts_visited":["Exordium","TheCity"],"potions_floor_usage":[18,29,30],"damage_taken":[{"damage":1.0,"enemies":"2 Louse","floor":1.0,"turns":3.0},{"damage":2.0,"enemies":"Cultist","floor":3.0,"turns":4.0},{"damage":0.0,"enemies":"Jaw Worm","floor":5.0,"turns":5.0},{"damage":17.0,"enemies":"3 Sentries","floor":6.0,"turns":10.0},{"damage":28.0,"enemies":"Lagavulin","floor":8.0,"turns":7.0},{"damage":11.0,"enemies":"3 Sentries","floor":10.0,"turns":8.0},{"damage":30,"enemies":"Gremlin Nob","floor":12,"turns":4},{"damage":0,"enemies":"Large Slime","floor":14,"turns":4},{"damage":28,"enemies":"Hexaghost","floor":16,"turns":10},{"damage":1,"enemies":"Spheric Guardian","floor":18,"turns":3},{"damage":26,"enemies":"Shell Parasite","floor":19,"turns":5},{"damage":0,"enemies":"Slavers","floor":24,"turns":6},{"damage":2,"enemies":"Centurion and Healer","floor":27,"turns":5},{"damage":19,"enemies":"Book of Stabbing","floor":29,"turns":5},{"damage":0,"enemies":"Colosseum Slavers","floor":30,"turns":4},{"damage":1,"enemies":"Colosseum Nobs","floor":30,"turns":5},{"damage":3,"enemies":"Snake Plant","floor":31,"turns":6},{"damage":37,"enemies":"Champ","floor":33,"turns":10}],"seed_played":"6449427719289119282","potions_obtained":[{"floor":1.0,"key":"Regen Potion"},{"floor":14,"key":"SteroidPotion"},{"floor":16,"key":"Fire Potion"},{"floor":19,"key":"AttackPotion"},{"floor":29,"key":"ColorlessPotion"}],"is_trial":false,"path_per_floor":["M","$","M","?","M","E","R","E","T","E","R","E","?","M","R","B",null,"M","M","?","?","?","R","E","R","T","M","$","E","?","M","R","B"],"character_chosen":"THE_SILENT","items_purchased":["Predator","Poisoned Stab","Leg Sweep","Paper Crane","Dagger Throw+1"],"campfire_rested":3,"item_purchase_floors":[2,2,28,28,28],"current_hp_per_floor":[62,62,60,60,60,43,43,15,15,29,53,23,49,49,49,21,65,64,38,38,22,22,34,34,34,34,32,32,18,22,19,31,0,0],"gold":143,"neow_bonus":"TRANSFORM_CARD","is_daily":false,"chose_seed":false,"campfire_upgraded":3,"win_rate":0.0,"timestamp":1613982418,"path_taken":["M","$","M","?","?","E","R","E","T","E","R","E","?","M","R","BOSS","M","M","?","?","?","R","E","R","T","M","$","E","?","M","R","BOSS"],"items_purchased_type":["Card","Card","Card","Relic","Card"],"build_version":"2020-12-13","purchased_purges":1,"victory":false,"max_hp_per_floor":[70,70,70,70,70,70,70,70,70,80,80,80,80,80,80,80,80,80,80,40,40,40,40,40,40,40,40,40,40,40,40,40,40,40],"relic_stats":{"Darkstone Periapt":0,"Happy Flower":[11],"counters":[18,104],"HoveringKite":[30],"Pen Nib":[7],"MawBank":192,"obtain_stats":[{"Darkstone Periapt":30,"Pear":10,"Happy Flower":24,"Nilry\u0027s Codex":21,"HoveringKite":17,"Pen Nib":26,"Bottled Tornado":6,"Paper Crane":28,"MawBank":12,"Ancient Tea Set":29,"keyreminder:keyreminder":29,"CaptainsWheel":30,"Matryoshka":22,"Molten Egg 2":9,"Toy Ornithopter":26,"Ring of the Snake":0},{"Darkstone Periapt":16,"Pear":6,"Happy Flower":12,"Nilry\u0027s Codex":11,"HoveringKite":9,"Pen Nib":12,"Bottled Tornado":4,"Paper Crane":13,"MawBank":7,"Ancient Tea Set":14,"keyreminder:keyreminder":14,"CaptainsWheel":16,"Matryoshka":11,"Molten Egg 2":5,"Toy Ornithopter":12,"Ring of the Snake":0},{"Darkstone Periapt":88,"Pear":37,"Happy Flower":69,"Nilry\u0027s Codex":63,"HoveringKite":55,"Pen Nib":69,"Bottled Tornado":22,"Paper Crane":74,"MawBank":41,"Ancient Tea Set":79,"keyreminder:keyreminder":79,"CaptainsWheel":88,"Matryoshka":63,"Molten Egg 2":29,"Toy Ornithopter":69,"Ring of the Snake":0}],"Toy Ornithopter":10,"Ring of the Snake":[36]},"card_choices":[{"not_picked":["Underhanded Strike","Outmaneuver"],"picked":"Deflect","floor":1.0},{"not_picked":["Poisoned Stab","Dodge and Roll"],"picked":"Quick Slash","floor":3.0},{"not_picked":["Deadly Poison","PiercingWail"],"picked":"Cloak And Dagger","floor":5.0},{"not_picked":["Sucker Punch","Well Laid Plans"],"picked":"Phantasmal Killer","floor":6.0},{"not_picked":["Bouncing Flask","Blade Dance","Choke"],"picked":"SKIP","floor":8.0},{"not_picked":["Acrobatics","Dagger Throw+1"],"picked":"Storm of Steel","floor":10.0},{"not_picked":["Catalyst","Quick Slash+1"],"picked":"Glass Knife+1","floor":12},{"not_picked":["Tactician","Dagger Throw+1"],"picked":"Acrobatics","floor":14},{"not_picked":["Night Terror","Burst"],"picked":"Envenom","floor":16},{"not_picked":["Backstab+1","Deadly Poison"],"picked":"Dagger Throw+1","floor":18},{"not_picked":["Distraction","Deadly Poison+1"],"picked":"Outmaneuver","floor":19},{"not_picked":["Poisoned Stab+1","Bane+1","Sucker Punch+1"],"picked":"SKIP","floor":24},{"not_picked":["Underhanded Strike+1","Sucker Punch+1"],"picked":"Die Die Die+1","floor":27},{"not_picked":["Dagger Spray+1","Slice+1","Blade Dance"],"picked":"SKIP","floor":29},{"not_picked":["Outmaneuver","Dagger Throw+1"],"picked":"Cloak And Dagger","floor":30},{"not_picked":["Blade Dance","Flying Knee+1"],"picked":"Accuracy+1","floor":31}],"player_experience":175129,"relics_obtained":[{"floor":6.0,"key":"Bottled Tornado"},{"floor":9.0,"key":"Molten Egg 2"},{"floor":10.0,"key":"Pear"},{"floor":12,"key":"MawBank"},{"floor":21,"key":"Nilry\u0027s Codex"},{"floor":24,"key":"Happy Flower"},{"floor":26,"key":"Toy Ornithopter"},{"floor":26,"key":"Pen Nib"},{"floor":29,"key":"Ancient Tea Set"},{"floor":30,"key":"CaptainsWheel"},{"floor":30,"key":"Darkstone Periapt"}],"event_choices":[{"cards_removed":["Strike_G"],"damage_healed":0.0,"max_hp_gain":0.0,"max_hp_loss":0.0,"gold_gain":0.0,"event_name":"NoteForYourself","player_choice":"Took Card","floor":4.0,"gold_loss":0.0,"damage_taken":0.0,"cards_obtained":["Strike_P"]},{"damage_healed":26,"gold_gain":0,"player_choice":"Banana","damage_taken":0,"max_hp_gain":0,"max_hp_loss":0,"event_name":"Big Fish","floor":13,"gold_loss":0},{"damage_healed":0,"gold_gain":0,"player_choice":"Became a Ghost","damage_taken":0,"max_hp_gain":0,"max_hp_loss":40,"event_name":"Ghosts","floor":20,"gold_loss":0,"cards_obtained":["Ghostly","Ghostly","Ghostly","Ghostly","Ghostly"]},{"damage_healed":0,"gold_gain":0,"player_choice":"Obtained Book","damage_taken":16,"max_hp_gain":0,"max_hp_loss":0,"event_name":"Cursed Tome","floor":21,"gold_loss":0},{"damage_healed":0,"gold_gain":0,"player_choice":"Obtained Relic","damage_taken":0,"relics_obtained":["Matryoshka"],"max_hp_gain":0,"max_hp_loss":0,"event_name":"Addict","floor":22,"gold_loss":85},{"damage_healed":0,"gold_gain":0,"player_choice":"Fight","damage_taken":0,"max_hp_gain":0,"max_hp_loss":0,"event_name":"Colosseum","floor":30,"gold_loss":0},{"damage_healed":0,"gold_gain":0,"player_choice":"Fought Nobs","damage_taken":0,"max_hp_gain":0,"max_hp_loss":0,"event_name":"Colosseum","floor":30,"gold_loss":0}],"is_beta":false,"boss_relics":[{"not_picked":["Snecko Eye","Philosopher\u0027s Stone"],"picked":"HoveringKite"}],"items_purged_floors":[28],"is_endless":false,"potions_floor_spawned":[1,14,16,19,29,30],"killed_by":"Champ","ascension_level":12}}