{"host":"sc0o2qwpf9j16a4i","time":1613999494,"event":{"mods":["AchievementEnabler","BaseMod","BetterRewards","Block Reminder","Colored Map","Colored Powertips","Custom Start","Highlight Path","Minty Spire (QoL Compilation)","Relic Stats"],"gold_per_floor":[112,123,133,133,143,176,176,203,278,311,330,365,396,396,396,519,519,535,445,0,16,64,64,64],"floor_reached":23,"language":"ENG","playtime":886,"items_purged":[],"score":329,"play_id":"4e287525-dcc6-488e-8bcd-6cfe6421cbe9","local_time":"20210222151134","daily_mods":["Insanity","Green Cards","Elite Swarm"],"is_ascension_mode":false,"campfire_choices":[{"data":"Hologram","floor":7,"key":"SMITH"},{"data":"Well Laid Plans","floor":15,"key":"SMITH"}],"circlet_count":0,"master_deck":["Ball Lightning","Cold Snap","Calculated Gamble","Finisher","Capacitor","Compile Driver","Hologram+1","Lockon","Slice","Well Laid Plans+1","Distraction","Deflect","PiercingWail","Leap","Dagger Throw+1","Cloak And Dagger","Tactician","Capacitor","Backstab","Leap","Infinite Blades","Terror","Poisoned Stab","Doom and Gloom","Darkness","Acrobatics","Flying Knee","Predator","Hologram","Dodge and Roll","Outmaneuver","Choke","PiercingWail","Recycle","Deflect","Hologram","Rebound","Blade Dance","Gash","Skim","Hologram","Leap","Compile Driver","Dagger Throw","Slice","Acrobatics","Doom and Gloom","Cold Snap","Quick Slash","Quick Slash","Deflect+1","Rebound","Cold Snap+1","Echo Form","Seek","Ball Lightning","Malaise","Corpse Explosion","Acrobatics+1","Echo Form","Reinforced Body+1","Parasite"],"relics":["Cracked Core","Lizard Tail","WingedGreaves","HornCleat","Whetstone","Calipers","Lantern","Golden Idol","Cursed Key","DollysMirror","Mango","Orichalcum"],"acts_visited":["Exordium","TheCity"],"potions_floor_usage":[10,12,23],"damage_taken":[{"damage":8,"enemies":"Small Slimes","floor":1,"turns":2},{"damage":0,"enemies":"Cultist","floor":2,"turns":2},{"damage":0,"enemies":"2 Louse","floor":3,"turns":2},{"damage":4,"enemies":"Looter","floor":5,"turns":2},{"damage":12,"enemies":"Gremlin Nob","floor":6,"turns":3},{"damage":10,"enemies":"Lagavulin","floor":8,"turns":7},{"damage":7,"enemies":"3 Sentries","floor":10,"turns":5},{"damage":12,"enemies":"Blue Slaver","floor":11,"turns":3},{"damage":14,"enemies":"Lagavulin","floor":12,"turns":5},{"damage":0,"enemies":"Gremlin Nob","floor":13,"turns":4},{"damage":4,"enemies":"Hexaghost","floor":16,"turns":8},{"damage":0,"enemies":"3 Byrds","floor":18,"turns":4},{"damage":2,"enemies":"Chosen","floor":21,"turns":4},{"damage":22,"enemies":"Slavers","floor":23,"turns":2}],"seed_played":"1409882542514845909","potions_obtained":[{"floor":3,"key":"Strength Potion"},{"floor":8,"key":"EssenceOfDarkness"},{"floor":10,"key":"SkillPotion"},{"floor":11,"key":"BlessingOfTheForge"},{"floor":12,"key":"FocusPotion"}],"is_trial":true,"path_per_floor":["M","M","M","?","M","E","R","E","T","E","M","E","E","?","R","B",null,"M","?","$","M","T","E"],"character_chosen":"DEFECT","items_purchased":["DollysMirror","Mango"],"campfire_rested":0,"item_purchase_floors":[20,20],"current_hp_per_floor":[67,67,67,75,71,59,59,49,49,42,30,16,16,16,16,12,75,75,75,89,87,87,65,65],"gold":64,"neow_bonus":"","is_daily":false,"chose_seed":false,"campfire_upgraded":2,"win_rate":0.0,"timestamp":1613999494,"path_taken":["M","M","?","?","M","E","R","E","T","E","?","E","E","?","R","BOSS","M","?","?","?","?","E"],"items_purchased_type":["Relic","Relic"],"build_version":"2020-12-22","purchased_purges":0,"victory":false,"max_hp_per_floor":[75,75,75,75,75,75,75,75,75,75,75,75,75,75,75,75,75,75,75,89,89,89,89,89],"relic_stats":{"Lizard Tail":0,"counters":[14,53],"Golden Idol":31,"Whetstone":["Dagger Throw","Cold Snap"],"Orichalcum":[0],"Cursed Key":1,"obtain_stats":[{"Lizard Tail":6,"Lantern":13,"HornCleat":9,"Calipers":12,"Golden Idol":14,"DollysMirror":20,"Mango":20,"WingedGreaves":8,"Whetstone":10,"Orichalcum":22,"Cracked Core":0,"Cursed Key":17},{"Lizard Tail":5,"Lantern":10,"HornCleat":6,"Calipers":9,"Golden Idol":10,"DollysMirror":12,"Mango":12,"WingedGreaves":6,"Whetstone":7,"Orichalcum":13,"Cracked Core":0,"Cursed Key":11},{"Lizard Tail":11,"Lantern":35,"HornCleat":18,"Calipers":31,"Golden Idol":35,"DollysMirror":47,"Mango":47,"WingedGreaves":18,"Whetstone":23,"Orichalcum":51,"Cracked Core":0,"Cursed Key":43}]},"card_choices":[{"not_picked":["Setup","Beam Cell","Sunder"],"picked":"SKIP","floor":1},{"not_picked":["Dodge and Roll","Outmaneuver"],"picked":"Deflect","floor":2},{"not_picked":["Burst","Steam"],"picked":"Rebound","floor":3},{"not_picked":["Slice","Sucker Punch"],"picked":"Cold Snap","floor":5},{"not_picked":["Wraith Form v2","Hyperbeam"],"picked":"Echo Form","floor":6},{"not_picked":["Storm of Steel","All For One"],"picked":"Seek","floor":8},{"not_picked":["Tools of the Trade","Reboot","Grand Finale"],"picked":"SKIP","floor":10},{"not_picked":["Quick Slash","Conserve Battery"],"picked":"Ball Lightning","floor":11},{"not_picked":["After Image","Unload"],"picked":"Malaise","floor":12},{"not_picked":["Grand Finale","Biased Cognition"],"picked":"Corpse Explosion","floor":13},{"not_picked":["Prepared","Blade Dance"],"picked":"Acrobatics+1","floor":18},{"not_picked":["Coolheaded+1","Blade Dance"],"picked":"Reinforced Body+1","floor":21}],"player_experience":1526076,"relics_obtained":[{"floor":6,"key":"Lizard Tail"},{"floor":8,"key":"WingedGreaves"},{"floor":9,"key":"HornCleat"},{"floor":10,"key":"Whetstone"},{"floor":12,"key":"Calipers"},{"floor":13,"key":"Lantern"},{"floor":22,"key":"Orichalcum"}],"event_choices":[{"damage_healed":8,"gold_gain":0,"player_choice":"Full Heal","damage_taken":0,"max_hp_gain":0,"max_hp_loss":0,"event_name":"Wheel of Change","floor":4,"gold_loss":0},{"damage_healed":0,"gold_gain":0,"player_choice":"Take Wound","damage_taken":0,"relics_obtained":["Golden Idol"],"max_hp_gain":0,"max_hp_loss":0,"event_name":"Golden Idol","floor":14,"gold_loss":0,"cards_obtained":["Injury"]},{"cards_removed":["Injury"],"damage_healed":0,"gold_gain":0,"player_choice":"Upgrade and Remove","damage_taken":0,"max_hp_gain":0,"max_hp_loss":0,"event_name":"Designer","floor":19,"gold_loss":90,"cards_upgraded":["Deflect"]}],"is_beta":false,"boss_relics":[{"not_picked":["Calling Bell","Black Star"],"picked":"Cursed Key"}],"items_purged_floors":[],"is_endless":false,"potions_floor_spawned":[3,8,10,11,12,16,21],"killed_by":"Slavers","ascension_level":0}}