{"host":"o9lehcdjc4u6j9un","time":1613985668,"event":{"mods":["Aspiration","BaseMod","Better-Laid Plans","Bossed Relics","Colored Map","Downfall","Gremlin Mod","Hermit","Koishi","Marisa£®ÏF”Í°°ƒß¿Ì…≥£©","Minty Spire (QoL Compilation)","Reimu£®≤©¿ˆ¡È√Œ£©","Remilia£®¿Ÿ√◊¿Ú—«£©","Robot Space Explorer","StSLib","The Alterego","The Hierophant","The Jungle","The Marked","The Runesmith","The Senshi","The Servant 0.9.4","Yakumo Yukari mod","Youmu£®ªÍ∆«—˝√Œ£©","≤–¡Ù÷ÆŒÔ"],"gold_per_floor":[114,130,90,15,34,34,65,65,91,116,116,133,60,80,80,178,178,191,141,141,161,171,171,171],"floor_reached":23,"language":"ZHS","playtime":2451,"items_purged":["theMarked:Strike","theMarked:Strike","theMarked:Strike"],"score":201,"play_id":"ae59115a-882b-4656-a814-b55d500e8768","local_time":"20210222172108","is_ascension_mode":false,"campfire_choices":[{"data":"theMarked:SoldierOfQuellstein","floor":6,"key":"SMITH"},{"floor":8,"key":"REST"},{"floor":15,"key":"REST"}],"circlet_count":0,"master_deck":["theMarked:Defend","theMarked:Defend","theMarked:Defend","theMarked:Defend","theMarked:SoldierOfQuellstein+1","theMarked:OneWithTheBlade","theMarked:Static","theMarked:HeightenedSenses","theMarked:Overcharge","theMarked:Aftermath","theMarked:EmpowerWeapon","theMarked:TurnInvisible","theMarked:ResourceFulStrike+1","theMarked:OneWithTheBlade+1","theMarked:Static"],"relics":["theMarked:ArtifactOfAir","aspiration:HiddenCompartment","PaintedHorse:ReiMu","bronze:DecasWashers","Smiling Mask","Lantern","Calipers","Empty Cage"],"acts_visited":["Exordium","TheCity"],"potions_floor_usage":[7,18],"damage_taken":[{"damage":1,"enemies":"Cultist","floor":1,"turns":3},{"damage":6,"enemies":"Jaw Worm","floor":2,"turns":3},{"damage":5,"enemies":"Small Slimes","floor":5,"turns":3},{"damage":25,"enemies":"Gremlin Nob","floor":7,"turns":4},{"damage":12,"enemies":"3 Sentries","floor":10,"turns":6},{"damage":3,"enemies":"Red Slaver","floor":12,"turns":2},{"damage":1,"enemies":"Gremlin Gang","floor":14,"turns":3},{"damage":40,"enemies":"The Guardian","floor":16,"turns":8},{"damage":22,"enemies":"Chosen","floor":18,"turns":5},{"damage":14,"enemies":"2 Thieves","floor":21,"turns":4},{"damage":30,"enemies":"3 Cultists","floor":22,"turns":6},{"damage":15,"enemies":"Book of Stabbing","floor":23,"turns":2}],"seed_played":"-5327673975278938309","potions_obtained":[{"floor":1,"key":"LiquidBronze"},{"floor":5,"key":"SteroidPotion"},{"floor":16,"key":"DistilledChaos"},{"floor":18,"key":"SpeedPotion"},{"floor":22,"key":"MagicPotion:ReiMu"}],"is_trial":false,"path_per_floor":["M","M","?","$","M","R","E","R","T","E","?","M","$","M","R","B",null,"M","$","?","M","M","E"],"character_chosen":"THE_DEFAULT","items_purchased":["theMarked:EmpowerWeapon"],"campfire_rested":2,"item_purchase_floors":[13],"current_hp_per_floor":[71,65,65,65,60,60,35,56,56,44,32,29,29,28,49,9,72,50,50,50,36,6,0,0],"gold":171,"neow_bonus":"RANDOM_COMMON_RELIC","is_daily":false,"chose_seed":false,"campfire_upgraded":1,"win_rate":0.0,"timestamp":1613985668,"path_taken":["M","M","?","$","M","R","E","R","T","E","?","M","?","M","R","BOSS","M","$","?","M","M","E"],"items_purchased_type":["Card"],"build_version":"2020-12-22","purchased_purges":3,"victory":false,"max_hp_per_floor":[72,72,72,72,72,72,72,72,72,72,72,72,72,72,72,72,72,72,72,72,72,72,72,72],"card_choices":[{"not_picked":["theMarked:HeightenedSenses","theMarked:TwofoldDefense"],"picked":"theMarked:OneWithTheBlade","floor":1},{"not_picked":["theMarked:WastefulAttack","theMarked:EnhanceMovement"],"picked":"theMarked:Static","floor":2},{"not_picked":["theMarked:TwofoldDefense","theMarked:CreepingChasm"],"picked":"theMarked:HeightenedSenses","floor":5},{"not_picked":["theMarked:TakeCover","theMarked:Memento","theMarked:TwofoldDefense"],"picked":"SKIP","floor":7},{"not_picked":["theMarked:TurnInvisible","theMarked:Panic"],"picked":"theMarked:Overcharge","floor":10},{"not_picked":["theMarked:ComboAttacks","theMarked:Memento"],"picked":"theMarked:Aftermath","floor":12},{"not_picked":["theMarked:ChainLightning","theMarked:ElectricStrings","theMarked:Generate"],"picked":"SKIP","floor":14},{"not_picked":["theMarked:FavorableWinds","theMarked:Toughness"],"picked":"theMarked:TurnInvisible","floor":16},{"not_picked":["theMarked:RepellingDischarge","theMarked:Parkour+1"],"picked":"theMarked:ResourceFulStrike+1","floor":18},{"not_picked":["theMarked:Electrocute","theMarked:Memento"],"picked":"theMarked:OneWithTheBlade+1","floor":21},{"not_picked":["theMarked:ResourceFulStrike","theMarked:ElectricStrings+1"],"picked":"theMarked:Static","floor":22}],"player_experience":440798,"relics_obtained":[{"floor":7,"key":"bronze:DecasWashers"},{"floor":9,"key":"Smiling Mask"},{"floor":10,"key":"Lantern"}],"event_choices":[{"damage_healed":0,"gold_gain":0,"player_choice":"»˚«Æ","damage_taken":0,"relics_obtained":["PaintedHorse:ReiMu"],"max_hp_gain":0,"max_hp_loss":0,"event_name":"yidonshenshe","floor":3,"gold_loss":40},{"damage_healed":0,"gold_gain":0,"player_choice":"Success","damage_taken":12,"relics_obtained":["Calipers"],"max_hp_gain":0,"max_hp_loss":0,"event_name":"Scrap Ooze","floor":11,"gold_loss":0},{"damage_healed":0,"gold_gain":0,"player_choice":"Ignored","damage_taken":0,"max_hp_gain":0,"max_hp_loss":0,"event_name":"NoteForYourself","floor":20,"gold_loss":0}],"is_beta":false,"boss_relics":[{"not_picked":["theMarked:BronzeBlade","aspiration:RunesmithSkillbook"],"picked":"Empty Cage"}],"items_purged_floors":[4,13,19],"is_endless":false,"potions_floor_spawned":[1,5,16,18,22],"killed_by":"Book of Stabbing","ascension_level":0}}