{"host":"7w9k7wbji6yxkaex","time":1613965112,"event":{"mods":["100% Spire Juice","Act Like it!","BaseMod","DeckTracker","Elementarium","Gremlin Mod","Hubris","Lobotomy","Minty Spire (QoL Compilation)","Potionbrewer","Quick Restart","READ ME - Guardian Mod","Slay the Relics Exporter","StSLib","The Dragon Tamer","The Hierophant","The Marked","The Showman","The Warrior","TheHero"],"gold_per_floor":[116,116,128,144,71,106,106,125,149,149,165,197,197,207,207,306,306,326,326,425,340,340,340,354,354,354,371,389,389,389],"floor_reached":29,"language":"ENG","playtime":1545,"items_purged":[],"score":235,"play_id":"ab18568b-8c82-4205-9c6c-a48a2732c1b7","local_time":"20210221213832","is_ascension_mode":false,"campfire_choices":[{"floor":7.0,"key":"REST"},{"data":"Predator","floor":10.0,"key":"SMITH"},{"floor":15.0,"key":"REST"},{"data":"Burst","floor":23.0,"key":"SMITH"},{"floor":25.0,"key":"REST"}],"circlet_count":0,"master_deck":["Strike_G+1","Strike_G","Strike_G","Strike_G","Defend_G","Defend_G","Defend_G","Defend_G","Survivor","Neutralize","Unload+1","Expertise","Predator+1","Cloak And Dagger","Accuracy","Endless Agony","Riddle With Holes","Distraction","Blade Dance","Quick Slash","Burst+1","Writhe","Dodge and Roll","PiercingWail"],"relics":["Ring of the Snake","GremlinMask","Nunchaku","Whetstone","Regal Pillow","Bag of Marbles","Philosopher\u0027s Stone","Letter Opener","Potion Belt","HornCleat"],"acts_visited":[],"potions_floor_usage":[],"damage_taken":[{"damage":0.0,"enemies":"Small Slimes","floor":1.0,"turns":3.0},{"damage":0.0,"enemies":"Cultist","floor":3.0,"turns":3.0},{"damage":0.0,"enemies":"2 Louse","floor":4.0,"turns":2.0},{"damage":25.0,"enemies":"Lagavulin","floor":6.0,"turns":6.0},{"damage":7.0,"enemies":"Blue Slaver","floor":8.0,"turns":3.0},{"damage":13.0,"enemies":"2 Fungi Beasts","floor":11.0,"turns":3.0},{"damage":14.0,"enemies":"Gremlin Nob","floor":12.0,"turns":4.0},{"damage":0.0,"enemies":"Large Slime","floor":14.0,"turns":4.0},{"damage":39.0,"enemies":"Hexaghost","floor":16.0,"turns":8.0},{"damage":14.0,"enemies":"2 Thieves","floor":18.0,"turns":3.0},{"damage":14.0,"enemies":"Shell Parasite","floor":24.0,"turns":3.0},{"damage":23.0,"enemies":"Centurion and Healer","floor":27.0,"turns":4.0},{"damage":14.0,"enemies":"Snake Plant","floor":28.0,"turns":4.0},{"damage":17,"enemies":"Book of Stabbing","floor":29,"turns":2}],"seed_played":"-2757542348242071965","potions_obtained":[{"floor":1.0,"key":"Swift Potion"},{"floor":4.0,"key":"FearPotion"},{"floor":16.0,"key":"DuplicationPotion"},{"floor":24.0,"key":"Swift Potion"},{"floor":28.0,"key":"LiquidMemories"}],"is_trial":false,"path_per_floor":["M","?","M","M","$","E","R","M","T","R","M","E","?","M","R","B",null,"M","?","?","?","?","R","M","R","T","M","M","E"],"character_chosen":"THE_SILENT","items_purchased":["Accuracy"],"campfire_rested":3,"item_purchase_floors":[5],"current_hp_per_floor":[63,63,63,63,63,38,56,49,49,49,36,22,10,10,43,4,63,49,49,49,49,49,49,35,63,63,40,26,9,9],"gold":389,"neow_bonus":"TRANSFORM_TWO_CARDS","is_daily":false,"chose_seed":false,"campfire_upgraded":2,"win_rate":0.0,"timestamp":1613965112,"path_taken":["M","?","?","M","$","E","R","M","T","R","M","E","?","M","R","BOSS","M","?","?","?","?","R","M","R","T","?","M","E"],"items_purchased_type":["Card"],"build_version":"2020-12-22","purchased_purges":0,"victory":false,"max_hp_per_floor":[63,63,63,63,63,63,63,63,63,63,63,63,63,63,63,63,63,63,63,63,63,63,63,63,63,63,63,63,63,63],"card_choices":[{"not_picked":["Escape Plan","Deadly Poison"],"picked":"Predator","floor":1.0},{"not_picked":["Skewer","Dodge and Roll"],"picked":"Cloak And Dagger","floor":3.0},{"not_picked":["Deflect","Tactician","Setup"],"picked":"SKIP","floor":4.0},{"not_picked":["Outmaneuver","Deadly Poison"],"picked":"Endless Agony","floor":6.0},{"not_picked":["Bane","Quick Slash"],"picked":"Riddle With Holes","floor":8.0},{"not_picked":["Quick Slash","Dagger Spray"],"picked":"Distraction","floor":11.0},{"not_picked":["Bouncing Flask","Acrobatics"],"picked":"Blade Dance","floor":12.0},{"not_picked":["Caltrops","Poisoned Stab"],"picked":"Quick Slash","floor":14.0},{"not_picked":["Glass Knife","Night Terror"],"picked":"Burst","floor":16.0},{"not_picked":["PiercingWail","Sucker Punch","Setup"],"picked":"SKIP","floor":18.0},{"not_picked":["Bane","Escape Plan+1"],"picked":"Dodge and Roll","floor":24.0},{"not_picked":["Outmaneuver+1","Dodge and Roll","Concentrate"],"picked":"SKIP","floor":27.0},{"not_picked":["Deflect","Acrobatics"],"picked":"PiercingWail","floor":28.0}],"player_experience":222858,"relics_obtained":[{"floor":6.0,"key":"Nunchaku"},{"floor":9.0,"key":"Whetstone"},{"floor":12.0,"key":"Regal Pillow"},{"floor":26.0,"key":"HornCleat"}],"event_choices":[{"damage_healed":0.0,"max_hp_gain":0.0,"max_hp_loss":0.0,"gold_gain":0.0,"event_name":"FaceTrader","player_choice":"Trade","floor":2.0,"gold_loss":0.0,"damage_taken":0.0,"relics_obtained":["GremlinMask"]},{"damage_healed":0.0,"max_hp_gain":0.0,"max_hp_loss":0.0,"gold_gain":0.0,"event_name":"Scrap Ooze","player_choice":"Success","floor":13.0,"gold_loss":0.0,"damage_taken":12.0,"relics_obtained":["Bag of Marbles"]},{"damage_healed":0.0,"max_hp_gain":0.0,"max_hp_loss":0.0,"gold_gain":0.0,"event_name":"Beggar","player_choice":"Ignored","floor":19.0,"gold_loss":0.0,"damage_taken":0.0},{"damage_healed":0.0,"max_hp_gain":0.0,"max_hp_loss":0.0,"gold_gain":99.0,"event_name":"Nest","player_choice":"Stole From Cult","floor":20.0,"gold_loss":0.0,"damage_taken":0.0},{"damage_healed":0.0,"max_hp_gain":0.0,"max_hp_loss":0.0,"gold_gain":0.0,"event_name":"Addict","player_choice":"Obtained Relic","floor":21.0,"gold_loss":85.0,"damage_taken":0.0,"relics_obtained":["Letter Opener"]},{"damage_healed":0.0,"max_hp_gain":0.0,"max_hp_loss":0.0,"gold_gain":0.0,"event_name":"The Mausoleum","player_choice":"Opened","floor":22.0,"gold_loss":0.0,"damage_taken":0.0,"relics_obtained":["Potion Belt"],"cards_obtained":["Writhe"]}],"is_beta":false,"boss_relics":[{"not_picked":["Runic Pyramid","Velvet Choker"],"picked":"Philosopher\u0027s Stone"}],"items_purged_floors":[],"is_endless":false,"potions_floor_spawned":[1,4,16,24,28],"killed_by":"Book of Stabbing","ascension_level":0}}