{"host":"v86vpwf004p2esb7","time":1613982826,"event":{"mods":["AchievementEnabler","BaseMod","BetterRewards","Colored Powertips","Minty Spire (QoL Compilation)","Quick Restart","StSLib","Transform Curses"],"gold_per_floor":[111,186,186,262,116,145,157,171,171,204,12,12,12,28,28,127,127,144,158,174,174,194,222,222,235,285,315,315,326,425,525,525,623,623,642,642,655,285,304,304,336,352,377,377,377,83,100,150,150,150,150,150,21,54,54],"floor_reached":56,"language":"ENG","playtime":2190,"items_purged":[],"score":2438,"play_id":"171dc6d5-9290-4625-9241-d120ea3446dc","local_time":"20210222003346","is_ascension_mode":true,"campfire_choices":[{"data":"Mayhem","floor":13,"key":"SMITH"},{"floor":15,"key":"RECALL"},{"data":"Wraith Form v2","floor":24,"key":"SMITH"},{"data":"After Image","floor":32,"key":"SMITH"},{"data":"Phantasmal Killer","floor":40,"key":"SMITH"},{"floor":49,"key":"REST"},{"data":"Phantasmal Killer","floor":52,"key":"SMITH"}],"circlet_count":0,"master_deck":["AscendersBane","Strike_G","Strike_G","Strike_G","Strike_G","Defend_G","Defend_G","Defend_G","Defend_G","Defend_G","Survivor","Neutralize","Accuracy","Bane+1","Blade Dance","Infinite Blades+1","Mayhem+1","Poisoned Stab+1","Blade Dance","Footwork","Distraction","Skewer+1","Blade Dance","Backflip","Phantasmal Killer+1","Blur","Blade Dance","Blade Dance","Wraith Form v2+1","Dodge and Roll","Footwork","Deflect+1","Escape Plan","Bane+1","PiercingWail","Dodge and Roll+1","After Image+1","PiercingWail+1","Backstab+1","Phantasmal Killer+1","Concentrate","Footwork"],"relics":["Ring of the Snake","Molten Egg 2","Lee\u0027s Waffle","Omamori","Gambling Chip","Thread and Needle","Boot","Pen Nib","Bag of Marbles","Mercury Hourglass","Matryoshka","MealTicket","CultistMask","WristBlade","Dream Catcher","Shuriken","Vajra","Bottled Flame","Dead Branch","Singing Bowl","SacredBark","Regal Pillow","Snake Skull","Toxic Egg 2","Juzu Bracelet","Pear","TungstenRod","Orichalcum"],"acts_visited":["Exordium","TheCity","TheBeyond","TheEnding"],"potions_floor_usage":[31,50,50,55,55],"damage_taken":[{"damage":0,"enemies":"Small Slimes","floor":1,"turns":2},{"damage":8,"enemies":"3 Sentries","floor":6,"turns":6},{"damage":0,"enemies":"2 Louse","floor":7,"turns":1},{"damage":0,"enemies":"Jaw Worm","floor":8,"turns":2},{"damage":0,"enemies":"Gremlin Nob","floor":10,"turns":2},{"damage":0,"enemies":"Looter","floor":14,"turns":1},{"damage":0,"enemies":"Slime Boss","floor":16,"turns":5},{"damage":0,"enemies":"Spheric Guardian","floor":18,"turns":2},{"damage":0,"enemies":"2 Thieves","floor":19,"turns":4},{"damage":16,"enemies":"Shelled Parasite and Fungi","floor":20,"turns":4},{"damage":0,"enemies":"Snecko","floor":22,"turns":2},{"damage":3,"enemies":"Slavers","floor":23,"turns":3},{"damage":7,"enemies":"Centurion and Healer","floor":25,"turns":2},{"damage":13,"enemies":"Book of Stabbing","floor":27,"turns":3},{"damage":0,"enemies":"Cultist and Chosen","floor":29,"turns":4},{"damage":0,"enemies":"Colosseum Slavers","floor":31,"turns":3},{"damage":0,"enemies":"Colosseum Nobs","floor":31,"turns":2},{"damage":14,"enemies":"Collector","floor":33,"turns":6},{"damage":0,"enemies":"3 Darklings","floor":35,"turns":3},{"damage":20,"enemies":"3 Shapes","floor":37,"turns":1},{"damage":0,"enemies":"Spire Growth","floor":39,"turns":1},{"damage":19,"enemies":"Reptomancer","floor":41,"turns":4},{"damage":0,"enemies":"3 Darklings","floor":42,"turns":1},{"damage":0,"enemies":"4 Shapes","floor":47,"turns":4},{"damage":25,"enemies":"Mind Bloom Boss Battle","floor":48,"turns":3},{"damage":57,"enemies":"Awakened One","floor":50,"turns":8},{"damage":10,"enemies":"Shield and Spear","floor":54,"turns":4},{"damage":36,"enemies":"The Heart","floor":55,"turns":6}],"seed_played":"-6817760729118738852","potions_obtained":[{"floor":1,"key":"Explosive Potion"},{"floor":7,"key":"CunningPotion"},{"floor":18,"key":"BlessingOfTheForge"},{"floor":22,"key":"CunningPotion"},{"floor":31,"key":"CunningPotion"},{"floor":54,"key":"Strength Potion"}],"is_trial":false,"path_per_floor":["M","?","?","?","$","E","M","M","T","E","$","?","R","M","R","B",null,"M","M","M","?","M","E","R","M","T","E","?","M","?","?","R","B",null,"M","?","M","$","M","R","E","M","T","?","?","$","M","?","R","B",null,"R","$","E","B",null],"character_chosen":"THE_SILENT","items_purchased":["Molten Egg 2","Lee\u0027s Waffle","Accuracy","Bane+1","Omamori","Gambling Chip","Blade Dance","Infinite Blades","Thread and Needle","Boot","Mayhem","Poisoned Stab+1","Blade Dance","Footwork","Distraction","Pen Nib","Blade Dance","MealTicket","Regal Pillow","Concentrate","Snake Skull","Pear","Footwork","CunningPotion","Poison Potion"],"campfire_rested":1,"item_purchase_floors":[0,0,0,0,0,0,0,0,0,0,0,0,0,0,0,5,11,11,38,38,38,46,46,53,53],"current_hp_per_floor":[69,58,58,58,58,50,50,50,50,50,50,50,50,50,50,50,70,70,70,54,54,54,51,51,44,44,31,31,31,31,31,31,17,62,64,64,46,61,63,63,46,48,48,50,50,75,77,54,101,44,90,90,105,97,61],"gold":54,"neow_bonus":"","is_daily":false,"chose_seed":false,"campfire_upgraded":5,"win_rate":0.0,"timestamp":1613982826,"path_taken":["M","?","?","?","$","E","?","M","T","E","$","?","R","?","R","BOSS","M","M","M","?","?","E","R","M","T","E","?","M","?","?","R","BOSS","M","?","M","$","?","R","E","M","T","?","?","?","M","?","R","BOSS","R","$","E","BOSS"],"items_purchased_type":["Relic","Relic","Card","Card","Relic","Relic","Card","Card","Relic","Relic","Card","Card","Card","Card","Card","Relic","Card","Relic","Relic","Card","Relic","Relic","Card","Potion","Potion"],"build_version":"2020-12-22","purchased_purges":0,"victory":true,"max_hp_per_floor":[77,77,77,77,77,77,77,77,77,77,77,77,77,77,77,77,77,77,77,77,77,77,77,77,77,77,77,77,77,77,77,77,77,77,79,79,81,81,83,83,85,87,87,89,89,99,101,103,105,105,105,105,105,107,107],"card_choices":[{"not_picked":["Underhanded Strike+1","Backflip"],"picked":"Skewer+1","floor":1},{"not_picked":["Prepared","Cloak And Dagger"],"picked":"Blade Dance","floor":6},{"not_picked":["Concentrate","Deadly Poison"],"picked":"Backflip","floor":7},{"not_picked":["Eviscerate+1","Escape Plan"],"picked":"Phantasmal Killer","floor":8},{"not_picked":["Deadly Poison","All Out Attack+1"],"picked":"Blur","floor":10},{"not_picked":["Flying Knee+1","Flechettes+1"],"picked":"Blade Dance","floor":14},{"not_picked":["Venomology","Tools of the Trade"],"picked":"Wraith Form v2","floor":16},{"not_picked":["Dash+1","All Out Attack+1"],"picked":"Dodge and Roll","floor":18},{"not_picked":["Underhanded Strike+1","All Out Attack+1"],"picked":"Footwork","floor":19},{"not_picked":["Acrobatics","Concentrate+1"],"picked":"Deflect+1","floor":20},{"not_picked":["Prepared+1","Dagger Throw+1"],"picked":"Escape Plan","floor":22},{"not_picked":["Dodge and Roll","Dash+1"],"picked":"Bane+1","floor":23},{"not_picked":["Prepared","Quick Slash+1"],"picked":"PiercingWail","floor":25},{"not_picked":["Well Laid Plans","Underhanded Strike+1"],"picked":"Dodge and Roll+1","floor":27},{"not_picked":["Quick Slash+1","Predator+1"],"picked":"PiercingWail+1","floor":29},{"not_picked":["Dodge and Roll","Catalyst"],"picked":"Backstab+1","floor":31},{"not_picked":["Corpse Explosion","Bullet Time"],"picked":"Phantasmal Killer","floor":33},{"not_picked":["Underhanded Strike+1","Riddle With Holes+1","Deflect+1"],"picked":"Singing Bowl","floor":35},{"not_picked":["Deadly Poison+1","Dagger Throw+1","Endless Agony+1"],"picked":"Singing Bowl","floor":37},{"not_picked":["Flying Knee+1","Sucker Punch+1","Setup+1"],"picked":"Singing Bowl","floor":39},{"not_picked":["Blur+1","Caltrops+1","Poisoned Stab+1"],"picked":"Singing Bowl","floor":41},{"not_picked":["Distraction+1","Underhanded Strike+1","Doppelganger+1"],"picked":"Singing Bowl","floor":42},{"not_picked":["PanicButton+1","Mind Blast+1","Finesse+1"],"picked":"Singing Bowl","floor":44},{"not_picked":["Deflect+1","Distraction+1","Tactician+1"],"picked":"Singing Bowl","floor":47},{"not_picked":["Predator+1","Deflect+1","Quick Slash+1"],"picked":"Singing Bowl","floor":48},{"not_picked":["Dash+1","Setup+1","Dagger Spray+1"],"picked":"Singing Bowl","floor":49},{"not_picked":["Dagger Throw+1","Underhanded Strike+1","Flying Knee+1"],"picked":"Singing Bowl","floor":54}],"player_experience":207707,"relics_obtained":[{"floor":6,"key":"Bag of Marbles"},{"floor":9,"key":"Mercury Hourglass"},{"floor":10,"key":"Matryoshka"},{"floor":23,"key":"Dream Catcher"},{"floor":26,"key":"Shuriken"},{"floor":26,"key":"Vajra"},{"floor":27,"key":"Bottled Flame"},{"floor":31,"key":"Dead Branch"},{"floor":31,"key":"Singing Bowl"},{"floor":41,"key":"Toxic Egg 2"},{"floor":43,"key":"Juzu Bracelet"},{"floor":48,"key":"TungstenRod"},{"floor":54,"key":"Orichalcum"}],"event_choices":[{"damage_healed":0,"gold_gain":75,"player_choice":"Gather Gold","damage_taken":11,"max_hp_gain":0,"max_hp_loss":0,"event_name":"World of Goop","floor":2,"gold_loss":0},{"damage_healed":0,"gold_gain":0,"player_choice":"Grow","damage_taken":0,"max_hp_gain":0,"max_hp_loss":0,"event_name":"Living Wall","floor":3,"gold_loss":0,"cards_upgraded":["Infinite Blades"]},{"damage_healed":0,"gold_gain":76,"player_choice":"Gained Gold","damage_taken":0,"max_hp_gain":0,"max_hp_loss":0,"event_name":"Golden Wing","floor":4,"gold_loss":0},{"damage_healed":0,"gold_gain":0,"player_choice":"Trade","damage_taken":0,"relics_obtained":["CultistMask"],"max_hp_gain":0,"max_hp_loss":0,"event_name":"FaceTrader","floor":12,"gold_loss":0},{"cards_removed":["Strike_G"],"damage_healed":0,"gold_gain":0,"player_choice":"Offered Basic","damage_taken":0,"max_hp_gain":0,"max_hp_loss":0,"event_name":"Bonfire Elementals","floor":21,"gold_loss":0},{"damage_healed":0,"gold_gain":0,"player_choice":"Read","damage_taken":0,"max_hp_gain":0,"max_hp_loss":0,"event_name":"The Library","floor":28,"gold_loss":0,"cards_obtained":["After Image"]},{"damage_healed":0,"gold_gain":99,"player_choice":"Stole From Cult","damage_taken":0,"max_hp_gain":0,"max_hp_loss":0,"event_name":"Nest","floor":30,"gold_loss":0},{"damage_healed":0,"gold_gain":0,"player_choice":"Fight","damage_taken":0,"max_hp_gain":0,"max_hp_loss":0,"event_name":"Colosseum","floor":31,"gold_loss":0},{"damage_healed":0,"gold_gain":0,"player_choice":"Fought Nobs","damage_taken":0,"max_hp_gain":0,"max_hp_loss":0,"event_name":"Colosseum","floor":31,"gold_loss":0},{"damage_healed":0,"gold_gain":0,"player_choice":"Got Potions","damage_taken":0,"max_hp_gain":0,"max_hp_loss":0,"event_name":"Lab","floor":36,"gold_loss":0},{"damage_healed":0,"gold_gain":0,"player_choice":"Memory 1","damage_taken":0,"max_hp_gain":0,"max_hp_loss":0,"event_name":"SensoryStone","floor":44,"gold_loss":0},{"damage_healed":0,"gold_gain":0,"player_choice":"Ignored","damage_taken":0,"max_hp_gain":0,"max_hp_loss":0,"event_name":"Tomb of Lord Red Mask","floor":45,"gold_loss":0},{"damage_healed":0,"gold_gain":0,"player_choice":"Fight","damage_taken":0,"max_hp_gain":0,"max_hp_loss":0,"event_name":"MindBloom","floor":48,"gold_loss":0}],"is_beta":false,"boss_relics":[{"not_picked":["Black Star","Fusion Hammer"],"picked":"WristBlade"},{"not_picked":["Snecko Eye","Empty Cage"],"picked":"SacredBark"}],"items_purged_floors":[],"is_endless":false,"potions_floor_spawned":[1,7,18,22,23,31,37,41,42,54],"ascension_level":11}}