{"host":"kvh5342rl0c7vxi5","time":1613966140,"event":{"mods":["Act Like it!","BaseMod","Bestiary","Better Third Choice","Challenge The Spire","Downfall","Duelist Mod","GifTheSpireLib","Gremlin Mod","Hermit","Hubris","Ironclad Rager","Jorbs\u0027s Wanderer Trilogy","Melee Mod","Minty Spire (QoL Compilation)","Potionbrewer","Quick Restart","Relic Stats","Replay The Spire","Spicy Shops","Spire Arcade","StSLib","SuperFastMode","The Forsaken","The Judge","The Mystic","The Poker Player","The Sage","slay the spire mod where everything is the same but ironclad has a cowboy hat"],"gold_per_floor":[547,5,36,366,398,398,398,29,61,61,61],"floor_reached":10,"language":"ENG","playtime":350,"items_purged":["Strike_B","Strike_B"],"score":180,"play_id":"88ffcea0-aa62-4759-adf4-83dbe19046e3","local_time":"20210221225540","daily_mods":["challengethespire:Platinum Difficulty","challengethespire:Elite Rush","Uncertain Future"],"is_ascension_mode":true,"campfire_choices":[{"data":"Defragment","floor":7,"key":"SMITH"}],"circlet_count":0,"master_deck":["AscendersBane","Strike_B+1","Strike_B+1","Defend_B","Defend_B","Defend_B","Defend_B","Zap","Dualcast","Coolheaded","Melter","Loop","Strike_B","hubris:Ukulele","Hello World","Steam","Defragment+1","Beam Cell","Chill","Coolheaded","Defragment","Lockon","Pot Of Greed","Pot Of Greed","Gash"],"relics":["Cracked Core","Black Star","Sling","PreservedInsect","BargainBundle","Whetstone","Lee\u0027s Waffle","sagemod:Red_Beast_Statue","Shuriken","Old Coin","Pet Ghost","hubris:AstralHammer","Sundial","hubris:CrackedHourglass","hubris:SoftwareUpdate","Grinning Jar"],"acts_visited":["Exordium"],"potions_floor_usage":[3],"damage_taken":[{"damage":5,"enemies":"Gremlin Nob","floor":3,"turns":3},{"damage":16,"enemies":"3 Sentries","floor":4,"turns":5},{"damage":20,"enemies":"Lagavulin","floor":5,"turns":4},{"damage":11,"enemies":"Slavers","floor":9,"turns":6},{"damage":28,"enemies":"Book of Stabbing","floor":10,"turns":2}],"seed_played":"8456659045633742505","potions_obtained":[{"floor":5,"key":"EssenceOfDarkness"}],"is_trial":true,"path_per_floor":["$","$","E","E","E","T","R","$","E","E"],"character_chosen":"DEFECT","items_purchased":["Coolheaded","Melter","Loop","BargainBundle","hubris:Ukulele","Whetstone","Hello World","Steam","Swift Potion","potionbrewer:AcidPotion","Lee\u0027s Waffle","Coolheaded","Defragment","Lockon"],"campfire_rested":0,"item_purchase_floors":[1,1,1,2,2,2,2,2,2,2,2,8,8,8],"current_hp_per_floor":[64,78,73,57,37,37,37,37,26,0,0],"gold":61,"neow_bonus":"","is_daily":false,"chose_seed":false,"campfire_upgraded":1,"win_rate":0.0,"timestamp":1613966140,"path_taken":["$","$","E","E","E","T","R","$","E","E"],"items_purchased_type":["Card","Card","Card","Relic","Card","Relic","Card","Card","Potion","Potion","Relic","Card","Card","Card"],"build_version":"2020-12-22","purchased_purges":2,"victory":false,"max_hp_per_floor":[71,78,78,78,78,78,78,78,78,78,78],"relic_stats":{"Lee\u0027s Waffle":14,"counters":[5,20],"Shuriken":[8],"Sundial":[0],"PreservedInsect":197,"Black Star":4,"Whetstone":["Strike_B","Strike_B"],"obtain_stats":[{"sagemod:Red_Beast_Statue":3,"BargainBundle":2,"Lee\u0027s Waffle":2,"hubris:SoftwareUpdate":9,"PreservedInsect":0,"Whetstone":2,"Sling":0,"Pet Ghost":4,"Old Coin":4,"Shuriken":3,"hubris:AstralHammer":5,"Sundial":5,"Black Star":0,"hubris:CrackedHourglass":6,"Grinning Jar":9,"Cracked Core":0},{"sagemod:Red_Beast_Statue":1,"BargainBundle":0,"Lee\u0027s Waffle":0,"hubris:SoftwareUpdate":4,"PreservedInsect":0,"Whetstone":0,"Sling":0,"Pet Ghost":2,"Old Coin":2,"Shuriken":1,"hubris:AstralHammer":3,"Sundial":3,"Black Star":0,"hubris:CrackedHourglass":3,"Grinning Jar":4,"Cracked Core":0},{"sagemod:Red_Beast_Statue":3,"BargainBundle":0,"Lee\u0027s Waffle":0,"hubris:SoftwareUpdate":18,"PreservedInsect":0,"Whetstone":0,"Sling":0,"Pet Ghost":8,"Old Coin":8,"Shuriken":3,"hubris:AstralHammer":12,"Sundial":12,"Black Star":0,"hubris:CrackedHourglass":12,"Grinning Jar":18,"Cracked Core":0}]},"card_choices":[],"player_experience":592921,"relics_obtained":[{"floor":3,"key":"sagemod:Red_Beast_Statue"},{"floor":3,"key":"Shuriken"},{"floor":4,"key":"Old Coin"},{"floor":4,"key":"Pet Ghost"},{"floor":5,"key":"hubris:AstralHammer"},{"floor":5,"key":"Sundial"},{"floor":9,"key":"hubris:SoftwareUpdate"},{"floor":9,"key":"Grinning Jar"}],"event_choices":[],"is_beta":false,"boss_relics":[{"not_picked":["expansioncontent:StudyCardRelic","Velvet Choker"],"picked":"hubris:CrackedHourglass"}],"items_purged_floors":[2,8],"is_endless":false,"potions_floor_spawned":[5],"killed_by":"Book of Stabbing","ascension_level":20}}