{"host":"epmvf5u7so8a7bmi","time":1613996870,"event":{"mods":["BaseMod","Colored Map","Colored Powertips","Downfall","Minty Spire (QoL Compilation)","StSLib"],"gold_per_floor":[99,99,99,99,99,128,152,52,52,64,89,40,74,92,112,112,112,112],"floor_reached":16,"language":"ENG","playtime":773,"items_purged":[],"score":116,"play_id":"61f6df2a-8f82-477a-a61b-94750f0ad2b9","local_time":"20210222122750","is_ascension_mode":false,"campfire_choices":[{"data":"champ:Taunt","floor":1,"key":"SMITH"},{"floor":8,"key":"REST"}],"circlet_count":0,"master_deck":["champ:Strike","champ:Strike","champ:Defend","champ:Defend","champ:Defend","champ:Execute","champ:Taunt+1","champ:RisingSlash","Parasite","champ:SkillfulDodge","champ:FocusedDefense","champ:PreemptiveStrike","champ:ArenaPreparation","champ:SteelEdge","champ:Endure","champ:IronFortress","champ:TornadoPunch","champ:Circumvent"],"relics":["champ:ChampionCrown","downfall:HeartsMalice","Bag of Marbles","Centennial Puzzle","downfall:HeartBlessingGreen","Ancient Tea Set","TungstenRod"],"acts_visited":["Exordium"],"potions_floor_usage":[13,16,16],"damage_taken":[{"damage":0,"enemies":"Jaw Worm","floor":2,"turns":1},{"damage":0,"enemies":"Cultist","floor":4,"turns":1},{"damage":0,"enemies":"Small Slimes","floor":5,"turns":1},{"damage":109,"enemies":"Gremlin Nob","floor":6,"turns":6},{"damage":4,"enemies":"downfall:LooterAlt","floor":10,"turns":3},{"damage":7,"enemies":"3 Sentries","floor":11,"turns":6},{"damage":37,"enemies":"downfall:FleeingMerchant","floor":12,"turns":4},{"damage":15,"enemies":"Lagavulin","floor":13,"turns":5},{"damage":1,"enemies":"2 Fungi Beasts","floor":14,"turns":3},{"damage":20,"enemies":"Gremlin Gang","floor":15,"turns":6},{"damage":72,"enemies":"DF_ARCHETYPE_STREAMLINE","floor":16,"turns":9}],"seed_played":"5835938373981697485","potions_obtained":[{"floor":6,"key":"FearPotion"},{"floor":10,"key":"SmokeBomb"},{"floor":11,"key":"PowerPotion"},{"floor":15,"key":"DistilledChaos"}],"is_trial":false,"path_per_floor":["R","M","?","M","M","E","T","R","?","M","E","$","E","M","M","B"],"character_chosen":"THE_CHAMP","items_purchased":["champ:Endure"],"campfire_rested":1,"item_purchase_floors":[12],"current_hp_per_floor":[90,90,90,90,90,26,26,53,50,46,39,49,44,43,48,0,0,0],"gold":112,"neow_bonus":"THREE_ENEMY_KILL","is_daily":false,"chose_seed":false,"campfire_upgraded":1,"win_rate":0.0,"timestamp":1613996870,"path_taken":["R","M","?","M","?","E","T","R","?","M","E","?","E","M","M","BOSS"],"items_purchased_type":["Card"],"build_version":"2020-12-22","purchased_purges":0,"victory":false,"max_hp_per_floor":[90,90,90,90,90,90,90,90,90,90,90,90,90,90,90,90,90,90],"card_choices":[{"not_picked":["champ:PerfectedStrike","champ:RapidStrikes"],"picked":"champ:RisingSlash","floor":2},{"not_picked":["champ:Shatter","champ:PreciseThrust"],"picked":"champ:SkillfulDodge","floor":4},{"not_picked":["champ:RecklessLeap","champ:FalseCounter"],"picked":"champ:FocusedDefense","floor":5},{"not_picked":["champ:DefensiveShout","champ:EnragedBash"],"picked":"champ:PreemptiveStrike","floor":6},{"not_picked":["champ:BladeFlurry","champ:RapidStrikes"],"picked":"champ:ArenaPreparation","floor":10},{"not_picked":["champ:RapidStrikes","champ:CrookedStrike"],"picked":"champ:SteelEdge","floor":11},{"not_picked":["champ:Haymaker","champ:PreemptiveStrike","champ:ShieldSlam"],"picked":"SKIP","floor":12},{"not_picked":["champ:DefensiveStyle","champ:FaceSlap"],"picked":"champ:IronFortress","floor":13},{"not_picked":["champ:PreemptiveStrike","champ:BerserkerStyle"],"picked":"champ:TornadoPunch","floor":14},{"not_picked":["champ:RisingSlash","champ:BerserkersShout"],"picked":"champ:Circumvent","floor":15}],"player_experience":209811,"relics_obtained":[{"floor":6,"key":"Bag of Marbles"},{"floor":7,"key":"Centennial Puzzle"},{"floor":11,"key":"TungstenRod"}],"event_choices":[{"damage_healed":0,"gold_gain":0,"player_choice":"Success","damage_taken":3,"relics_obtained":["Ancient Tea Set"],"max_hp_gain":0,"max_hp_loss":0,"event_name":"Scrap Ooze","floor":9,"gold_loss":0}],"is_beta":false,"boss_relics":[],"items_purged_floors":[],"is_endless":false,"potions_floor_spawned":[6,10,11,15],"killed_by":"DF_ARCHETYPE_STREAMLINE","ascension_level":0}}