{"host":"dlqyscxstsnu98l1","time":1613974111,"event":{"mods":["AchievementEnabler","BaseMod","Colored Map","Colored Powertips","GifTheSpireLib","Highlight Path","Minty Spire (QoL Compilation)","Random Character Button","SacredBarkPlus","StSLib","everything is the same but u backflip on backflip"],"gold_per_floor":[111,111,129,146,146,173,173,21,21,34,49,49,65,95,95,95,95],"floor_reached":16,"language":"ENG","playtime":790,"items_purged":[],"score":146,"play_id":"cc9c297b-c02d-4636-8c8c-0a629cb4f65f","local_time":"20210222000831","is_ascension_mode":true,"campfire_choices":[{"floor":7,"key":"REST"},{"floor":12,"key":"REST"},{"floor":15,"key":"REST"}],"circlet_count":0,"master_deck":["Strike_G","Strike_G","Strike_G","Strike_G","Strike_G","Defend_G","Defend_G","Defend_G","Defend_G","Defend_G","Survivor","Neutralize+1","Adrenaline","Backflip","Flying Knee","Backflip","Wraith Form v2","Deadly Poison","Bane","Well Laid Plans","Bouncing Flask"],"relics":["Ring of the Snake","Question Card","Orichalcum","Kunai"],"acts_visited":["Exordium"],"potions_floor_usage":[6,6,13,16],"damage_taken":[{"damage":12,"enemies":"Jaw Worm","floor":1,"turns":7},{"damage":0,"enemies":"Cultist","floor":3,"turns":3},{"damage":0,"enemies":"2 Louse","floor":4,"turns":3},{"damage":31,"enemies":"Lagavulin","floor":6,"turns":9},{"damage":3,"enemies":"Looter","floor":10,"turns":4},{"damage":9,"enemies":"Large Slime","floor":11,"turns":9},{"damage":14,"enemies":"Exordium Wildlife","floor":13,"turns":7},{"damage":21,"enemies":"Gremlin Nob","floor":14,"turns":5},{"damage":30,"enemies":"Slime Boss","floor":16,"turns":8}],"seed_played":"2289708962679757429","potions_obtained":[{"floor":3,"key":"SpeedPotion"},{"floor":5,"key":"Block Potion"},{"floor":5,"key":"SteroidPotion"},{"floor":14,"key":"Strength Potion"}],"is_trial":false,"path_per_floor":["M","?","M","M","?","E","R","$","T","M","M","R","M","E","R","B"],"character_chosen":"THE_SILENT","items_purchased":["Orichalcum"],"campfire_rested":3,"item_purchase_floors":[8],"current_hp_per_floor":[51,51,51,51,51,20,38,38,38,35,26,44,30,9,27,0,0],"gold":95,"neow_bonus":"THREE_RARE_CARDS","is_daily":false,"chose_seed":false,"campfire_upgraded":0,"win_rate":0.0,"timestamp":1613974111,"path_taken":["M","?","M","M","?","E","R","$","T","M","?","R","M","E","R","BOSS"],"items_purchased_type":["Relic"],"build_version":"2020-12-22","purchased_purges":0,"victory":false,"max_hp_per_floor":[63,63,63,63,63,63,63,63,63,63,63,63,63,63,63,63,63],"card_choices":[{"not_picked":["Grand Finale","Venomology"],"picked":"Adrenaline","floor":0},{"not_picked":["Bouncing Flask","Catalyst"],"picked":"Backflip","floor":1},{"not_picked":["Catalyst","Flechettes"],"picked":"Flying Knee","floor":3},{"not_picked":["Sucker Punch","Masterful Stab"],"picked":"Backflip","floor":4},{"not_picked":["Infinite Blades","Corpse Explosion"],"picked":"Wraith Form v2","floor":6},{"not_picked":["Sucker Punch","Flying Knee","Poisoned Stab"],"picked":"Deadly Poison","floor":10},{"not_picked":["Flying Knee","Dodge and Roll","Outmaneuver"],"picked":"Bane","floor":11},{"not_picked":["Slice","Backstab","Bouncing Flask"],"picked":"Well Laid Plans","floor":13},{"not_picked":["Poisoned Stab","Deflect","Choke"],"picked":"Bouncing Flask","floor":14}],"player_experience":265401,"relics_obtained":[{"floor":6,"key":"Question Card"},{"floor":14,"key":"Kunai"}],"event_choices":[{"damage_healed":0,"gold_gain":0,"player_choice":"Grow","damage_taken":0,"max_hp_gain":0,"max_hp_loss":0,"event_name":"Living Wall","floor":2,"gold_loss":0,"cards_upgraded":["Neutralize"]},{"damage_healed":0,"gold_gain":0,"player_choice":"Got Potions","damage_taken":0,"max_hp_gain":0,"max_hp_loss":0,"event_name":"Lab","floor":5,"gold_loss":0}],"is_beta":false,"boss_relics":[],"items_purged_floors":[],"is_endless":false,"potions_floor_spawned":[3,14],"killed_by":"Slime Boss","ascension_level":6}}