{"host":"2vsfvi9pm0ilma55","time":1613958056,"event":{"mods":["BaseMod","Bestiary","Highlight Path","Minty Spire (QoL Compilation)","Relic Stats","StSLib","The Marked","The Warlock"],"gold_per_floor":[119,129,129,143,157,183,198,266,266,266,266],"floor_reached":10,"language":"ENG","playtime":646,"items_purged":[],"score":140,"play_id":"d83c9473-f879-46a8-be31-84866777e558","local_time":"20210221174056","is_ascension_mode":true,"campfire_choices":[],"circlet_count":0,"master_deck":["AscendersBane","Ritualist:StrikeMagenta","Ritualist:StrikeMagenta","Ritualist:StrikeMagenta","Ritualist:StrikeMagenta","Ritualist:DefendMagenta","Ritualist:DefendMagenta","Ritualist:DefendMagenta","Ritualist:DefendMagenta","Ritualist:InitiationRite","Ritualist:SummonAgiel","Ritualist:Celerity","Ritualist:WinningGambit","Ritualist:HeavyInfection","Ritualist:BloodBoil","Ritualist:MassDrainLife","Ritualist:ShallowCut"],"relics":["Ritualist:StarterRelic","GremlinMask","Juzu Bracelet","Question Card"],"acts_visited":["Exordium"],"potions_floor_usage":[7],"damage_taken":[{"damage":0,"enemies":"Cultist","floor":1,"turns":2},{"damage":5,"enemies":"Jaw Worm","floor":2,"turns":5},{"damage":3,"enemies":"2 Louse","floor":4,"turns":4},{"damage":4,"enemies":"Blue Slaver","floor":5,"turns":5},{"damage":28,"enemies":"Lagavulin","floor":6,"turns":7},{"damage":5,"enemies":"Gremlin Gang","floor":7,"turns":3},{"damage":37,"enemies":"3 Sentries","floor":10,"turns":8}],"seed_played":"-2040030951707155979","potions_obtained":[{"floor":1,"key":"FearPotion"},{"floor":4,"key":"Explosive Potion"}],"is_trial":false,"path_per_floor":["M","M","?","M","M","E","M","?","T","E"],"character_chosen":"RITUALIST","items_purchased":[],"campfire_rested":0,"item_purchase_floors":[],"current_hp_per_floor":[74,69,69,66,62,34,35,35,35,0,0],"gold":266,"neow_bonus":"TEN_PERCENT_HP_BONUS","is_daily":false,"chose_seed":false,"campfire_upgraded":0,"win_rate":0.0,"timestamp":1613958056,"path_taken":["M","M","?","M","M","E","M","?","T","E"],"items_purchased_type":[],"build_version":"2020-12-22","purchased_purges":0,"victory":false,"max_hp_per_floor":[81,81,81,81,81,81,81,81,81,81,81],"relic_stats":{"counters":[7,34],"Juzu Bracelet":1,"Question Card":0,"obtain_stats":[{"GremlinMask":3,"Juzu Bracelet":6,"Ritualist:StarterRelic":0,"Question Card":9},{"GremlinMask":2,"Juzu Bracelet":5,"Ritualist:StarterRelic":0,"Question Card":6},{"GremlinMask":7,"Juzu Bracelet":23,"Ritualist:StarterRelic":0,"Question Card":26}]},"card_choices":[{"not_picked":["Ritualist:BurstParasite","Ritualist:PullFromBeyond"],"picked":"Ritualist:Celerity","floor":1},{"not_picked":["Ritualist:Precognition","Ritualist:QuietMeditation"],"picked":"Ritualist:WinningGambit","floor":2},{"not_picked":["Ritualist:SummonNergal","Ritualist:EvilIntentions"],"picked":"Ritualist:HeavyInfection","floor":4},{"not_picked":["Ritualist:ScoutAhead","Ritualist:StrategicCut"],"picked":"Ritualist:BloodBoil","floor":5},{"not_picked":["Ritualist:LongCon","Ritualist:Retreat"],"picked":"Ritualist:MassDrainLife","floor":6},{"not_picked":["Ritualist:DeadlyBlows","Ritualist:DemonArm"],"picked":"Ritualist:ShallowCut","floor":7}],"player_experience":619766,"relics_obtained":[{"floor":6,"key":"Juzu Bracelet"},{"floor":9,"key":"Question Card"}],"event_choices":[{"damage_healed":0,"gold_gain":0,"player_choice":"Trade","damage_taken":0,"relics_obtained":["GremlinMask"],"max_hp_gain":0,"max_hp_loss":0,"event_name":"FaceTrader","floor":3,"gold_loss":0},{"damage_healed":0,"gold_gain":68,"player_choice":"Gained Gold","damage_taken":0,"max_hp_gain":0,"max_hp_loss":0,"event_name":"Golden Wing","floor":8,"gold_loss":0}],"is_beta":false,"boss_relics":[],"items_purged_floors":[],"is_endless":false,"potions_floor_spawned":[1,4,5],"killed_by":"3 Sentries","ascension_level":20}}