{"host":"u4xl3cfa8ez93srb","time":1613974266,"event":{"mods":["BaseMod","Colored Map","Minty Spire (QoL Compilation)","StSLib"],"gold_per_floor":[360,2,2,21,21,60,60,60,135,174,199,233,268,280,292,434,446,482,494,431,443,472,513,525,570,605,644,656,701,731,754,766,883,895,921,949,498,498,515,543,555,583,608,643,657,406,406,406,406,406,406,406,66,100,100],"floor_reached":56,"language":"ENG","playtime":2779,"items_purged":["Shame","Strike_G","Strike_G"],"score":1927,"play_id":"8c2a65bb-d1e5-441e-9109-cb122aa2522e","local_time":"20210222171106","is_ascension_mode":true,"campfire_choices":[{"data":"Blade Dance","floor":7,"key":"SMITH"},{"data":"Blade Dance","floor":15,"key":"SMITH"},{"data":"J.A.X.","floor":28,"key":"SMITH"},{"data":"Envenom","floor":32,"key":"SMITH"},{"floor":47,"key":"RECALL"},{"data":"Apotheosis","floor":49,"key":"SMITH"},{"floor":52,"key":"REST"}],"circlet_count":0,"master_deck":["Strike_G+1","Strike_G+1","Defend_G","Defend_G","Defend_G","Defend_G","Defend_G","Survivor","Neutralize","Accuracy+1","Blade Dance+1","Blade Dance+1","Envenom+1","Crippling Poison","Escape Plan","PiercingWail","Corpse Explosion","Acrobatics+1","J.A.X.+1","Finisher+1","Slice+1","Backflip","Tools of the Trade","Glass Knife+1","A Thousand Cuts","Cloak And Dagger","PiercingWail+1","Footwork","Sadistic Nature","Blade Dance","Expertise+1","Crippling Poison+1","Blade Dance+1","Parasite","PiercingWail+1","Wraith Form v2","Madness","Apotheosis+1","Accuracy"],"relics":["Ring of the Snake","Membership Card","Nunchaku","Potion Belt","Bloody Idol","Lantern","Ornamental Fan","Molten Egg 2","MawBank","Sozu","Pocketwatch","Kunai","Whetstone","Torii","Bronze Scales","SlaversCollar","Mummified Hand","Gambling Chip","Du-Vu Doll","Pear","Pen Nib","Blue Candle","Akabeko","Tough Bandages","Frozen Eye","Bag of Marbles"],"acts_visited":["Exordium","TheCity","TheBeyond","TheEnding"],"potions_floor_usage":[12,17,29,55],"damage_taken":[{"damage":6,"enemies":"Small Slimes","floor":1,"turns":6},{"damage":4,"enemies":"Jaw Worm","floor":4,"turns":2},{"damage":18,"enemies":"Gremlin Nob","floor":6,"turns":4},{"damage":0,"enemies":"Lagavulin","floor":10,"turns":5},{"damage":0,"enemies":"Cultist","floor":11,"turns":2},{"damage":0,"enemies":"Gremlin Nob","floor":12,"turns":3},{"damage":0,"enemies":"Exordium Wildlife","floor":13,"turns":2},{"damage":19,"enemies":"Hexaghost","floor":16,"turns":6},{"damage":0,"enemies":"Chosen","floor":18,"turns":4},{"damage":15,"enemies":"Spheric Guardian","floor":22,"turns":4},{"damage":9,"enemies":"Book of Stabbing","floor":23,"turns":4},{"damage":37,"enemies":"Slavers","floor":25,"turns":4},{"damage":16,"enemies":"Gremlin Leader","floor":27,"turns":4},{"damage":15,"enemies":"Slavers","floor":29,"turns":3},{"damage":4,"enemies":"Centurion and Healer","floor":30,"turns":3},{"damage":3,"enemies":"Chosen and Byrds","floor":31,"turns":3},{"damage":30,"enemies":"Champ","floor":33,"turns":7},{"damage":12,"enemies":"3 Shapes","floor":35,"turns":2},{"damage":4,"enemies":"3 Darklings","floor":36,"turns":2},{"damage":3,"enemies":"Jaw Worm Horde","floor":39,"turns":1},{"damage":7,"enemies":"Giant Head","floor":40,"turns":6},{"damage":3,"enemies":"Transient","floor":41,"turns":5},{"damage":3,"enemies":"Reptomancer","floor":42,"turns":2},{"damage":3,"enemies":"Giant Head","floor":44,"turns":5},{"damage":3,"enemies":"Writhing Mass","floor":45,"turns":2},{"damage":36,"enemies":"Time Eater","floor":50,"turns":8},{"damage":15,"enemies":"Shield and Spear","floor":54,"turns":4},{"damage":69,"enemies":"The Heart","floor":55,"turns":6}],"seed_played":"3876604160571777953","potions_obtained":[{"floor":10,"key":"DuplicationPotion"},{"floor":11,"key":"Strength Potion"},{"floor":13,"key":"Fruit Juice"},{"floor":16,"key":"DistilledChaos"}],"is_trial":false,"path_per_floor":["M","$","?","M","?","E","R","?","T","E","M","E","M","?","R","B",null,"M","?","?","?","M","E","T","E","T","E","R","E","M","M","R","B",null,"M","M","$","?","M","E","M","E","T","E","M","$","R","?","R","B",null,"R","$","E","B",null],"character_chosen":"THE_SILENT","items_purchased":["Membership Card","Accuracy","Blade Dance","Nunchaku","Footwork","Mummified Hand","Gambling Chip","Sadistic Nature","Blue Candle","Wraith Form v2","Accuracy","Akabeko","Tough Bandages","Frozen Eye"],"campfire_rested":1,"item_purchase_floors":[2,2,2,2,37,37,37,37,46,46,53,53,53,53],"current_hp_per_floor":[57,57,45,41,41,23,23,23,23,23,23,23,23,44,44,25,60,60,60,65,70,60,61,66,38,48,42,47,42,48,55,60,40,64,62,68,70,70,70,68,70,80,80,80,80,80,80,70,70,34,69,80,80,70,1],"gold":100,"neow_bonus":"TWO_FIFTY_GOLD","is_daily":false,"chose_seed":false,"campfire_upgraded":5,"win_rate":0.0,"timestamp":1613974266,"path_taken":["M","$","?","M","?","E","R","?","T","E","?","E","M","?","R","BOSS","M","?","?","?","M","E","?","E","T","E","R","E","M","M","R","BOSS","M","M","$","?","M","E","M","E","T","E","M","$","R","?","R","BOSS","R","$","E","BOSS"],"items_purchased_type":["Relic","Card","Card","Relic","Card","Relic","Relic","Card","Relic","Card","Card","Relic","Relic","Relic"],"build_version":"2020-12-22","purchased_purges":3,"victory":true,"max_hp_per_floor":[70,70,70,70,65,65,65,65,65,65,65,65,65,65,65,65,70,70,70,70,70,70,70,70,70,70,70,70,70,70,70,70,70,70,70,70,70,70,70,70,70,80,80,80,80,80,80,80,80,80,80,80,80,80,80],"card_choices":[{"not_picked":["Slice","Outmaneuver","Prepared"],"picked":"SKIP","floor":1},{"not_picked":["Flechettes","Deflect"],"picked":"Blade Dance","floor":4},{"not_picked":["Outmaneuver","Finisher"],"picked":"Envenom","floor":6},{"not_picked":["Skewer+1","Deadly Poison"],"picked":"Crippling Poison","floor":10},{"not_picked":["Endless Agony+1","Heel Hook+1","Bouncing Flask"],"picked":"SKIP","floor":11},{"not_picked":["Poisoned Stab+1","Deflect"],"picked":"Escape Plan","floor":12},{"not_picked":["Dagger Throw+1","Underhanded Strike+1"],"picked":"PiercingWail","floor":13},{"not_picked":["Unload+1","Burst"],"picked":"Corpse Explosion","floor":16},{"not_picked":["Dagger Throw+1","Endless Agony+1"],"picked":"Acrobatics+1","floor":18},{"not_picked":["Underhanded Strike+1","Bane+1"],"picked":"Finisher+1","floor":22},{"not_picked":["Prepared","Dagger Spray+1"],"picked":"Slice+1","floor":23},{"not_picked":["Concentrate","Deadly Poison"],"picked":"Backflip","floor":25},{"not_picked":["Tactician","Backflip+1"],"picked":"Tools of the Trade","floor":27},{"not_picked":["Choke+1","Dagger Spray+1","Acrobatics"],"picked":"SKIP","floor":29},{"not_picked":["Dagger Throw+1","Underhanded Strike+1"],"picked":"Glass Knife+1","floor":30},{"not_picked":["Poisoned Stab+1","Prepared+1"],"picked":"Calculated Gamble","floor":31},{"not_picked":["Die Die Die+1","Unload+1"],"picked":"A Thousand Cuts","floor":33},{"not_picked":["Backflip","Sucker Punch+1"],"picked":"Cloak And Dagger","floor":35},{"not_picked":["Dagger Spray+1","Quick Slash+1"],"picked":"PiercingWail+1","floor":36},{"not_picked":["All Out Attack+1","Backflip+1","Outmaneuver"],"picked":"SKIP","floor":39},{"not_picked":["Slice+1","Backflip"],"picked":"Blade Dance","floor":40},{"not_picked":["Reflex","Setup+1"],"picked":"Expertise+1","floor":41},{"not_picked":["Prepared","Backstab+1"],"picked":"Crippling Poison+1","floor":42},{"not_picked":["Crippling Poison","Slice+1"],"picked":"Blade Dance+1","floor":44},{"not_picked":["Crippling Poison","Bane+1"],"picked":"PiercingWail+1","floor":45},{"not_picked":["Panacea","Deep Breath"],"picked":"Madness","floor":48},{"not_picked":["Purity","Good Instincts"],"picked":"Apotheosis","floor":48},{"not_picked":["Deadly Poison","Distraction+1","Endless Agony+1"],"picked":"SKIP","floor":54}],"player_experience":961838,"relics_obtained":[{"floor":6,"key":"Lantern"},{"floor":9,"key":"Ornamental Fan"},{"floor":10,"key":"Molten Egg 2"},{"floor":12,"key":"MawBank"},{"floor":23,"key":"Pocketwatch"},{"floor":25,"key":"Kunai"},{"floor":26,"key":"Whetstone"},{"floor":27,"key":"Torii"},{"floor":29,"key":"Bronze Scales"},{"floor":40,"key":"Du-Vu Doll"},{"floor":42,"key":"Pear"},{"floor":43,"key":"Pen Nib"},{"floor":54,"key":"Bag of Marbles"}],"event_choices":[{"damage_healed":0,"gold_gain":0,"player_choice":"Success","damage_taken":12,"relics_obtained":["Potion Belt"],"max_hp_gain":0,"max_hp_loss":0,"event_name":"Scrap Ooze","floor":3,"gold_loss":0},{"damage_healed":0,"gold_gain":0,"player_choice":"Lose Max HP","damage_taken":0,"relics_obtained":["Golden Idol"],"max_hp_gain":0,"max_hp_loss":5,"event_name":"Golden Idol","floor":5,"gold_loss":0},{"damage_healed":0,"gold_gain":0,"player_choice":"Upgraded","damage_taken":0,"max_hp_gain":0,"max_hp_loss":0,"event_name":"Upgrade Shrine","floor":8,"gold_loss":0,"cards_upgraded":["Accuracy"]},{"damage_healed":21,"gold_gain":0,"player_choice":"Banana","damage_taken":0,"max_hp_gain":0,"max_hp_loss":0,"event_name":"Big Fish","floor":14,"gold_loss":0},{"damage_healed":0,"gold_gain":0,"player_choice":"Gave Idol","damage_taken":0,"relics_obtained":["Bloody Idol"],"max_hp_gain":0,"max_hp_loss":0,"event_name":"Forgotten Altar","floor":19,"relics_lost":["Golden Idol"],"gold_loss":0},{"cards_removed":["Strike_G"],"damage_healed":0,"gold_gain":0,"player_choice":"Gave Gold","damage_taken":0,"max_hp_gain":0,"max_hp_loss":0,"event_name":"Beggar","floor":20,"gold_loss":75},{"damage_healed":0,"gold_gain":0,"player_choice":"Obtain J.A.X.","damage_taken":0,"max_hp_gain":0,"max_hp_loss":0,"event_name":"Drug Dealer","floor":21,"gold_loss":0,"cards_obtained":["J.A.X."]},{"cards_removed":["Calculated Gamble"],"damage_healed":0,"gold_gain":0,"player_choice":"Removed Skill","damage_taken":0,"max_hp_gain":0,"max_hp_loss":0,"event_name":"Falling","floor":38,"gold_loss":0},{"damage_healed":0,"gold_gain":0,"player_choice":"Memory 3","damage_taken":10,"max_hp_gain":0,"max_hp_loss":0,"event_name":"SensoryStone","floor":48,"gold_loss":0}],"is_beta":false,"boss_relics":[{"not_picked":["Calling Bell","Philosopher\u0027s Stone"],"picked":"Sozu"},{"not_picked":["Empty Cage","Runic Dome"],"picked":"SlaversCollar"}],"items_purged_floors":[2,37,46],"is_endless":false,"potions_floor_spawned":[10,11,13,16,18,23,27,29,33,35,36,44,45],"ascension_level":7}}