{"host":"sc0o2qwpf9j16a4i","time":1613987990,"event":{"mods":["AchievementEnabler","BaseMod","BetterRewards","Block Reminder","Colored Map","Colored Powertips","Custom Start","Highlight Path","Minty Spire (QoL Compilation)","Relic Stats"],"gold_per_floor":[113,132,144,231,243,255,255],"floor_reached":6,"language":"ENG","playtime":102,"items_purged":[],"score":34,"play_id":"eff3ef1e-96bb-47e4-9e6b-85d0dfde1362","local_time":"20210222115950","daily_mods":["Chimera","Vintage","Binary"],"is_ascension_mode":false,"campfire_choices":[],"circlet_count":0,"master_deck":["Bash","Survivor+1","Zap","Eruption","Strike_R","Strike_G","Strike_B","Defend_R","Defend_G+1","Defend_P","Injury"],"relics":["Burning Blood","The Courier","MawBank","Golden Idol"],"acts_visited":["Exordium"],"potions_floor_usage":[6],"damage_taken":[{"damage":0,"enemies":"Small Slimes","floor":1,"turns":4},{"damage":0,"enemies":"2 Louse","floor":2,"turns":3},{"damage":55,"enemies":"Gremlin Nob","floor":6,"turns":3}],"seed_played":"1468228322010834647","potions_obtained":[{"floor":1,"key":"Strength Potion"},{"floor":2,"key":"DuplicationPotion"}],"is_trial":true,"path_per_floor":["M","M","?","?","?","E"],"character_chosen":"IRONCLAD","items_purchased":[],"campfire_rested":0,"item_purchase_floors":[],"current_hp_per_floor":[80,80,80,69,53,0,0],"gold":255,"neow_bonus":"","is_daily":false,"chose_seed":false,"campfire_upgraded":0,"win_rate":0.0,"timestamp":1613987990,"path_taken":["M","M","?","?","?","E"],"items_purchased_type":[],"build_version":"2020-12-22","purchased_purges":0,"victory":false,"max_hp_per_floor":[80,80,80,80,80,80,80],"relic_stats":{"counters":[3,10],"Golden Idol":0,"MawBank":48,"obtain_stats":[{"Golden Idol":3,"The Courier":1,"MawBank":2,"Burning Blood":0},{"Golden Idol":2,"The Courier":1,"MawBank":2,"Burning Blood":0},{"Golden Idol":7,"The Courier":4,"MawBank":7,"Burning Blood":0}],"Burning Blood":0},"card_choices":[],"player_experience":1515490,"relics_obtained":[{"floor":1,"key":"The Courier"},{"floor":2,"key":"MawBank"}],"event_choices":[{"damage_healed":0,"gold_gain":0,"player_choice":"Take Wound","damage_taken":0,"relics_obtained":["Golden Idol"],"max_hp_gain":0,"max_hp_loss":0,"event_name":"Golden Idol","floor":3,"gold_loss":0,"cards_obtained":["Injury"]},{"damage_healed":0,"gold_gain":75,"player_choice":"Gather Gold","damage_taken":11,"max_hp_gain":0,"max_hp_loss":0,"event_name":"World of Goop","floor":4,"gold_loss":0},{"damage_healed":0,"gold_gain":0,"player_choice":"Entered Light","damage_taken":16,"max_hp_gain":0,"max_hp_loss":0,"event_name":"Shining Light","floor":5,"gold_loss":0,"cards_upgraded":["Defend_G","Survivor"]}],"is_beta":false,"boss_relics":[],"items_purged_floors":[],"is_endless":false,"potions_floor_spawned":[1,2],"killed_by":"Gremlin Nob","ascension_level":0}}