{"host":"n3r7007bx0xr1slw","time":1613966800,"event":{"mods":["BaseMod","DeckTracker","Googly Eyes","Minty Spire (QoL Compilation)","StSLib"],"gold_per_floor":[112,129,140,1,101,136,136,150,150,2,14,14,14,14,14,119,119,129,145,70,70,70,70,70,70,70,70,70,84,84,84,84],"floor_reached":31,"language":"ENG","playtime":1277,"items_purged":[],"score":295,"play_id":"09027462-9368-4744-bfdb-0aa6699c0ccd","local_time":"20210221230640","is_ascension_mode":true,"campfire_choices":[{"data":"BattleHymn","floor":7,"key":"SMITH"},{"data":"Adaptation","floor":12,"key":"SMITH"},{"data":"Alpha","floor":15,"key":"SMITH"},{"floor":23,"key":"REST"},{"floor":25,"key":"REST"},{"data":"Crescendo","floor":28,"key":"SMITH"}],"circlet_count":0,"master_deck":["Strike_P","Strike_P","Strike_P","Strike_P","Defend_P","Defend_P","Defend_P","Eruption+1","Vigilance","PathToVictory","Halt","Adaptation+1","BattleHymn+1","Crescendo+1","BowlingBash","Halt","Alpha+1","ThirdEye","Devotion","Tantrum","BowlingBash"],"relics":["HolyWater","Ornamental Fan","Bottled Tornado","Orrery","Mummified Hand","Enchiridion","FaceOfCleric","Bird Faced Urn"],"acts_visited":["Exordium","TheCity"],"potions_floor_usage":[6,11,16],"damage_taken":[{"damage":0,"enemies":"Small Slimes","floor":1,"turns":2},{"damage":0,"enemies":"Cultist","floor":2,"turns":2},{"damage":10,"enemies":"Jaw Worm","floor":3,"turns":3},{"damage":19,"enemies":"3 Sentries","floor":6,"turns":4},{"damage":4,"enemies":"Blue Slaver","floor":8,"turns":2},{"damage":14,"enemies":"Exordium Thugs","floor":11,"turns":2},{"damage":0,"enemies":"Slime Boss","floor":16,"turns":5},{"damage":45,"enemies":"2 Thieves","floor":18,"turns":4},{"damage":10,"enemies":"3 Byrds","floor":19,"turns":3},{"damage":45,"enemies":"Snake Plant","floor":29,"turns":4},{"damage":20,"enemies":"Book of Stabbing","floor":31,"turns":1}],"seed_played":"354714580918014988","potions_obtained":[{"floor":1,"key":"ColorlessPotion"},{"floor":3,"key":"FearPotion"},{"floor":6,"key":"DistilledChaos"},{"floor":11,"key":"Fire Potion"},{"floor":19,"key":"Dexterity Potion"}],"is_trial":false,"path_per_floor":["M","M","M","$","?","E","R","M","T","$","M","R","$","T","R","B",null,"M","M","?","$","?","R","?","R","T","$","R","M","?","E"],"character_chosen":"WATCHER","items_purchased":["BattleHymn","Crescendo","BowlingBash","Orrery"],"campfire_rested":2,"item_purchase_floors":[4,4,4,10],"current_hp_per_floor":[72,72,62,62,62,43,43,39,39,39,25,25,25,25,25,25,72,27,17,17,17,1,22,22,43,43,43,43,7,7,0,0],"gold":84,"neow_bonus":"UPGRADE_CARD","is_daily":false,"chose_seed":false,"campfire_upgraded":4,"win_rate":0.0,"timestamp":1613966800,"path_taken":["M","M","M","$","?","E","R","M","T","?","?","R","$","?","R","BOSS","M","M","?","$","?","R","?","R","T","$","R","?","?","E"],"items_purchased_type":["Card","Card","Card","Relic"],"build_version":"2020-12-22","purchased_purges":0,"victory":false,"max_hp_per_floor":[72,72,72,72,72,72,72,72,72,72,72,72,72,72,72,72,72,72,72,72,72,72,72,72,72,72,72,72,73,73,73,73],"card_choices":[{"not_picked":["TalkToTheHand","CrushJoints"],"picked":"PathToVictory","floor":1},{"not_picked":["EmptyBody","Consecrate"],"picked":"Halt","floor":2},{"not_picked":["Worship","EmptyMind"],"picked":"Adaptation","floor":3},{"not_picked":["FlurryOfBlows","Nirvana"],"picked":"Halt","floor":6},{"not_picked":["CrushJoints","WheelKick","Prostrate"],"picked":"SKIP","floor":8},{"not_picked":["ClearTheMind","Pray"],"picked":"Alpha","floor":10},{"not_picked":["Conclude","FollowUp"],"picked":"ThirdEye","floor":11},{"not_picked":["MasterReality","SpiritShield"],"picked":"Devotion","floor":16},{"not_picked":["ReachHeaven+1","Crescendo"],"picked":"Tantrum","floor":18},{"not_picked":["SashWhip","Worship+1","WheelKick"],"picked":"SKIP","floor":19},{"not_picked":["Prostrate+1","Collect"],"picked":"BowlingBash","floor":29}],"player_experience":140355,"relics_obtained":[{"floor":6,"key":"Ornamental Fan"},{"floor":9,"key":"Bottled Tornado"},{"floor":14,"key":"Mummified Hand"},{"floor":22,"key":"Enchiridion"},{"floor":26,"key":"Bird Faced Urn"}],"event_choices":[{"damage_healed":0,"gold_gain":100,"player_choice":"Pray","damage_taken":0,"max_hp_gain":0,"max_hp_loss":0,"event_name":"Golden Shrine","floor":5,"gold_loss":0},{"cards_removed":["Defend_P"],"damage_healed":0,"gold_gain":0,"player_choice":"Gave Gold","damage_taken":0,"max_hp_gain":0,"max_hp_loss":0,"event_name":"Beggar","floor":20,"gold_loss":75},{"damage_healed":0,"gold_gain":0,"player_choice":"Obtained Book","damage_taken":16,"max_hp_gain":0,"max_hp_loss":0,"event_name":"Cursed Tome","floor":22,"gold_loss":0},{"damage_healed":0,"gold_gain":0,"player_choice":"Trade","damage_taken":0,"relics_obtained":["FaceOfCleric"],"max_hp_gain":0,"max_hp_loss":0,"event_name":"FaceTrader","floor":24,"gold_loss":0}],"is_beta":false,"boss_relics":[{"not_picked":["Coffee Dripper","Philosopher\u0027s Stone"],"picked":"HolyWater"}],"items_purged_floors":[],"is_endless":false,"potions_floor_spawned":[1,3,6,11,19],"killed_by":"Book of Stabbing","ascension_level":1}}