{"host":"d9tpyi6mde8z2n96","time":1613956694,"event":{"mods":["100% Spire Juice","2.2 Compatiblity","A Penny For Your Troubles","AchievementEnabler","Act Like it!","AlwaysNeverKeys","Aspiration","BaseMod","Beaked The Cultist","Better Altar","Better Note","CapriCore","Challenge The Spire","Colored Map","Colored Powertips","Conspire","Dark Map","Defuse TimeMaze Blight","Dota2Spire","Elementarium","Energized Spire","Fox Events","Friendly Minions","Gensokyo","GifTheSpireLib","Gold Saver","Halation","Hermit","HololiveMod","Hubris","Hyrulean Relics","Infinite Spire","Jess\u0027s Bottle","Jorbs\u0027s Wanderer Trilogy","Marisa????????","Melee Mod","Minty Spire (QoL Compilation)","MostiFishMod","Pale of the Ancients","Permanent Neow","Potionbrewer","Quick Restart","Railgun Mod","Reliquary","Replay The Spire","Robot Space Explorer","Ruina","RumiaBox-????????","Shop Mod","Spikes Relics","StS++","StSLib","SuperFastMode","TestMod","The Alterego","The Animator","The Blue Laboratory","The Cursed","The Death Knight","The Fake Hero","The Marked","The Servant 0.9.4","The Spell Scribe","Trackpad","Transform Curses","Uncapped","Virulent Crown","Waifu the Spire","Wandering Minibosses","WarShipGirlsR/????R mod","Wide Potions","Yakumo Yukari mod"],"gold_per_floor":[326,326,326,353,372,372,404,404,404,404,63,94,99362,99379,99379,99484,99484,99503,99503,99503,99503,99303,99343,99343,99382,99382,99415,99415,99469,99511,99582,99582,99707,99707,99725,99313,99333,99333,99333,99378,99392,99418,99442,99442,99458,99507,99535,99575,99575,99591,99646,99657,99458,99539,99539,99559,99559,99188,99188,99213],"floor_reached":61,"language":"ENG","playtime":2871,"items_purged":["Delirium"],"score":1879,"play_id":"4c316103-c9d9-473d-9cd3-4be274c01d3b","local_time":"20210221201814","is_ascension_mode":true,"campfire_choices":[{"data":"Hololive_CallMinatoAqua","floor":6,"key":"SMITH"},{"data":"Hololive_CallTsunomakiWatame","floor":8,"key":"SMITH"},{"data":"Hololive_CallUruhaRushia","floor":15,"key":"SMITH"},{"data":"Hololive_CallUruhaRushia","floor":24,"key":"SMITH"},{"data":"Hololive_CallUruhaRushia","floor":28,"key":"SMITH"},{"data":"Hololive_StrengthChampion","floor":32,"key":"SMITH"},{"data":"Hololive_CocoNews","floor":44,"key":"SMITH"},{"data":"Hololive_StrengthChampion+1","floor":49,"key":"SMITH"},{"data":"Hololive_CandyCastle","floor":55,"key":"SMITH"},{"data":"Hololive_FlyingPonyTail","floor":57,"key":"SMITH"}],"circlet_count":0,"master_deck":["Hololive_Strike","Hololive_Strike","Hololive_Defend","Hololive_Defend","Hololive_Sequa","Hololive_CallMinatoAqua+1","Hololive_CallUruhaRushia+1","Hololive_CallMoonaHoshinova","Hololive_CallTsunomakiWatame+1","Hololive_Yoholoon","Hololive_CallRosalyn","Hololive_AWSL","Hololive_CallUruhaRushia+1","Hololive_CallUruhaRushia+1","Hololive_ScarfAndHalo+1","Hololive_Watashimo","MostiFishMod:JungleRules+1","Hololive_RevenueBasedLive","Hololive_CallNakiriAyame","Hololive_MaximGun+1","Hololive_StrengthChampion+1","Doubt","Hololive_CallUruhaRushia+1","conspire:SpireCoStock","conspire:SpireCoStock","conspire:SpireCoStock","conspire:SpireCoStock","Hololive_CocoNews+1","Hololive_CallUruhaRushia+1","Hololive_FlyingPonyTail","Hololive_FlyingPonyTail+1","Hololive_AWSL","Hololive_Rebound","Hololive_IdolExercise+1","Hololive_StrengthChampion+1","Hololive_FlyingPonyTail","Hololive_CocoNews","Hololive_Breathe+1","Hololive_FlyingPonyTail+1","Hololive_StrengthChampion+2","Hololive_StrengthChampion+1","Hololive_Nanodesu+1","Hololive_RevenueBasedLive","Hololive_HuntDinosaur","Hololive_CandyCastle+1","Hololive_CandyCastle","Hololive_CandyCastle+1","Hololive_RevenueBasedLive","Hololive_StrengthChampion"],"relics":["Hololive_TheStar","testmod-TestBox","DaveBox","testmod-ThousandKnives","MostiFishMod:Haymaker","SynthV:TestCard","Ring of Fury","ReplayTheSpireMod:Ring of Challenge","Dota2Spire:DrumOfEndurance","BicycleWheel","Eternal Feather","halation:EternalFortune","Blue Doll","BrkXgEgg","Blood Vial","Dodecahedron","Replay:PocketPolymizer","JellyFishMachine","wanderingMiniBosses:Blackblade","trackpad:ToughGloves","ruina:PrescriptsGrace","Rawhide","hubris:BundleOfHerbs","infinitespire:Beetle Shell","halation:PromiseList","FeatherPendant","StSpp:BoiledEgg","reliquary:BallBearing","ThornShield","trackpad:Mousetrap","paleoftheancients:Timepiece","paleoftheancients:KeyRelic","Ice Cream","Gremlin Horn","paleoftheancients:SoulOfTheWokeBloke","Replay:Baseball","MagicDraw4","StSpp:BrokenTotem","Civilization"],"acts_visited":["Exordium","ruina:Briah","TheBeyond","paleoftheancients:PaleOfTheAncients"],"potions_floor_usage":[23,25,44],"damage_taken":[{"damage":0,"enemies":"Jaw Worm","floor":1,"turns":4},{"damage":0,"enemies":"2 Louse","floor":5,"turns":2},{"damage":0,"enemies":"3 Sentries","floor":7,"turns":4},{"damage":0,"enemies":"Replay:BlueRogue","floor":12,"turns":4},{"damage":0,"enemies":"conspire:RoseBush","floor":14,"turns":4},{"damage":0,"enemies":"The Guardian","floor":16,"turns":2},{"damage":0,"enemies":"ruina:3_Bats","floor":18,"turns":5},{"damage":6,"enemies":"ruina:RoadHome","floor":23,"turns":7},{"damage":0,"enemies":"ruina:BadWolf","floor":25,"turns":4},{"damage":0,"enemies":"ruina:Woodsman","floor":27,"turns":3},{"damage":0,"enemies":"ruina:ServantOfWrath","floor":29,"turns":4},{"damage":0,"enemies":"ruina:Nos_and_Bat","floor":30,"turns":3},{"damage":0,"enemies":"ruina:Mountain","floor":31,"turns":6},{"damage":0,"enemies":"ruina:Red_and_Wolf","floor":33,"turns":6},{"damage":0,"enemies":"3 Darklings","floor":35,"turns":1},{"damage":0,"enemies":"Orb Walker","floor":37,"turns":1},{"damage":0,"enemies":"R_Hoarder","floor":40,"turns":4},{"damage":0,"enemies":"4 Shapes","floor":41,"turns":1},{"damage":8,"enemies":"Reptomancer","floor":42,"turns":3},{"damage":0,"enemies":"Transient","floor":45,"turns":2},{"damage":0,"enemies":"Maw","floor":46,"turns":2},{"damage":0,"enemies":"Sphere and 2 Shapes","floor":47,"turns":2},{"damage":0,"enemies":"Jaw Worm Horde","floor":48,"turns":1},{"damage":0,"enemies":"Replay:Hell Engine","floor":50,"turns":2},{"damage":0,"enemies":"Replay:Hell Engine","floor":51,"turns":4},{"damage":0,"enemies":"Replay:Hell Engine","floor":52,"turns":1},{"damage":0,"enemies":"Replay:Hell Engine","floor":56,"turns":1},{"damage":0,"enemies":"paleoftheancients:N","floor":60,"turns":2}],"seed_played":"2877362080360660674","potions_obtained":[{"floor":1,"key":"blueLaboratory:FruitPunch"},{"floor":7,"key":"testmod-SpacePotion"},{"floor":23,"key":"Dexterity Potion"},{"floor":30,"key":"Flashbang"},{"floor":33,"key":"PanachePotion"},{"floor":52,"key":"SkillPotion"}],"is_trial":false,"path_per_floor":["M","?","?","T","M","R","E","R","T","?","$","E","$","M","R","B",null,"M","?","?","?","?","E","R","M","T","M","R","E","M","E","R","B",null,"M","$","M","?","?","E","M","E","T","R","M","M","M","M","R","B","M","M","$","T","R","M","R","$","?","B",null],"character_chosen":"Hololive_HololiveCharacter","items_purchased":["Hololive_CallUruhaRushia","Blue Doll","BrkXgEgg","Hololive_Watashimo","MostiFishMod:JungleRules+1","Dodecahedron","Replay:PocketPolymizer","Hololive_RevenueBasedLive","StSpp:BoiledEgg","Hololive_FlyingPonyTail","Replay:Baseball","Hololive_CandyCastle","StSpp:BrokenTotem","Civilization","Hololive_RevenueBasedLive","Hololive_StrengthChampion"],"campfire_rested":0,"item_purchase_floors":[11,11,11,13,13,13,13,13,36,36,53,53,58,58,58,58],"current_hp_per_floor":[26,26,26,26,26,26,26,26,26,29,29,33,33,36,43,44,44,45,45,32,32,32,31,48,49,49,50,50,54,55,57,57,59,59,61,61,63,63,57,61,65,61,61,69,71,73,75,77,77,79,81,83,83,83,83,85,85,85,85,88],"gold":99213,"neow_bonus":"TWO_FIFTY_GOLD","is_daily":false,"chose_seed":false,"campfire_upgraded":10,"win_rate":0.0,"timestamp":1613956694,"path_taken":["M","?","?","?","M","R","E","R","T","?","?","E","$","M","R","BOSS","M","?","?","?","?","E","R","?","T","M","R","E","M","E","R","BOSS","M","?","?","?","?","E","M","E","T","R","?","?","M","M","R","BOSS","M","M","?","T","R","M","R","$","?","BOSS"],"items_purchased_type":["Card","Relic","Relic","Card","Card","Relic","Relic","Card","Relic","Card","Relic","Card","Relic","Relic","Card","Card"],"build_version":"2020-12-22","purchased_purges":1,"victory":true,"max_hp_per_floor":[35,35,35,35,35,35,35,35,35,38,38,42,42,43,43,44,44,45,45,45,45,45,48,48,49,49,50,50,54,55,57,57,59,59,61,61,63,63,63,65,67,69,69,69,71,73,75,77,77,79,81,83,83,83,83,85,85,85,85,88],"card_choices":[{"not_picked":["Hololive_SummonFox","Hololive_StrengthChampion","Hololive_Trident"],"picked":"Hololive_Yoholoon","floor":1},{"not_picked":["Hololive_Sequa","Hololive_StrengthChampion","Hololive_CallOmaruPolka","Hololive_Trident","Hololive_CallTokoyamiTowa"],"picked":"Hololive_CallRosalyn","floor":5},{"not_picked":["Hololive_CocoNews","Hololive_Drill","Hololive_CallAZKi","Hololive_Breathe","Hololive_OvertimeWork"],"picked":"Hololive_AWSL","floor":7},{"not_picked":["Hololive_Psychosis","Hololive_CallUsadaPekora","Hololive_Sequa","Hololive_CallArtia","Hololive_CallMoonaHoshinova"],"picked":"Hololive_ScarfAndHalo+1","floor":12},{"not_picked":["Hololive_Trident","Hololive_OvertimeWork","Hololive_Drill","Hololive_StrengthChampion","Hololive_Psychosis"],"picked":"Hololive_CallNakiriAyame","floor":14},{"not_picked":["Hololive_DiamondStrike+1","Hololive_Nanodesu+1","Hololive_HighAtkLowDef+1","Hololive_DurableLive+1","Hololive_ASMR+1"],"picked":"Hololive_MaximGun+1","floor":16},{"not_picked":["Hololive_CallUsadaPekora","Hololive_Rebound","Hololive_CallDoris","Hololive_CallAZKi","Hololive_HuntDinosaur"],"picked":"Hololive_StrengthChampion","floor":18},{"not_picked":["wanderingMiniBosses:FinaleOfPromise"],"picked":"SKIP","floor":18},{"not_picked":["Hololive_CallUsadaPekora","Hololive_HuntDinosaur+1","Hololive_CallRoboco","Hololive_Drill","Hololive_CallOmaruPolka"],"picked":"Hololive_CocoNews","floor":23},{"not_picked":["Hololive_CallAZKi","Hololive_CallYozoraMel+1","Hololive_Sequa","Hololive_Breathe","Hololive_Yoholoon+1"],"picked":"Hololive_CallUruhaRushia","floor":25},{"not_picked":["Hololive_CallShishiroBotan+1","Hololive_LuckPotion","Hololive_CallSpadeEcho","Hololive_CallMoonaHoshinova","Hololive_CallAiraniIofifteen"],"picked":"Hololive_FlyingPonyTail","floor":27},{"not_picked":["Hololive_LuckPotion","Hololive_CallUsadaPekora","Hololive_CallMoonaHoshinova","Hololive_CallShiroganeNoel","Hololive_CallYuzukiChoco"],"picked":"Hololive_FlyingPonyTail","floor":29},{"not_picked":["Hololive_Drill+1","Hololive_Rebound","Hololive_CallManoAloe","Hololive_OvertimeWork","Hololive_CallOkamiMio"],"picked":"Hololive_AWSL","floor":30},{"not_picked":["Hololive_LuckPotion+1","Hololive_HuntDinosaur","Hololive_CallFriendA+1","Hololive_CallAiraniIofifteen+1","Hololive_CallDoris"],"picked":"Hololive_Rebound","floor":31},{"not_picked":["Hololive_DiamondStrike+1","Hololive_BeCareful+1","Hololive_Thief+1","Hololive_HighAtkLowDef+1","Hololive_Recruit+1"],"picked":"Hololive_IdolExercise+1","floor":33},{"not_picked":["Hololive_CallMinatoAqua","Hololive_CallTokoyamiTowa","Hololive_CallUsadaPekora","Hololive_CallManoAloe+1","Hololive_LuckPotion"],"picked":"Hololive_StrengthChampion+1","floor":35},{"not_picked":["Hololive_HighAtkLowDef+1","Hololive_CandyCastle+1","Hololive_OvertimeWork","Hololive_CallManoAloe+1","Hololive_CallYuzukiChoco"],"picked":"Hololive_CocoNews","floor":37},{"not_picked":["Hololive_Drill","Hololive_Nanodesu+1","Hololive_LuckPotion","Hololive_BeCareful+1","Hololive_CallShirakamiFubuki+1","Hololive_Sequa"],"picked":"SKIP","floor":40},{"not_picked":["Hololive_Watashimo+1","Hololive_CallAyundaRisu+1","Hololive_Drill+1","Hololive_Psychosis","Hololive_CallManoAloe+1"],"picked":"Hololive_Breathe+1","floor":41},{"not_picked":["Hololive_CallAkaiHaato+1","Hololive_Spy","Hololive_Psychosis+1","Hololive_ManjiGathering+1","Hololive_Trident+1"],"picked":"Hololive_FlyingPonyTail+1","floor":42},{"not_picked":["Hololive_CallKiryuuCoco+1","Hololive_CallAiraniIofifteen+1","Hololive_CallShiranuiFlare+1","Hololive_HuntDinosaur","Hololive_OvertimeWork"],"picked":"Hololive_StrengthChampion+1","floor":45},{"not_picked":["Hololive_Trident","Hololive_Psychosis","Hololive_Drill+1","Hololive_FlyingPonyTail+1","Hololive_Spy"],"picked":"Hololive_StrengthChampion+1","floor":46},{"not_picked":["Hololive_CandyCastle","Hololive_CallOkamiMio+1","Hololive_CallTsunomakiWatame+1","Hololive_CallFriendA","Hololive_CocoNews+1"],"picked":"Hololive_Nanodesu+1","floor":47},{"not_picked":["Hololive_HuntDinosaur+1","Hololive_Drill","Hololive_CallKiryuuCoco","Hololive_CallNatsuiroMatsuri+1","Hololive_CallShirakamiFubuki"],"picked":"Hololive_RevenueBasedLive","floor":48},{"not_picked":["Hololive_CallRosalyn","Hololive_CallAkaiHaato+1","Hololive_CallOzoraSubaru+1","Hololive_DevilCharm+1","Hololive_CallShiranuiFlare+1"],"picked":"Hololive_HuntDinosaur","floor":51},{"not_picked":["Hololive_CallSakuraMiko","Hololive_CallDoris+1","Hololive_CallTsunomakiWatame+1","Hololive_CallTokinoSora+1","Hololive_CallAmaneKanata","Hololive_CallNekomataOkayu+1"],"picked":"SKIP","floor":52},{"not_picked":["Hololive_Trident","Hololive_ManjiGathering+1","Hololive_RevenueBasedLive+1","Hololive_CallHoushouMarine","Hololive_StrengthChampion"],"picked":"Hololive_CandyCastle+1","floor":56}],"player_experience":1122560,"relics_obtained":[{"floor":1,"key":"SynthV:TestCard"},{"floor":3,"key":"Ring of Fury"},{"floor":3,"key":"ReplayTheSpireMod:Ring of Challenge"},{"floor":4,"key":"Dota2Spire:DrumOfEndurance"},{"floor":7,"key":"BicycleWheel"},{"floor":9,"key":"Eternal Feather"},{"floor":12,"key":"halation:EternalFortune"},{"floor":12,"key":"Blood Vial"},{"floor":18,"key":"wanderingMiniBosses:Blackblade"},{"floor":23,"key":"Rawhide"},{"floor":26,"key":"hubris:BundleOfHerbs"},{"floor":29,"key":"halation:EternalFortune"},{"floor":29,"key":"infinitespire:Beetle Shell"},{"floor":31,"key":"halation:PromiseList"},{"floor":40,"key":"reliquary:BallBearing"},{"floor":42,"key":"ThornShield"},{"floor":43,"key":"trackpad:Mousetrap"},{"floor":51,"key":"paleoftheancients:SoulOfTheWokeBloke"},{"floor":52,"key":"paleoftheancients:SoulOfTheSilent"},{"floor":54,"key":"MagicDraw4"},{"floor":56,"key":"paleoftheancients:SoulOfTheVixen"}],"event_choices":[{"damage_healed":0,"gold_gain":0,"player_choice":"Ignored","damage_taken":0,"max_hp_gain":0,"max_hp_loss":0,"event_name":"Golden Wing","floor":2,"gold_loss":0},{"damage_healed":0,"gold_gain":0,"player_choice":"Invest 4","damage_taken":0,"max_hp_gain":0,"max_hp_loss":0,"event_name":"conspire:Investor","floor":22,"gold_loss":0},{"cards_removed":["Hololive_CallYogiri"],"damage_healed":0,"gold_gain":0,"player_choice":"Removed Power","damage_taken":0,"max_hp_gain":0,"max_hp_loss":0,"event_name":"Falling","floor":38,"gold_loss":0},{"damage_healed":0,"gold_gain":0,"player_choice":"Damaged","damage_taken":6,"max_hp_gain":0,"max_hp_loss":0,"event_name":"Wheel of Change","floor":39,"gold_loss":0}],"is_beta":false,"boss_relics":[{"not_picked":["hubris:BlackHole","Cursed Key"],"picked":"JellyFishMachine"},{"not_picked":["StSpp:PileOfSugar","OneHitWonderSystem"],"picked":"FeatherPendant"}],"items_purged_floors":[36],"is_endless":false,"potions_floor_spawned":[1,7,16,23,25,30,33,37,40,45,46,52],"ascension_level":1}}