{"host":"g3js2eermvvpeiqn","time":1613972779,"event":{"mods":["BaseMod","DeckTracker","Downfall","Minty Spire (QoL Compilation)","Quick Restart","StSLib"],"gold_per_floor":[18,32,32,47,59,59,73,73,127,141,157,171,171,203,203,203,203],"floor_reached":16,"language":"ENG","playtime":1219,"items_purged":[],"score":212,"play_id":"8872d570-859d-4cb1-8321-9637da37be01","local_time":"20210221234619","is_ascension_mode":true,"campfire_choices":[{"data":"Well Laid Plans","floor":6.0,"key":"SMITH"},{"data":"Blade Dance","floor":8.0,"key":"SMITH"},{"floor":13.0,"key":"REST"},{"data":"Phantasmal Killer","floor":15.0,"key":"SMITH"}],"circlet_count":0,"master_deck":["AscendersBane","Strike_G","Strike_G","Strike_G","Strike_G","Defend_G","Defend_G","Defend_G","Defend_G","Survivor","Neutralize","Acrobatics","Well Laid Plans+1","Acrobatics","Blade Dance+1","Dagger Spray","Reflex","PiercingWail","Phantasmal Killer+1"],"relics":["Ring of the Snake","Happy Flower","Mercury Hourglass"],"acts_visited":["Exordium"],"potions_floor_usage":[16,16],"damage_taken":[{"damage":1.0,"enemies":"Small Slimes","floor":1.0,"turns":4.0},{"damage":5.0,"enemies":"Cultist","floor":2.0,"turns":4.0},{"damage":4.0,"enemies":"Jaw Worm","floor":4.0,"turns":5.0},{"damage":16.0,"enemies":"Exordium Wildlife","floor":5.0,"turns":4.0},{"damage":4.0,"enemies":"2 Fungi Beasts","floor":7.0,"turns":4.0},{"damage":8.0,"enemies":"Large Slime","floor":10.0,"turns":5.0},{"damage":12.0,"enemies":"Lots of Slimes","floor":11.0,"turns":2.0},{"damage":9.0,"enemies":"2 Fungi Beasts","floor":12.0,"turns":3.0},{"damage":15.0,"enemies":"3 Sentries","floor":14.0,"turns":6.0},{"damage":19,"enemies":"Hexaghost","floor":16,"turns":9}],"seed_played":"7112018700033768939","potions_obtained":[{"floor":1.0,"key":"champ:CounterPotion"},{"floor":2.0,"key":"PowerPotion"},{"floor":7.0,"key":"Swift Potion"},{"floor":14.0,"key":"PowerPotion"}],"is_trial":false,"path_per_floor":["M","M","?","M","M","R","M","R","T","M","M","M","R","E","R","B"],"character_chosen":"THE_SILENT","items_purchased":[],"campfire_rested":1,"item_purchase_floors":[],"current_hp_per_floor":[58,53,66,62,46,46,42,42,42,34,22,13,32,17,17,0,0],"gold":203,"neow_bonus":"TRANSFORM_TWO_CARDS","is_daily":false,"chose_seed":false,"campfire_upgraded":3,"win_rate":0.0,"timestamp":1613972779,"path_taken":["M","M","?","M","M","R","M","R","T","M","?","M","R","E","R","BOSS"],"items_purchased_type":[],"build_version":"2020-12-22","purchased_purges":0,"victory":false,"max_hp_per_floor":[66,66,66,66,66,66,66,66,66,66,66,66,66,66,66,66,66],"card_choices":[{"not_picked":["Escape Plan","Masterful Stab"],"picked":"Acrobatics","floor":1.0},{"not_picked":["Dodge and Roll","Slice"],"picked":"Blade Dance","floor":2.0},{"not_picked":["Backflip","Dodge and Roll","Flechettes"],"picked":"SKIP","floor":4.0},{"not_picked":["Slice","Riddle With Holes"],"picked":"Dagger Spray","floor":5.0},{"not_picked":["Underhanded Strike","Acrobatics"],"picked":"Reflex","floor":7.0},{"not_picked":["Bane","Flying Knee","Dodge and Roll"],"picked":"SKIP","floor":10.0},{"not_picked":["Deadly Poison","Slice","PiercingWail"],"picked":"SKIP","floor":11.0},{"not_picked":["Deadly Poison","Slice"],"picked":"PiercingWail","floor":11.0},{"not_picked":["Poisoned Stab","Masterful Stab"],"picked":"Phantasmal Killer","floor":12.0},{"not_picked":["Catalyst","Endless Agony","Acrobatics"],"picked":"SKIP","floor":14.0}],"player_experience":1555809,"relics_obtained":[{"floor":9.0,"key":"Happy Flower"},{"floor":14.0,"key":"Mercury Hourglass"}],"event_choices":[{"damage_healed":13.0,"max_hp_gain":0.0,"max_hp_loss":0.0,"gold_gain":0.0,"event_name":"Wheel of Change","player_choice":"Full Heal","floor":3.0,"gold_loss":0.0,"damage_taken":0.0}],"is_beta":false,"boss_relics":[],"items_purged_floors":[],"is_endless":false,"potions_floor_spawned":[1,2,7,14],"killed_by":"Hexaghost","ascension_level":20}}