{"host":"j019w4cyowrad0mf","time":1613981981,"event":{"mods":["2.2 Compatiblity","Act Like it!","BaseMod","CapriCore","Gensokyo","HololiveMod","Marisa????????","Minty Spire (QoL Compilation)","Rare Cards Sparkle","Reimu??????","StSLib","Waifu the Spire"],"gold_per_floor":[82,82,7,7,30,30,30,30,30,82,100,100,100,119,119,232,232,254,0,28,28,28,28,28,51,51,51,51,51,71,71,71,185,185,207,207,207,207,240,297,297,345,345,35,59,11,11,11,11,54,54,54,4,75,75,75],"floor_reached":55,"language":"ENG","playtime":3340,"items_purged":["Hololive_Strike"],"score":1251,"play_id":"c3661308-a367-4242-92c5-79a1ce1929a4","local_time":"20210222001941","is_ascension_mode":true,"campfire_choices":[{"data":"Secret Weapon","floor":6.0,"key":"SMITH"},{"data":"Hololive_CallUsadaPekora","floor":8.0,"key":"SMITH"},{"data":"Hololive_CallShiranuiFlare","floor":12.0,"key":"SMITH"},{"data":"Hololive_CallHoushouMarine","floor":13.0,"key":"SMITH"},{"data":"Hololive_CallSakuraMiko","floor":15.0,"key":"SMITH"},{"data":"Hololive_CallShiroganeNoel","floor":23.0,"key":"SMITH"},{"data":"Hololive_IdolExercise","floor":24.0,"key":"SMITH"},{"data":"Hololive_BringToTrial","floor":28.0,"key":"SMITH"},{"data":"Hololive_CallUruhaRushia","floor":29.0,"key":"SMITH"},{"data":"Gensokyo:TurboGranny","floor":32.0,"key":"SMITH"},{"data":"Hololive_DurableLive","floor":41.0,"key":"SMITH"},{"floor":49.0,"key":"RECALL"},{"data":"Hololive_MaximGun","floor":52.0,"key":"SMITH"}],"circlet_count":0,"master_deck":["Hololive_CallHoushouMarine+1","Hololive_CallShiroganeNoel+1","Hololive_CallUruhaRushia+1","Hololive_CallShiranuiFlare+1","Hololive_CallUsadaPekora+1","Hololive_StrengthChampion+2","Secret Weapon+1","Hololive_CallSakuraMiko+1","Hololive_Breathe+1","Hololive_CallArtia+1","Hololive_LuckPotion+1","Hololive_IdolExercise+1","Hololive_SoulCatcher+1","Hololive_BringToTrial+1","Hololive_CallOmaruPolka+1","Gensokyo:TurboGranny+1","Hololive_DurableLive+1","Hololive_DDD+1","Hololive_Rebirth+1","Hololive_CallTsunomakiWatame+1","Hololive_MaximGun+1","Gensokyo:RainbowDanmaku+1"],"relics":["Hololive_TheStar","Gensokyo:PortableGap","Pear","Pen Nib","Busted Crown","Mercury Hourglass","Gensokyo:SongOfSouls","Astrolabe","Gensokyo:EmptyGrave","InkBottle","Vajra","Whetstone","Lantern","Bottled Flame"],"acts_visited":["Exordium","Gensokyo:Gensokyo","Gensokyo:Gensokyoer","TheEnding"],"potions_floor_usage":[],"damage_taken":[{"damage":0.0,"enemies":"Gensokyo:Gryphon","floor":1.0,"turns":2.0},{"damage":0.0,"enemies":"Gensokyo:2_Kodama","floor":5.0,"turns":3.0},{"damage":0.0,"enemies":"Gensokyo:Cirno","floor":10.0,"turns":5.0},{"damage":0.0,"enemies":"Gensokyo:Python","floor":11.0,"turns":2.0},{"damage":0.0,"enemies":"Gensokyo:LivingMonolith","floor":14.0,"turns":3.0},{"damage":0.0,"enemies":"Gensokyo:Kokoro","floor":16.0,"turns":5.0},{"damage":0.0,"enemies":"Gensokyo:AngelMirror","floor":18.0,"turns":3.0},{"damage":0.0,"enemies":"Gensokyo:Chomper","floor":20.0,"turns":3.0},{"damage":0.0,"enemies":"Gensokyo:Monolith_and_Dog","floor":25.0,"turns":4.0},{"damage":0.0,"enemies":"Gensokyo:Wraith","floor":30.0,"turns":4.0},{"damage":1.0,"enemies":"Gensokyo:Eternal_Rivals","floor":33.0,"turns":6.0},{"damage":0.0,"enemies":"Gensokyo:AncientGuardian","floor":35.0,"turns":3.0},{"damage":0.0,"enemies":"Gensokyo:3_Bats","floor":39.0,"turns":4.0},{"damage":0.0,"enemies":"Gensokyo:Doremy","floor":40.0,"turns":4.0},{"damage":0.0,"enemies":"Gensokyo:Kasen","floor":42.0,"turns":6.0},{"damage":0.0,"enemies":"Gensokyo:AtlasGolem","floor":45.0,"turns":3.0},{"damage":9.0,"enemies":"Gensokyo:AtlasGolem","floor":47.0,"turns":6.0},{"damage":0.0,"enemies":"Gensokyo:Shinki","floor":50.0,"turns":7.0},{"damage":3.0,"enemies":"Shield and Spear","floor":54.0,"turns":6.0},{"damage":27,"enemies":"The Heart","floor":55,"turns":2}],"seed_played":"8027060353616087855","potions_obtained":[{"floor":5.0,"key":"PowerPotion"},{"floor":14.0,"key":"AttackPotion"},{"floor":16.0,"key":"ZuzhouPotion:ReiMu"},{"floor":18.0,"key":"ColorlessPotion"},{"floor":33.0,"key":"Fruit Juice"},{"floor":35.0,"key":"Swift Potion"},{"floor":40.0,"key":"AttackPotion"}],"is_trial":false,"path_per_floor":["M","?","$","COS","M","R","?","R","T","E","M","R","R","M","R","B",null,"M","?","M","$","?","R","R","M","T","?","R","R","M","?","R","B",null,"M","?","?","?","M","E","R","E","T","$","M","$","?","?","R","B",null,"R","$","E","B"],"character_chosen":"Hololive_HololiveCharacter","items_purchased":["Lantern","Hololive_MaximGun","Swift Potion","BlessingOfTheForge"],"campfire_rested":0,"item_purchase_floors":[44,44,46,53],"current_hp_per_floor":[32,29,29,29,29,26,21,21,21,21,21,21,21,21,21,21,28,28,28,28,28,28,27,27,27,27,27,24,24,24,22,22,21,27,27,27,23,23,23,23,25,25,25,25,25,25,25,25,25,25,25,25,25,22,0,0],"gold":75,"neow_bonus":"RANDOM_COLORLESS_2","is_daily":false,"chose_seed":false,"campfire_upgraded":12,"win_rate":0.0,"timestamp":1613981981,"path_taken":["M","?","?","COS","M","R","?","R","T","E","?","R","R","M","R","BOSS","M","?","M","$","?","R","R","?","T","?","R","R","M","?","R","BOSS","M","?","?","?","M","E","R","E","T","$","?","?","?","?","R","BOSS","R","$","E","BOSS"],"items_purchased_type":["Relic","Card","Potion","Potion"],"build_version":"2020-12-22","purchased_purges":1,"victory":false,"max_hp_per_floor":[32,29,29,29,29,26,36,33,33,33,33,30,30,30,30,30,30,30,30,30,30,30,27,27,27,27,27,24,24,24,22,22,22,27,27,27,27,25,25,25,25,25,25,25,25,25,25,25,25,25,25,25,25,25,25,25],"card_choices":[{"not_picked":["Violence","Transmutation"],"picked":"Secret Weapon","floor":0.0},{"not_picked":["Hololive_Rebound","Hololive_StrengthChampion","Hololive_Drill"],"picked":"Hololive_CallSakuraMiko","floor":1.0},{"not_picked":["Hololive_CallShiranuiFlare","Hololive_CallUsadaPekora","Hololive_StrengthChampion"],"picked":"Hololive_Breathe","floor":5.0},{"not_picked":["Hololive_OvertimeWork","Hololive_ScarfAndHalo","Hololive_CallKiryuuCoco","Hololive_Teleport"],"picked":"SKIP","floor":10.0},{"not_picked":["Hololive_Sequa","Hololive_Drill","Hololive_Psychosis"],"picked":"Hololive_CallArtia","floor":11.0},{"not_picked":["Hololive_Rebound","Hololive_CallYuzukiChoco","Hololive_CallShiroganeNoel"],"picked":"Hololive_LuckPotion","floor":14.0},{"not_picked":["Hololive_DiamondStrike","Hololive_AWSL","Hololive_StarCraft"],"picked":"Hololive_IdolExercise","floor":16.0},{"not_picked":["Hololive_CallKiryuuCoco"],"picked":"Hololive_SoulCatcher+1","floor":18.0},{"not_picked":["Hololive_OvertimeWork","Hololive_LuckPotion"],"picked":"SKIP","floor":20.0},{"not_picked":["Hololive_CallYuzukiChoco","Hololive_Drill"],"picked":"SKIP","floor":25.0},{"not_picked":["Hololive_RevenueBasedLive+1"],"picked":"Hololive_CallOmaruPolka+1","floor":30.0},{"not_picked":["Gensokyo:SevenSchoolMysteries"],"picked":"Gensokyo:TurboGranny","floor":31.0},{"not_picked":["Hololive_OpenUp"],"picked":"Hololive_DurableLive","floor":33.0},{"not_picked":["Hololive_Trident","Hololive_CallTsunomakiWatame"],"picked":"SKIP","floor":35.0},{"not_picked":["Hololive_StrengthChampion+1"],"picked":"Hololive_CallTsunomakiWatame+1","floor":39.0},{"not_picked":["Hololive_CallUruhaRushia","Hololive_Sequa"],"picked":"SKIP","floor":40.0},{"not_picked":["Hololive_OvertimeWork+1","Hololive_BringToTrial"],"picked":"SKIP","floor":42.0},{"not_picked":["Hololive_StrengthChampion","Hololive_LuckPotion"],"picked":"SKIP","floor":45.0},{"not_picked":["Gensokyo:LifeSpringInfinity+1","Gensokyo:UnlikelyAid+1"],"picked":"Gensokyo:RainbowDanmaku+1","floor":47.0},{"not_picked":["Hololive_CocoNews+1","Hololive_OvertimeWork+1"],"picked":"SKIP","floor":54.0}],"player_experience":355764,"relics_obtained":[{"floor":10.0,"key":"Pen Nib"},{"floor":26.0,"key":"Mercury Hourglass"},{"floor":40.0,"key":"InkBottle"},{"floor":42.0,"key":"Vajra"},{"floor":43.0,"key":"Whetstone"},{"floor":54.0,"key":"Bottled Flame"}],"event_choices":[],"is_beta":false,"boss_relics":[{"not_picked":["Fusion Hammer","SacredBark"],"picked":"Busted Crown"},{"not_picked":["Black Star","Hololive_ChaosS"],"picked":"Astrolabe"}],"items_purged_floors":[3],"is_endless":false,"potions_floor_spawned":[5,14,16,18,25,33,35,40],"killed_by":"The Heart","ascension_level":9}}