{"host":"v86vpwf004p2esb7","time":1613960911,"event":{"mods":["AchievementEnabler","BaseMod","BetterRewards","Colored Powertips","Minty Spire (QoL Compilation)","Quick Restart","StSLib","Transform Curses"],"gold_per_floor":[118,118,135,153,170,199,199,231,258,29,29,96,96,109,109,214,214,232,246,266,286,299,327,327,341,341,359,359,393,393,393],"floor_reached":30,"language":"ENG","playtime":1195,"items_purged":[],"score":618,"play_id":"cda107c2-6e59-4527-85ef-755c5e0d0abb","local_time":"20210221182831","is_ascension_mode":true,"campfire_choices":[{"floor":7,"key":"REST"},{"data":"Cloak And Dagger","floor":11,"key":"SMITH"},{"floor":15,"key":"RECALL"},{"floor":24,"key":"REST"},{"data":"Cloak And Dagger","floor":28,"key":"SMITH"}],"circlet_count":0,"master_deck":["Strike_G","Strike_G","Strike_G","Strike_G","Strike_G","Defend_G","Defend_G+1","Defend_G","Defend_G","Survivor+1","Neutralize","Cloak And Dagger","Catalyst","Finisher","Accuracy","Bane","Backstab","Dodge and Roll","Slice","Infinite Blades","Cloak And Dagger+1","Footwork","Envenom","Bane","Endless Agony","Cloak And Dagger","Escape Plan","Corpse Explosion","Backflip","Cloak And Dagger+1","Accuracy"],"relics":["Ring of the Snake","Ninja Scroll","Oddly Smooth Stone","Bird Faced Urn","TwistedFunnel","Paper Crane","Strawberry","Omamori","NlothsMask","Cursed Key","War Paint","White Beast Statue"],"acts_visited":["Exordium","TheCity"],"potions_floor_usage":[8,29,30],"damage_taken":[{"damage":0,"enemies":"Small Slimes","floor":1,"turns":1},{"damage":0,"enemies":"Cultist","floor":3,"turns":1},{"damage":0,"enemies":"Jaw Worm","floor":4,"turns":2},{"damage":0,"enemies":"3 Louse","floor":5,"turns":1},{"damage":14,"enemies":"Lagavulin","floor":6,"turns":4},{"damage":25,"enemies":"3 Sentries","floor":8,"turns":10},{"damage":0,"enemies":"Gremlin Gang","floor":14,"turns":2},{"damage":33,"enemies":"Hexaghost","floor":16,"turns":10},{"damage":0,"enemies":"3 Byrds","floor":18,"turns":3},{"damage":7,"enemies":"Shell Parasite","floor":19,"turns":3},{"damage":21,"enemies":"Shelled Parasite and Fungi","floor":20,"turns":4},{"damage":6,"enemies":"3 Cultists","floor":21,"turns":5},{"damage":22,"enemies":"Centurion and Healer","floor":22,"turns":4},{"damage":26,"enemies":"Book of Stabbing","floor":23,"turns":5},{"damage":3,"enemies":"Snake Plant","floor":25,"turns":4},{"damage":15,"enemies":"Sentry and Sphere","floor":27,"turns":4},{"damage":27,"enemies":"Gremlin Leader","floor":29,"turns":5},{"damage":0,"enemies":"Colosseum Slavers","floor":30,"turns":2},{"damage":13,"enemies":"Colosseum Nobs","floor":30,"turns":2}],"seed_played":"-3088737431652387922","potions_obtained":[{"floor":1,"key":"Dexterity Potion"},{"floor":6,"key":"BlessingOfTheForge"},{"floor":8,"key":"Dexterity Potion"},{"floor":18,"key":"Poison Potion"},{"floor":29,"key":"Energy Potion"}],"is_trial":false,"path_per_floor":["M","?","M","M","M","E","R","E","T","$","R","?","?","M","R","B",null,"M","M","M","M","M","E","R","M","T","M","R","E","?"],"character_chosen":"THE_SILENT","items_purchased":["Cloak And Dagger","Catalyst","Ninja Scroll","Oddly Smooth Stone","Finisher","Bird Faced Urn","Accuracy","TwistedFunnel","Bane","Regen Potion","Omamori","Footwork"],"campfire_rested":2,"item_purchase_floors":[0,0,0,0,0,0,0,0,0,0,10,10],"current_hp_per_floor":[21,21,23,23,25,15,36,37,37,37,37,37,37,41,41,14,61,67,62,47,49,31,11,34,37,37,26,26,3,0,0],"gold":393,"neow_bonus":"","is_daily":false,"chose_seed":false,"campfire_upgraded":2,"win_rate":0.0,"timestamp":1613960911,"path_taken":["M","?","M","M","M","E","R","E","T","?","R","?","?","M","R","BOSS","M","M","M","M","M","E","R","?","T","M","R","E","?"],"items_purchased_type":["Card","Card","Relic","Relic","Card","Relic","Card","Relic","Card","Potion","Relic","Card"],"build_version":"2020-12-22","purchased_purges":0,"victory":false,"max_hp_per_floor":[70,70,70,70,70,70,70,77,77,77,77,77,77,77,77,77,77,77,77,77,77,77,77,77,77,77,77,77,77,77,77],"card_choices":[{"not_picked":["Prepared","Deadly Poison"],"picked":"Dodge and Roll","floor":1},{"not_picked":["PiercingWail","Backflip"],"picked":"Slice","floor":3},{"not_picked":["Leg Sweep","Slice","Quick Slash"],"picked":"SKIP","floor":4},{"not_picked":["Flying Knee","Tactician"],"picked":"Infinite Blades","floor":5},{"not_picked":["Outmaneuver","Masterful Stab","Acrobatics"],"picked":"SKIP","floor":6},{"not_picked":["Venomology","PiercingWail"],"picked":"Cloak And Dagger","floor":8},{"not_picked":["Heel Hook","Dash","Riddle With Holes"],"picked":"SKIP","floor":14},{"not_picked":["Corpse Explosion","Malaise"],"picked":"Envenom","floor":16},{"not_picked":["Prepared","Dagger Throw"],"picked":"Bane","floor":18},{"not_picked":["Finisher+1","Dodge and Roll+1"],"picked":"Endless Agony","floor":19},{"not_picked":["Setup+1","Slice"],"picked":"Cloak And Dagger","floor":20},{"not_picked":["Dagger Spray","Outmaneuver"],"picked":"Escape Plan","floor":21},{"not_picked":["Quick Slash","Noxious Fumes+1"],"picked":"Corpse Explosion","floor":22},{"not_picked":["Expertise+1","Underhanded Strike"],"picked":"Backflip","floor":23},{"not_picked":["Deadly Poison","Prepared","Dagger Spray"],"picked":"SKIP","floor":25},{"not_picked":["Tactician","Deflect+1"],"picked":"Cloak And Dagger","floor":27},{"not_picked":["Poisoned Stab","Reflex"],"picked":"Accuracy","floor":29}],"player_experience":201380,"relics_obtained":[{"floor":6,"key":"Paper Crane"},{"floor":8,"key":"Strawberry"},{"floor":23,"key":"War Paint"},{"floor":29,"key":"White Beast Statue"}],"event_choices":[{"cards_removed":["Defend_G"],"damage_healed":0,"gold_gain":0,"player_choice":"Card Removal","damage_taken":0,"max_hp_gain":0,"max_hp_loss":0,"event_name":"Wheel of Change","floor":2,"gold_loss":0},{"damage_healed":0,"gold_gain":67,"player_choice":"Gained Gold","damage_taken":0,"max_hp_gain":0,"max_hp_loss":0,"event_name":"Golden Wing","floor":12,"gold_loss":0},{"damage_healed":0,"gold_gain":0,"player_choice":"Trade","damage_taken":0,"relics_obtained":["NlothsMask"],"max_hp_gain":0,"max_hp_loss":0,"event_name":"FaceTrader","floor":13,"gold_loss":0},{"damage_healed":0,"gold_gain":0,"player_choice":"Fight","damage_taken":0,"max_hp_gain":0,"max_hp_loss":0,"event_name":"Colosseum","floor":30,"gold_loss":0},{"damage_healed":0,"gold_gain":0,"player_choice":"Fought Nobs","damage_taken":0,"max_hp_gain":0,"max_hp_loss":0,"event_name":"Colosseum","floor":30,"gold_loss":0}],"is_beta":false,"boss_relics":[{"not_picked":["Ring of the Serpent","HoveringKite"],"picked":"Cursed Key"}],"items_purged_floors":[],"is_endless":false,"potions_floor_spawned":[1,6,8,16,18,21,27,29,30],"killed_by":"Colosseum Nobs","ascension_level":9}}