{"host":"37dk0reb6x0du8wx","time":1613999324,"event":{"mods":["BaseMod","Colored Map","DeckTracker","Minty Spire (QoL Compilation)","Quick Restart","StSLib"],"gold_per_floor":[113,63,63,83,83,83,8,36,36,66,241,268,268,287,287,386,386,396,422,438,32,50,50,50,79,103,137,157,82,96,21,21,118,118,132,132,148,98,148,158,158,158],"floor_reached":41,"language":"KOR","playtime":1221,"items_purged":["Strike_R","Strike_R"],"score":459,"play_id":"88c1446f-bf9e-4660-9c30-e51fe10f7858","local_time":"20210222220844","is_ascension_mode":true,"campfire_choices":[{"data":"Cleave","floor":6.0,"key":"SMITH"},{"data":"Cleave","floor":13.0,"key":"SMITH"},{"floor":15.0,"key":"REST"},{"floor":23.0,"key":"REST"},{"data":"Spot Weakness","floor":32,"key":"SMITH"}],"circlet_count":0,"master_deck":["Strike_R+1","Defend_R","Defend_R+1","Defend_R","Defend_R","Bash","Cleave+1","Rampage","Twin Strike","Cleave+1","Impervious","Pummel","Spot Weakness+1","Whirlwind+1","Inflame","Juggernaut","Inflame"],"relics":["Burning Blood","Bronze Scales","Ancient Tea Set","Dream Catcher","Meat on the Bone","Odd Mushroom","Sozu","Red Mask","Omamori","Singing Bowl","Smiling Mask","Bag of Preparation","StoneCalendar","Philosopher\u0027s Stone","CaptainsWheel"],"acts_visited":["Exordium","TheCity","TheBeyond"],"potions_floor_usage":[25],"damage_taken":[{"damage":0.0,"enemies":"Small Slimes","floor":1.0,"turns":4.0},{"damage":1.0,"enemies":"Jaw Worm","floor":4.0,"turns":4.0},{"damage":14.0,"enemies":"3 Sentries","floor":8.0,"turns":8.0},{"damage":6.0,"enemies":"Gremlin Nob","floor":10.0,"turns":3.0},{"damage":18.0,"enemies":"The Mushroom Lair","floor":12.0,"turns":3.0},{"damage":2.0,"enemies":"2 Louse","floor":14.0,"turns":2.0},{"damage":65.0,"enemies":"The Guardian","floor":16.0,"turns":11.0},{"damage":23.0,"enemies":"2 Thieves","floor":18.0,"turns":4.0},{"damage":10.0,"enemies":"Masked Bandits","floor":19.0,"turns":3.0},{"damage":16.0,"enemies":"Spheric Guardian","floor":20.0,"turns":4.0},{"damage":18.0,"enemies":"Snake Plant","floor":22.0,"turns":4.0},{"damage":34,"enemies":"Gremlin Leader","floor":25,"turns":4},{"damage":40,"enemies":"Book of Stabbing","floor":27,"turns":6},{"damage":4,"enemies":"3 Cultists","floor":28,"turns":4},{"damage":1,"enemies":"Chosen and Byrds","floor":30,"turns":3},{"damage":61,"enemies":"Automaton","floor":33,"turns":8},{"damage":40,"enemies":"3 Shapes","floor":35,"turns":2},{"damage":9,"enemies":"Orb Walker","floor":37,"turns":3},{"damage":33,"enemies":"Mind Bloom Boss Battle","floor":39,"turns":7},{"damage":38,"enemies":"Sphere and 2 Shapes","floor":40,"turns":4},{"damage":27,"enemies":"Spire Growth","floor":41,"turns":2}],"seed_played":"5444649686977769732","potions_obtained":[{"floor":1.0,"key":"DistilledChaos"},{"floor":8.0,"key":"ColorlessPotion"},{"floor":10.0,"key":"EssenceOfSteel"}],"is_trial":false,"path_per_floor":["M","?","?","M","?","R","$","E","T","E","?","?","R","M","R","B",null,"M","?","M","$","M","R","$","E","T","E","M","?","M","$","R","B",null,"M","?","M","$","?","M","M"],"character_chosen":"IRONCLAD","items_purchased":["Omamori","Singing Bowl","Inflame"],"campfire_rested":2,"item_purchase_floors":[21,21,31],"current_hp_per_floor":[80,80,73,78,62,62,62,54,54,54,54,54,54,58,80,33,80,63,59,49,49,51,77,77,51,51,31,45,45,64,64,64,21,90,58,58,55,55,42,24,0,0],"gold":158,"neow_bonus":"REMOVE_CARD","is_daily":false,"chose_seed":false,"campfire_upgraded":3,"win_rate":0.0,"timestamp":1613999324,"path_taken":["M","?","?","M","?","R","?","E","T","E","?","?","R","M","R","BOSS","M","?","M","$","M","R","$","E","T","E","M","?","?","$","R","BOSS","M","?","M","$","?","M","M"],"items_purchased_type":["Relic","Relic","Card"],"build_version":"2020-12-22","purchased_purges":2,"victory":false,"max_hp_per_floor":[80,80,80,80,80,80,80,80,80,80,80,80,80,80,80,80,80,80,80,80,80,82,84,84,86,86,88,88,88,90,90,90,90,90,92,87,87,87,89,91,91,91],"card_choices":[{"not_picked":["Evolve","True Grit"],"picked":"Cleave","floor":1.0},{"not_picked":["Iron Wave","Rage","Second Wind"],"picked":"SKIP","floor":4.0},{"not_picked":["Shrug It Off","Clothesline"],"picked":"Rampage","floor":8.0},{"not_picked":["Warcry","Thunderclap"],"picked":"Twin Strike","floor":10.0},{"not_picked":["Twin Strike","Iron Wave"],"picked":"Cleave","floor":12.0},{"not_picked":["Pommel Strike","Second Wind","Immolate"],"picked":"SKIP","floor":14.0},{"not_picked":["Corruption","Fiend Fire"],"picked":"Impervious","floor":16.0},{"not_picked":["Clothesline","Entrench","Sever Soul+1"],"picked":"SKIP","floor":18.0},{"not_picked":["Clothesline","Shockwave"],"picked":"Pummel","floor":19.0},{"not_picked":["Intimidate","Flex"],"picked":"Spot Weakness","floor":20.0},{"not_picked":["Thunderclap","Iron Wave","Shrug It Off"],"picked":"Singing Bowl","floor":22.0},{"not_picked":["Clothesline","Wild Strike","True Grit"],"picked":"Singing Bowl","floor":23.0},{"not_picked":["True Grit","Clash","Wild Strike+1"],"picked":"Singing Bowl","floor":25},{"not_picked":["Sword Boomerang","Armaments+1","Searing Blow"],"picked":"Singing Bowl","floor":27},{"not_picked":["Second Wind","Uppercut+1"],"picked":"Whirlwind+1","floor":28},{"not_picked":["Exhume","Whirlwind","Shrug It Off+1"],"picked":"Singing Bowl","floor":30},{"not_picked":["Bludgeon","Feed"],"picked":"Juggernaut","floor":33},{"not_picked":["Armaments+1","Searing Blow","Heavy Blade+1"],"picked":"Singing Bowl","floor":35},{"not_picked":["Cleave","Shrug It Off+1"],"picked":"Inflame","floor":37},{"not_picked":["Pommel Strike","Body Slam+1","Dual Wield+1"],"picked":"Singing Bowl","floor":39},{"not_picked":["Anger+1","Wild Strike","Armaments+1"],"picked":"Singing Bowl","floor":40}],"player_experience":238852,"relics_obtained":[{"floor":8.0,"key":"Ancient Tea Set"},{"floor":9.0,"key":"Dream Catcher"},{"floor":10.0,"key":"Meat on the Bone"},{"floor":12.0,"key":"Odd Mushroom"},{"floor":19.0,"key":"Red Mask"},{"floor":25,"key":"Smiling Mask"},{"floor":26,"key":"Bag of Preparation"},{"floor":27,"key":"StoneCalendar"},{"floor":39,"key":"CaptainsWheel"}],"event_choices":[{"cards_removed":["Strike_R"],"damage_healed":0.0,"max_hp_gain":0.0,"max_hp_loss":0.0,"gold_gain":0.0,"event_name":"The Cleric","player_choice":"Card Removal","floor":2.0,"gold_loss":50.0,"damage_taken":0.0},{"damage_healed":0.0,"max_hp_gain":0.0,"max_hp_loss":0.0,"gold_gain":0.0,"event_name":"Scrap Ooze","player_choice":"Success","floor":3.0,"gold_loss":0.0,"damage_taken":7.0,"relics_obtained":["Bronze Scales"]},{"damage_healed":0.0,"max_hp_gain":0.0,"max_hp_loss":0.0,"gold_gain":0.0,"event_name":"Shining Light","player_choice":"Entered Light","floor":5.0,"gold_loss":0.0,"damage_taken":16.0,"cards_upgraded":["Strike_R","Defend_R"]},{"damage_healed":0.0,"max_hp_gain":0.0,"max_hp_loss":0.0,"gold_gain":175.0,"event_name":"Liars Game","player_choice":"AGREE","floor":11.0,"gold_loss":0.0,"damage_taken":0.0,"cards_obtained":["Doubt"]},{"damage_healed":0.0,"max_hp_gain":0.0,"max_hp_loss":0.0,"gold_gain":0.0,"event_name":"Mushrooms","player_choice":"Fought Mushrooms","floor":12.0,"gold_loss":0.0,"damage_taken":0.0},{"damage_healed":0.0,"max_hp_gain":0.0,"max_hp_loss":0.0,"gold_gain":0.0,"event_name":"Masked Bandits","player_choice":"Fought Bandits","floor":19.0,"gold_loss":0.0,"damage_taken":0.0},{"cards_removed":["Doubt"],"damage_healed":0,"gold_gain":0,"player_choice":"Gave Gold","damage_taken":0,"max_hp_gain":0,"max_hp_loss":0,"event_name":"Beggar","floor":29,"gold_loss":75},{"damage_healed":0,"gold_gain":0,"player_choice":"Max HP","damage_taken":0,"max_hp_gain":0,"max_hp_loss":5,"event_name":"Winding Halls","floor":36,"gold_loss":0},{"damage_healed":0,"gold_gain":0,"player_choice":"Fight","damage_taken":0,"max_hp_gain":0,"max_hp_loss":0,"event_name":"MindBloom","floor":39,"gold_loss":0}],"is_beta":false,"boss_relics":[{"not_picked":["Ectoplasm","Astrolabe"],"picked":"Sozu"},{"not_picked":["Black Star","Runic Dome"],"picked":"Philosopher\u0027s Stone"}],"items_purged_floors":[7,38],"is_endless":false,"potions_floor_spawned":[1,8,10,18,25,28,30,37],"killed_by":"Spire Growth","ascension_level":1}}