{"host":"8a72fthmlk1o8pdb","time":1613954605,"event":{"mods":["AchievementEnabler","Aspiration","Astrologer","Bard","BaseMod","Beaked The Cultist","Better Altar","Better Match","Better Note","Better Sensory Stone","Better Skull","Better Third Choice","ChefMod","Colored Map","Colored Powertips","Dark Map","Downfall","Friendly Minions","GifTheSpireLib","Googly Eyes","Gremlin Mod","Hermit","Hubris","JesterMod","Jorbs\u0027s Wanderer Trilogy","Marisa????????","Melee Mod","Minty Spire (QoL Compilation)","Monster B Gone","Permanent Neow","Pikachu Mod","Random Character Button","Rare Cards Sparkle","Relic Filter Mod","Relic Stats","Reliquary","Robot Space Explorer","Shade Mod","Shop Mod","Smile Girya","Somnambulant","Spire Arcade","Spire Birthday Party","StSLib","The Animator","The Blue Laboratory","The Construct","The Cursed","The Disciple","The Edgeheg","The Hayseed","The Hierophant","The Juggle","The Jungle","The Marked","The Mystic","The Necromancer","The Poker Player","The Problem Sleuth","The Runesmith","The Showman","TheBandit","TheFirefly","TheVacant","everything is the same but u backflip on backflip","thorton"],"gold_per_floor":[118,128,144,144,165,165,185,225,249,25,88,88,112,125,125,256,256,275,301,327,78,78,78,83,83],"floor_reached":24,"language":"ENG","playtime":1066,"items_purged":["hermit:Strike_Hermit","hermit:Strike_Hermit"],"score":230,"play_id":"694458e4-1595-4cdd-9fae-eadecfeaf62a","local_time":"20210221164325","is_ascension_mode":true,"campfire_choices":[{"data":"hermit:Covet","floor":6.0,"key":"SMITH"},{"floor":15.0,"key":"REST"},{"data":"hermit:Roughhouse","floor":23.0,"key":"SMITH"}],"circlet_count":0,"master_deck":["hermit:Strike_Hermit","hermit:Strike_Hermit","hermit:Defend_Hermit","hermit:Defend_Hermit","hermit:Defend_Hermit","hermit:Defend_Hermit","hermit:Snapshot","hermit:Covet+1","hermit:SprayPray","hermit:Quickdraw","hermit:Gestalt","Injury","hermit:FlashPowder","hermit:GoldenBullet","hermit:WideOpen","hermit:Scavenge","hermit:Roughhouse+1","hermit:CursedWeapon","hermit:FlashPowder","hermit:Misfire"],"relics":["hubris:VirtuousBlindfold","Golden Idol","reliquary:OuijaBoard","reliquary:RedPaperclip","Strange Spoon","GremlinMask"],"acts_visited":["Exordium","TheCity"],"potions_floor_usage":[24],"damage_taken":[{"damage":0.0,"enemies":"Small Slimes","floor":1.0,"turns":3.0},{"damage":2.0,"enemies":"Jaw Worm","floor":2.0,"turns":3.0},{"damage":3.0,"enemies":"2 Louse","floor":3.0,"turns":2.0},{"damage":1.0,"enemies":"Gremlin Gang","floor":5.0,"turns":4.0},{"damage":8.0,"enemies":"3 Louse","floor":7.0,"turns":3.0},{"damage":31.0,"enemies":"Lagavulin","floor":8.0,"turns":9.0},{"damage":0.0,"enemies":"Exordium Thugs","floor":13.0,"turns":2.0},{"damage":8.0,"enemies":"Large Slime","floor":14.0,"turns":4.0},{"damage":4.0,"enemies":"Slime Boss","floor":16.0,"turns":12.0},{"damage":8.0,"enemies":"Spheric Guardian","floor":18.0,"turns":5.0},{"damage":13.0,"enemies":"2 Thieves","floor":19.0,"turns":5.0},{"damage":22.0,"enemies":"Centurion and Healer","floor":20.0,"turns":6.0},{"damage":32,"enemies":"Slavers","floor":24,"turns":3}],"seed_played":"6588514937673663502","potions_obtained":[{"floor":2.0,"key":"blueLaboratory:TrueEctoplasm"},{"floor":3.0,"key":"BlessingOfTheForge"},{"floor":11.0,"key":"AttackPotion"},{"floor":14.0,"key":"Weak Potion"},{"floor":16.0,"key":"blueLaboratory:BubblePotion"},{"floor":19.0,"key":"Fire Potion"}],"is_trial":false,"path_per_floor":["M","M","M","?","M","R","M","E","T","$","?","?","M","M","R","B",null,"M","M","M","$","?","R","E"],"character_chosen":"HERMIT","items_purchased":["hermit:FlashPowder","hermit:GoldenBullet","Strange Spoon"],"campfire_rested":1,"item_purchase_floors":[10,10,21],"current_hp_per_floor":[75,73,70,70,69,69,61,30,30,30,30,30,30,22,44,40,75,67,54,32,32,32,32,0,0],"gold":83,"neow_bonus":"BOSS_RELIC","is_daily":false,"chose_seed":false,"campfire_upgraded":2,"win_rate":0.0,"timestamp":1613954605,"path_taken":["M","M","M","?","M","R","M","E","T","$","?","?","M","M","R","BOSS","M","?","M","$","?","R","E"],"items_purchased_type":["Card","Card","Relic"],"build_version":"2020-12-22","purchased_purges":2,"victory":false,"max_hp_per_floor":[75,75,75,75,75,75,75,75,75,75,75,75,75,75,75,75,75,75,75,75,75,75,75,75,75],"relic_stats":{"Strange Spoon":[0],"counters":[13,61],"Golden Idol":73,"obtain_stats":[{"reliquary:OuijaBoard":8,"Strange Spoon":21,"Dream Catcher":9,"reliquary:RedPaperclip":17,"Golden Idol":4,"hubris:VirtuousBlindfold":0,"hubris:DeckOfHolding":12,"GremlinMask":22,"hermit:Momento":0},{"reliquary:OuijaBoard":6,"Strange Spoon":12,"Dream Catcher":6,"reliquary:RedPaperclip":9,"Golden Idol":3,"hubris:VirtuousBlindfold":0,"hubris:DeckOfHolding":6,"GremlinMask":12,"hermit:Momento":0},{"reliquary:OuijaBoard":24,"Strange Spoon":58,"Dream Catcher":24,"reliquary:RedPaperclip":42,"Golden Idol":8,"hubris:VirtuousBlindfold":0,"hubris:DeckOfHolding":24,"GremlinMask":58,"hermit:Momento":0}]},"card_choices":[{"not_picked":["hermit:Dive","hermit:PistolWhip"],"picked":"hermit:SprayPray","floor":1.0},{"not_picked":["hermit:Dive","hermit:Feint"],"picked":"hermit:Quickdraw","floor":2.0},{"not_picked":["hermit:Combo","hermit:BigShot"],"picked":"hermit:Gestalt","floor":3.0},{"not_picked":["hermit:DeadMansHand","hermit:Vantage","hermit:PistolWhip"],"picked":"SKIP","floor":5.0},{"not_picked":["hermit:DeadMansHand","hermit:Vantage","hermit:PistolWhip"],"picked":"SKIP","floor":5.0},{"not_picked":["hermit:ItchyTrigger","hermit:LoneWolf","hermit:Snipe"],"picked":"SKIP","floor":7.0},{"not_picked":["hermit:ItchyTrigger","hermit:LoneWolf","hermit:Snipe"],"picked":"SKIP","floor":7.0},{"not_picked":["hermit:Adapt","hermit:TrackingShot","hermit:NoHoldsBarred"],"picked":"SKIP","floor":8.0},{"not_picked":["hermit:Dive","hermit:HoleUp"],"picked":"hermit:WideOpen","floor":13.0},{"not_picked":["hermit:Manifest","hermit:ItchyTrigger"],"picked":"hermit:Scavenge","floor":14.0},{"not_picked":["hermit:Dissolve","hermit:RoundhouseKick"],"picked":"hermit:Roughhouse","floor":16.0},{"not_picked":["hermit:Ricochet","hermit:CalledShot"],"picked":"hermit:CursedWeapon","floor":18.0},{"not_picked":["hermit:HighCaliber+1","hermit:Dive"],"picked":"hermit:FlashPowder","floor":19.0},{"not_picked":["hermit:Manifest+1","hermit:Midnight"],"picked":"hermit:Misfire","floor":20.0}],"player_experience":246243,"relics_obtained":[{"floor":8.0,"key":"reliquary:OuijaBoard"},{"floor":9.0,"key":"Dream Catcher"}],"event_choices":[{"damage_healed":0.0,"max_hp_gain":0.0,"max_hp_loss":0.0,"gold_gain":0.0,"event_name":"Golden Idol","player_choice":"Take Wound","floor":4.0,"gold_loss":0.0,"damage_taken":0.0,"relics_obtained":["Golden Idol"],"cards_obtained":["Injury"]},{"damage_healed":0.0,"max_hp_gain":0.0,"max_hp_loss":0.0,"gold_gain":0.0,"event_name":"WeMeetAgain","player_choice":"Gave Potion","floor":12.0,"gold_loss":0.0,"damage_taken":0.0,"relics_obtained":["hubris:DeckOfHolding"]},{"damage_healed":0.0,"max_hp_gain":0.0,"max_hp_loss":0.0,"gold_gain":0.0,"event_name":"FaceTrader","player_choice":"Trade","floor":22.0,"gold_loss":0.0,"damage_taken":0.0,"relics_obtained":["GremlinMask"]}],"is_beta":false,"boss_relics":[{"not_picked":["aspiration:FutureDiary","hubris:GrandSneckoEye"],"picked":"reliquary:RedPaperclip"}],"items_purged_floors":[10,21],"is_endless":false,"potions_floor_spawned":[2,3,14,16,19],"killed_by":"Slavers","ascension_level":3}}