{"host":"xz7n3qy1zq36rzpg","time":1613986615,"event":{"mods":["BaseMod","Colored Map","Colored Powertips","Highlight Path","Minty Spire (QoL Compilation)","Quick Restart","Shop Mod"],"gold_per_floor":[119,137,137,137,154,154,179,179,179,211,211,249,262,293,293,416,416,437,457,250,165,70,70,70,111,182,225,225,266,290,40,40,160,160,175,175,198,198,198],"floor_reached":38,"language":"ENG","playtime":1730,"items_purged":["Strike_R","Injury"],"score":582,"play_id":"22e46ab0-8f7a-4bcd-8527-f0b87b1ec360","local_time":"20210222103655","is_ascension_mode":true,"campfire_choices":[{"floor":6.0,"key":"REST"},{"floor":8.0,"key":"REST"},{"floor":15,"key":"REST"},{"floor":23,"key":"REST"},{"floor":28,"key":"REST"},{"floor":32,"key":"REST"}],"circlet_count":0,"master_deck":["Strike_R","Strike_R","Strike_R","Defend_R+1","Defend_R+1","Defend_R","Bash","Pommel Strike","Iron Wave","Demon Form","Anger","Heavy Blade","Cleave","Infernal Blade","Flex","Armaments","Impervious","Iron Wave","Body Slam","Shockwave","Bandage Up","Hemokinesis+1","Sword Boomerang+1","Bloodletting+1","Anger+1","Shrug It Off","Immolate","Rupture"],"relics":["Fusion Hammer","Torii","InkBottle","MealTicket","Golden Idol","War Paint","Odd Mushroom","Runic Cube","Eternal Feather","Smiling Mask","Mercury Hourglass","Meat on the Bone","Pear","Potion Belt","Mark of Pain"],"acts_visited":["Exordium","TheCity","TheBeyond"],"potions_floor_usage":[12,13,16,25,27,33],"damage_taken":[{"damage":0.0,"enemies":"Jaw Worm","floor":1.0,"turns":3.0},{"damage":0.0,"enemies":"Small Slimes","floor":2.0,"turns":2.0},{"damage":1.0,"enemies":"2 Louse","floor":5.0,"turns":3.0},{"damage":22.0,"enemies":"Gremlin Nob","floor":7.0,"turns":4.0},{"damage":12.0,"enemies":"3 Sentries","floor":10.0,"turns":6.0},{"damage":32,"enemies":"Gremlin Nob","floor":12,"turns":4},{"damage":7,"enemies":"Exordium Thugs","floor":13,"turns":3},{"damage":8,"enemies":"The Mushroom Lair","floor":14,"turns":3},{"damage":46,"enemies":"The Guardian","floor":16,"turns":7},{"damage":27,"enemies":"Shell Parasite","floor":18,"turns":6},{"damage":17,"enemies":"Spheric Guardian","floor":19,"turns":4},{"damage":5,"enemies":"Book of Stabbing","floor":25,"turns":5},{"damage":39,"enemies":"Gremlin Leader","floor":27,"turns":7},{"damage":55,"enemies":"Book of Stabbing","floor":29,"turns":6},{"damage":24,"enemies":"Snecko","floor":30,"turns":5},{"damage":83,"enemies":"Automaton","floor":33,"turns":7},{"damage":0,"enemies":"3 Shapes","floor":35,"turns":2},{"damage":23,"enemies":"3 Darklings","floor":37,"turns":3},{"damage":69,"enemies":"Transient","floor":38,"turns":5}],"seed_played":"-1180952085936873717","potions_obtained":[{"floor":2.0,"key":"FearPotion"},{"floor":5.0,"key":"Regen Potion"},{"floor":10.0,"key":"Swift Potion"},{"floor":14,"key":"HeartOfIron"},{"floor":25,"key":"Regen Potion"},{"floor":27,"key":"ElixirPotion"},{"floor":30,"key":"AttackPotion"}],"is_trial":false,"path_per_floor":["M","M","?","?","M","R","E","R","T","E","?","E","M","?","R","B",null,"M","M","$","?","$","R","?","E","T","E","R","E","M","$","R","B",null,"M","?","M","M"],"character_chosen":"IRONCLAD","items_purchased":["AttackPotion","Shockwave","Bandage Up","Shrug It Off","Potion Belt"],"campfire_rested":6,"item_purchase_floors":[20,20,22,31,31],"current_hp_per_floor":[72,72,72,72,71,80,58,80,80,68,68,36,38,30,54,8,62,35,18,33,33,48,80,74,73,73,50,80,51,43,58,90,23,73,73,73,50,0,0],"gold":198,"neow_bonus":"BOSS_RELIC","is_daily":false,"chose_seed":false,"campfire_upgraded":0,"win_rate":0.0,"timestamp":1613986615,"path_taken":["M","M","?","?","M","R","E","R","T","E","?","E","M","?","R","BOSS","M","M","$","?","$","R","?","E","T","E","R","E","M","$","R","BOSS","M","?","?","M"],"items_purchased_type":["Potion","Card","Card","Card","Relic"],"build_version":"2020-12-22","purchased_purges":2,"victory":false,"max_hp_per_floor":[80,80,80,80,80,80,80,80,80,80,80,80,80,80,80,80,80,80,80,80,80,80,80,80,80,80,80,80,90,90,90,90,90,90,90,90,90,90,90],"card_choices":[{"not_picked":["Burning Pact","Ghostly Armor"],"picked":"Pommel Strike","floor":1.0},{"not_picked":["Feel No Pain","Rage"],"picked":"Iron Wave","floor":2.0},{"not_picked":["Battle Trance","Disarm"],"picked":"Anger","floor":5.0},{"not_picked":["Entrench","Reaper"],"picked":"Heavy Blade","floor":7.0},{"not_picked":["Thunderclap","Clothesline"],"picked":"Cleave","floor":10.0},{"not_picked":["Pommel Strike","Burning Pact"],"picked":"Infernal Blade","floor":12},{"not_picked":["Havoc","Disarm"],"picked":"Flex","floor":13},{"not_picked":["Reckless Charge","True Grit"],"picked":"Armaments","floor":14},{"not_picked":["Offering","Double Tap"],"picked":"Impervious","floor":16},{"not_picked":["Bloodletting","Sword Boomerang"],"picked":"Iron Wave","floor":18},{"not_picked":["Burning Pact","Infernal Blade"],"picked":"Body Slam","floor":19},{"not_picked":["Twin Strike","Havoc"],"picked":"Hemokinesis+1","floor":25},{"not_picked":["True Grit+1","Whirlwind"],"picked":"Sword Boomerang+1","floor":27},{"not_picked":["Reckless Charge","Rupture"],"picked":"Bloodletting+1","floor":29},{"not_picked":["Shrug It Off","Twin Strike"],"picked":"Anger+1","floor":30},{"not_picked":["Berserk","Exhume"],"picked":"Immolate","floor":33},{"not_picked":["Anger","Evolve","Pommel Strike+1"],"picked":"SKIP","floor":35},{"not_picked":["Combust","Anger","Thunderclap"],"picked":"SKIP","floor":37}],"player_experience":568456,"relics_obtained":[{"floor":7.0,"key":"Torii"},{"floor":9.0,"key":"InkBottle"},{"floor":10.0,"key":"MealTicket"},{"floor":12,"key":"War Paint"},{"floor":14,"key":"Odd Mushroom"},{"floor":25,"key":"Smiling Mask"},{"floor":26,"key":"Mercury Hourglass"},{"floor":27,"key":"Meat on the Bone"},{"floor":29,"key":"Pear"}],"event_choices":[{"damage_healed":0.0,"max_hp_gain":0.0,"max_hp_loss":0.0,"gold_gain":0.0,"cards_transformed":["Strike_R"],"event_name":"Living Wall","player_choice":"Change","floor":3.0,"gold_loss":0.0,"damage_taken":0.0,"cards_obtained":["Demon Form"]},{"damage_healed":0.0,"max_hp_gain":0.0,"max_hp_loss":0.0,"gold_gain":0.0,"event_name":"Golden Wing","player_choice":"Ignored","floor":4.0,"gold_loss":0.0,"damage_taken":0.0},{"damage_healed":0.0,"max_hp_gain":0.0,"max_hp_loss":0.0,"gold_gain":0.0,"event_name":"Golden Idol","player_choice":"Take Wound","floor":11.0,"gold_loss":0.0,"damage_taken":0.0,"relics_obtained":["Golden Idol"],"cards_obtained":["Injury"]},{"damage_healed":0,"gold_gain":0,"player_choice":"Fought Mushrooms","damage_taken":0,"max_hp_gain":0,"max_hp_loss":0,"event_name":"Mushrooms","floor":14,"gold_loss":0},{"damage_healed":0,"gold_gain":0,"player_choice":"Obtained Relic","damage_taken":0,"relics_obtained":["Eternal Feather"],"max_hp_gain":0,"max_hp_loss":0,"event_name":"Addict","floor":21,"gold_loss":85},{"damage_healed":0,"gold_gain":0,"player_choice":"","damage_taken":6,"max_hp_gain":0,"max_hp_loss":0,"event_name":"Knowing Skull","floor":24,"potions_obtained":[],"gold_loss":0,"cards_obtained":[]},{"damage_healed":0,"gold_gain":0,"cards_transformed":["Defend_R"],"player_choice":"Transformed","damage_taken":0,"max_hp_gain":0,"max_hp_loss":0,"event_name":"Transmorgrifier","floor":36,"gold_loss":0,"cards_obtained":["Rupture"]}],"is_beta":false,"boss_relics":[{"not_picked":["Empty Cage","Pandora\u0027s Box"],"picked":"Runic Cube"},{"not_picked":["Runic Pyramid","SacredBark"],"picked":"Mark of Pain"}],"items_purged_floors":[20,31],"is_endless":false,"potions_floor_spawned":[2,5,10,14,25,27,30],"killed_by":"Transient","ascension_level":6}}