{"host":"gzz35fplm60aw28t","time":1613953233,"event":{"mods":["AchievementEnabler","BaseMod","Colored Powertips","DeckTracker","Minty Spire (QoL Compilation)"],"gold_per_floor":[115,190,190,203,203,246,269,292,292,330,348,371,371,391,391,520,520,543,577,592,616,632,632,671,671,697,715,715,756,756,799,799,919,919,933,239,239,239,239,274,274,315,384,404,404,438,438,461,461,461],"floor_reached":51,"language":"ENG","playtime":3465,"items_purged":["Defend_G"],"score":955,"play_id":"7593109c-d22d-493b-ad22-6d4cb65a618c","local_time":"20210222012033","is_ascension_mode":false,"campfire_choices":[{"data":"Neutralize","floor":13.0,"key":"SMITH"},{"data":"Leg Sweep","floor":15.0,"key":"SMITH"},{"data":"Acrobatics","floor":23.0,"key":"SMITH"},{"data":"Dodge and Roll","floor":25.0,"key":"SMITH"},{"data":"Adrenaline","floor":32.0,"key":"SMITH"},{"data":"Chrysalis","floor":41.0,"key":"SMITH"},{"data":"Reflex","floor":47.0,"key":"SMITH"},{"data":"Dodge and Roll","floor":49.0,"key":"SMITH"}],"circlet_count":0,"master_deck":["Defend_G","Defend_G","Defend_G","Survivor","Neutralize+1","Leg Sweep+1","PiercingWail","Deadly Poison","Masterful Stab","Backstab","Bouncing Flask","Adrenaline+1","CurseOfTheBell","Dagger Throw+1","Noxious Fumes+1","Wraith Form v2+1","Footwork+1","Dagger Spray+1","Dodge and Roll+1","Dagger Throw+1","Acrobatics+1","Underhanded Strike+1","Acrobatics+1","Bite+1","Bite+1","Bite+1","Bite+1","Tools of the Trade+1","Terror+1","Glass Knife+1","Masterful Stab+1","Quick Slash+1","Chrysalis+1","Impatience","Noxious Fumes+1","Dodge and Roll+1","Reflex+1","Doubt","Endless Agony+1","Predator+1"],"relics":["Ring of the Snake","NeowsBlessing","Golden Idol","Ornamental Fan","Frozen Egg 2","Pear","Calling Bell","Lantern","Molten Egg 2","Prayer Wheel","Red Mask","Gambling Chip","Juzu Bracelet","Tingsha","Strawberry","Cursed Key","Oddly Smooth Stone","TheAbacus","Boot","TungstenRod","Bottled Tornado","Calipers"],"acts_visited":["Exordium","TheCity","TheBeyond"],"potions_floor_usage":[50,50],"damage_taken":[{"damage":0.0,"enemies":"Small Slimes","floor":1.0,"turns":1.0},{"damage":0.0,"enemies":"Cultist","floor":4.0,"turns":1.0},{"damage":0.0,"enemies":"Lagavulin","floor":6.0,"turns":2.0},{"damage":0.0,"enemies":"Jaw Worm","floor":7.0,"turns":4.0},{"damage":0.0,"enemies":"2 Fungi Beasts","floor":8.0,"turns":5.0},{"damage":45.0,"enemies":"Gremlin Nob","floor":10.0,"turns":6.0},{"damage":0.0,"enemies":"Blue Slaver","floor":11.0,"turns":5.0},{"damage":0.0,"enemies":"Looter","floor":12.0,"turns":3.0},{"damage":0.0,"enemies":"3 Louse","floor":14.0,"turns":3.0},{"damage":0.0,"enemies":"Slime Boss","floor":16.0,"turns":6.0},{"damage":20.0,"enemies":"2 Thieves","floor":18.0,"turns":5.0},{"damage":8.0,"enemies":"Masked Bandits","floor":19.0,"turns":4.0},{"damage":2.0,"enemies":"Shell Parasite","floor":20.0,"turns":5.0},{"damage":18.0,"enemies":"Snake Plant","floor":21.0,"turns":4.0},{"damage":1.0,"enemies":"Centurion and Healer","floor":22.0,"turns":8.0},{"damage":7.0,"enemies":"Gremlin Leader","floor":24.0,"turns":6.0},{"damage":14.0,"enemies":"Sentry and Sphere","floor":27.0,"turns":5.0},{"damage":17.0,"enemies":"Book of Stabbing","floor":29.0,"turns":7.0},{"damage":15.0,"enemies":"Slavers","floor":31.0,"turns":6.0},{"damage":36.0,"enemies":"Collector","floor":33.0,"turns":8.0},{"damage":0.0,"enemies":"3 Shapes","floor":35.0,"turns":4.0},{"damage":20.0,"enemies":"Reptomancer","floor":40.0,"turns":5.0},{"damage":8.0,"enemies":"Nemesis","floor":42.0,"turns":7.0},{"damage":6.0,"enemies":"3 Darklings","floor":44.0,"turns":3.0},{"damage":0.0,"enemies":"Giant Head","floor":46.0,"turns":6.0},{"damage":0.0,"enemies":"4 Shapes","floor":48.0,"turns":4.0},{"damage":43,"enemies":"Time Eater","floor":50,"turns":12}],"seed_played":"-762623117054335236","potions_obtained":[{"floor":1.0,"key":"Strength Potion"},{"floor":11.0,"key":"Strength Potion"},{"floor":16.0,"key":"Strength Potion"},{"floor":18.0,"key":"Strength Potion"},{"floor":22.0,"key":"Regen Potion"},{"floor":27.0,"key":"LiquidMemories"},{"floor":29.0,"key":"CunningPotion"},{"floor":33.0,"key":"BlessingOfTheForge"},{"floor":35.0,"key":"Explosive Potion"}],"is_trial":false,"path_per_floor":["M","?","?","M","?","E","M","M","T","E","M","M","R","M","R","B",null,"M","?","M","M","M","R","E","R","T","M","?","E","?","E","R","B",null,"M","$","?","?","?","E","R","E","T","M","?","E","R","M","R","B",null],"character_chosen":"THE_SILENT","items_purchased":["Oddly Smooth Stone","Chrysalis","Impatience","PowerPotion","TheAbacus"],"campfire_rested":0,"item_purchase_floors":[36,36,36,36,36],"current_hp_per_floor":[70,59,59,59,59,59,59,59,59,24,24,24,24,24,24,24,75,55,47,45,27,26,26,19,19,19,5,5,6,6,33,33,15,59,59,59,59,59,59,45,45,46,46,43,43,55,55,59,59,34],"gold":461,"neow_bonus":"THREE_ENEMY_KILL","is_daily":false,"chose_seed":false,"campfire_upgraded":8,"win_rate":0.0,"timestamp":1613953233,"path_taken":["M","?","?","?","?","E","M","M","T","E","M","M","R","M","R","BOSS","M","?","M","M","M","R","E","R","T","M","?","E","?","E","R","BOSS","M","$","?","?","?","E","R","E","T","M","?","E","R","M","R","BOSS"],"items_purchased_type":["Relic","Card","Card","Potion","Relic"],"build_version":"2020-12-22","purchased_purges":1,"victory":true,"max_hp_per_floor":[70,70,70,70,65,65,65,65,65,75,75,75,75,75,75,75,75,75,75,75,75,75,75,75,75,75,75,52,52,52,59,59,59,59,59,59,59,59,59,59,59,59,59,59,59,59,59,59,59,59],"card_choices":[{"not_picked":["Riddle With Holes","Prepared"],"picked":"Leg Sweep","floor":1.0},{"not_picked":["Choke","Flying Knee"],"picked":"Dagger Spray","floor":4.0},{"not_picked":["Flechettes","Calculated Gamble"],"picked":"PiercingWail","floor":6.0},{"not_picked":["Choke","Outmaneuver","Poisoned Stab"],"picked":"SKIP","floor":7.0},{"not_picked":["Escape Plan","Blur"],"picked":"Deadly Poison","floor":8.0},{"not_picked":["Choke","Poisoned Stab","Finisher"],"picked":"SKIP","floor":10.0},{"not_picked":["Acrobatics","Dagger Throw"],"picked":"Masterful Stab","floor":11.0},{"not_picked":["Poisoned Stab","Deflect"],"picked":"Backstab","floor":12.0},{"not_picked":["Dagger Spray","Terror"],"picked":"Bouncing Flask","floor":14.0},{"not_picked":["Malaise","Glass Knife"],"picked":"Adrenaline","floor":16.0},{"not_picked":["Deflect","Outmaneuver"],"picked":"Dagger Throw+1","floor":18.0},{"not_picked":["Deflect","Infinite Blades+1"],"picked":"Noxious Fumes+1","floor":18.0},{"not_picked":["Deadly Poison","Acrobatics"],"picked":"Wraith Form v2+1","floor":19.0},{"not_picked":["Outmaneuver+1","Dagger Throw+1"],"picked":"Footwork+1","floor":20.0},{"not_picked":["Blade Dance+1","Predator+1"],"picked":"Dagger Spray+1","floor":20.0},{"not_picked":["Sucker Punch+1","Blade Dance"],"picked":"Dodge and Roll","floor":21.0},{"not_picked":["Poisoned Stab+1","Leg Sweep"],"picked":"Dagger Throw+1","floor":21.0},{"not_picked":["Malaise","Escape Plan+1"],"picked":"Acrobatics","floor":22.0},{"not_picked":["Deadly Poison","Slice+1","Dagger Throw+1"],"picked":"SKIP","floor":22.0},{"not_picked":["Poisoned Stab+1","Outmaneuver+1"],"picked":"Underhanded Strike+1","floor":24.0},{"not_picked":["Endless Agony+1","Noxious Fumes+1"],"picked":"Acrobatics+1","floor":27.0},{"not_picked":["All Out Attack+1","Prepared","Crippling Poison"],"picked":"SKIP","floor":27.0},{"not_picked":["Backflip","Quick Slash+1"],"picked":"Tools of the Trade+1","floor":29.0},{"not_picked":["Backstab+1","Leg Sweep"],"picked":"Terror+1","floor":31.0},{"not_picked":["Tools of the Trade+1","Adrenaline"],"picked":"Glass Knife+1","floor":33.0},{"not_picked":["Eviscerate+1","Sucker Punch+1"],"picked":"Masterful Stab+1","floor":35.0},{"not_picked":["Sucker Punch+1","Escape Plan+1"],"picked":"Quick Slash+1","floor":35.0},{"not_picked":["Blur","Terror"],"picked":"Dodge and Roll","floor":40.0},{"not_picked":["PiercingWail","Underhanded Strike+1"],"picked":"Reflex","floor":42.0},{"not_picked":["Terror","Outmaneuver+1","PiercingWail"],"picked":"SKIP","floor":44.0},{"not_picked":["Envenom+1","Dagger Throw+1","Dodge and Roll"],"picked":"SKIP","floor":44.0},{"not_picked":["Sucker Punch+1","Dagger Spray+1","Crippling Poison+1"],"picked":"SKIP","floor":46.0},{"not_picked":["Quick Slash+1","Underhanded Strike+1"],"picked":"Endless Agony+1","floor":48.0},{"not_picked":["Flying Knee+1","Slice+1"],"picked":"Predator+1","floor":48.0}],"player_experience":11495,"relics_obtained":[{"floor":6.0,"key":"Ornamental Fan"},{"floor":9.0,"key":"Frozen Egg 2"},{"floor":10.0,"key":"Pear"},{"floor":17.0,"key":"Lantern"},{"floor":17.0,"key":"Molten Egg 2"},{"floor":17.0,"key":"Prayer Wheel"},{"floor":19.0,"key":"Red Mask"},{"floor":24.0,"key":"Gambling Chip"},{"floor":26.0,"key":"Juzu Bracelet"},{"floor":29.0,"key":"Tingsha"},{"floor":31.0,"key":"Strawberry"},{"floor":40.0,"key":"Boot"},{"floor":42.0,"key":"TungstenRod"},{"floor":43.0,"key":"Bottled Tornado"},{"floor":46.0,"key":"Calipers"}],"event_choices":[{"damage_healed":0.0,"max_hp_gain":0.0,"max_hp_loss":0.0,"gold_gain":75.0,"event_name":"World of Goop","player_choice":"Gather Gold","floor":2.0,"gold_loss":0.0,"damage_taken":11.0},{"cards_removed":["Defend_G"],"damage_healed":0.0,"max_hp_gain":0.0,"max_hp_loss":0.0,"gold_gain":0.0,"event_name":"Purifier","player_choice":"Purged","floor":3.0,"gold_loss":0.0,"damage_taken":0.0},{"damage_healed":0.0,"max_hp_gain":0.0,"max_hp_loss":5.0,"gold_gain":0.0,"event_name":"Golden Idol","player_choice":"Lose Max HP","floor":5.0,"gold_loss":0.0,"damage_taken":0.0,"relics_obtained":["Golden Idol"]},{"damage_healed":0.0,"max_hp_gain":0.0,"max_hp_loss":0.0,"gold_gain":0.0,"event_name":"Masked Bandits","player_choice":"Fought Bandits","floor":19.0,"gold_loss":0.0,"damage_taken":0.0},{"damage_healed":0.0,"max_hp_gain":0.0,"max_hp_loss":23.0,"gold_gain":0.0,"event_name":"Vampires","player_choice":"Became a vampire","floor":28.0,"gold_loss":0.0,"damage_taken":0.0,"cards_obtained":["Bite","Bite","Bite","Bite","Bite"]},{"damage_healed":0.0,"max_hp_gain":0.0,"max_hp_loss":0.0,"gold_gain":0.0,"event_name":"Cursed Tome","player_choice":"Ignored","floor":30.0,"gold_loss":0.0,"damage_taken":0.0},{"damage_healed":0.0,"max_hp_gain":0.0,"max_hp_loss":0.0,"gold_gain":0.0,"event_name":"Wheel of Change","player_choice":"Full Heal","floor":37.0,"gold_loss":0.0,"damage_taken":0.0},{"damage_healed":0.0,"max_hp_gain":0.0,"max_hp_loss":0.0,"gold_gain":0.0,"cards_transformed":["Dagger Spray"],"event_name":"Transmorgrifier","player_choice":"Transformed","floor":38.0,"gold_loss":0.0,"damage_taken":0.0,"cards_obtained":["Noxious Fumes"]},{"damage_healed":0.0,"max_hp_gain":0.0,"max_hp_loss":0.0,"gold_gain":0.0,"event_name":"The Moai Head","player_choice":"Ignored","floor":39.0,"gold_loss":0.0,"damage_taken":0.0},{"cards_removed":["Bite"],"damage_healed":0.0,"max_hp_gain":0.0,"max_hp_loss":0.0,"gold_gain":0.0,"event_name":"Falling","player_choice":"Removed Attack","floor":45.0,"gold_loss":0.0,"damage_taken":0.0}],"is_beta":false,"boss_relics":[{"not_picked":["Snecko Eye","Fusion Hammer"],"picked":"Calling Bell"},{"not_picked":["Runic Dome","WristBlade"],"picked":"Cursed Key"}],"items_purged_floors":[36],"is_endless":false,"potions_floor_spawned":[1,11,16,18,22,27,29,33,35,48],"ascension_level":0}}