{"host":"y4mx56vxqys6xwyn","time":1613967483,"event":{"mods":["BaseMod","Hermit","Minty Spire (QoL Compilation)","StSLib","The Bug Knight"],"gold_per_floor":[111,111,127,127,127,127,23,23,23,39,39,53,67,93,93,196,196,211,126,24,24,44,44,44,44,67,82,108,139,156,184,184,280,280,300,300,270,285,296,326,426,445,445,445,475,486,502,0,0,0],"floor_reached":51,"language":"ENG","playtime":3057,"items_purged":["Normality","Defend_B"],"score":870,"play_id":"c6d05838-624f-4b97-be8a-1d2402b2d870","local_time":"20210221221803","is_ascension_mode":false,"campfire_choices":[{"data":"Go for the Eyes","floor":8.0,"key":"SMITH"},{"data":"Beam Cell","floor":11.0,"key":"SMITH"},{"data":"Hello World","floor":15.0,"key":"SMITH"},{"data":"Scrape","floor":23,"key":"SMITH"},{"data":"Defragment","floor":25,"key":"SMITH"},{"data":"Chill","floor":32,"key":"SMITH"},{"data":"Dualcast","floor":44,"key":"SMITH"},{"data":"Buffer","floor":49,"key":"SMITH"}],"circlet_count":0,"master_deck":["Strike_B+1","Strike_B+1","Strike_B+1","Strike_B+1","Defend_B+1","Defend_B+1","Defend_B+1","Dualcast+1","Scrape+1","Beam Cell+1","Beam Cell+1","Go for the Eyes+1","Steam","Chill+1","Steam","Hello World+1","Core Surge+1","Defragment+1","Gash","Steam Power","Gash","Gash+1","Barrage+1","All For One","Scrape+1","Turbo+1","Gash","Beam Cell+1","Buffer+1","Gash+1"],"relics":["FrozenCore","Smiling Mask","Bag of Preparation","Omamori","InkBottle","Letter Opener","MealTicket","Centennial Puzzle","Shuriken","Whetstone","Coffee Dripper","PreservedInsect","Ancient Tea Set","Dream Catcher","Red Mask"],"acts_visited":["Exordium","TheCity","TheBeyond"],"potions_floor_usage":[22,31,33,40,50,50],"damage_taken":[{"damage":2.0,"enemies":"Small Slimes","floor":1.0,"turns":4.0},{"damage":0.0,"enemies":"2 Louse","floor":3.0,"turns":2.0},{"damage":0.0,"enemies":"Cultist","floor":10.0,"turns":2.0},{"damage":0.0,"enemies":"Looter","floor":12.0,"turns":2.0},{"damage":1.0,"enemies":"Exordium Thugs","floor":13.0,"turns":3.0},{"damage":6.0,"enemies":"Lagavulin","floor":14.0,"turns":4.0},{"damage":8.0,"enemies":"Hexaghost","floor":16.0,"turns":11.0},{"damage":0,"enemies":"Spheric Guardian","floor":18,"turns":6},{"damage":1,"enemies":"3 Byrds","floor":22,"turns":6},{"damage":0,"enemies":"Cultist and Chosen","floor":27,"turns":5},{"damage":0,"enemies":"Book of Stabbing","floor":29,"turns":5},{"damage":0,"enemies":"Centurion and Healer","floor":30,"turns":4},{"damage":8,"enemies":"Slavers","floor":31,"turns":2},{"damage":3,"enemies":"Automaton","floor":33,"turns":6},{"damage":0,"enemies":"Orb Walker","floor":35,"turns":2},{"damage":0,"enemies":"3 Darklings","floor":38,"turns":3},{"damage":7,"enemies":"4 Shapes","floor":39,"turns":2},{"damage":0,"enemies":"Reptomancer","floor":40,"turns":3},{"damage":0,"enemies":"Maw","floor":42,"turns":4},{"damage":0,"enemies":"Giant Head","floor":45,"turns":4},{"damage":0,"enemies":"Spire Growth","floor":46,"turns":3},{"damage":0,"enemies":"4 Shapes","floor":47,"turns":4},{"damage":2,"enemies":"Donu and Deca","floor":50,"turns":3}],"seed_played":"-8297907873893665854","potions_obtained":[{"floor":10.0,"key":"Swift Potion"},{"floor":12.0,"key":"Fire Potion"},{"floor":14.0,"key":"SteroidPotion"},{"floor":16.0,"key":"SteroidPotion"},{"floor":18,"key":"FairyPotion"},{"floor":31,"key":"Swift Potion"},{"floor":35,"key":"Regen Potion"},{"floor":37,"key":"Fire Potion"},{"floor":37,"key":"SteroidPotion"},{"floor":39,"key":"Strength Potion"},{"floor":42,"key":"SmokeBomb"},{"floor":45,"key":"Swift Potion"}],"is_trial":false,"path_per_floor":["M","?","M","?","?","?","$","R","T","M","R","M","M","E","R","B",null,"M","?","$","?","M","R","?","R","T","M","T","E","M","E","R","B",null,"M","?","?","M","M","E","?","M","T","R","E","M","M","?","R","B",null],"character_chosen":"DEFECT","items_purchased":["Go for the Eyes","Gash"],"campfire_rested":0,"item_purchase_floors":[7,20],"current_hp_per_floor":[73,58,58,46,46,46,46,46,46,46,46,46,45,39,39,31,75,75,75,75,61,60,60,60,60,60,60,60,60,60,52,52,49,80,80,76,76,76,69,69,69,69,69,69,69,69,69,69,69,67],"gold":0,"neow_bonus":"TRANSFORM_CARD","is_daily":false,"chose_seed":false,"campfire_upgraded":8,"win_rate":0.0,"timestamp":1613967483,"path_taken":["M","?","M","?","?","?","$","R","T","M","R","?","M","E","R","BOSS","M","?","$","?","M","R","?","R","T","M","?","E","?","E","R","BOSS","M","?","?","M","?","E","?","M","T","R","E","M","?","?","R","BOSS"],"items_purchased_type":["Card","Card"],"build_version":"2020-12-22","purchased_purges":2,"victory":true,"max_hp_per_floor":[75,75,75,75,75,75,75,75,75,75,75,75,75,75,75,75,75,75,75,75,80,80,80,80,80,80,80,80,80,80,80,80,80,80,80,76,76,76,76,76,76,76,76,76,76,76,76,76,76,76],"card_choices":[{"not_picked":["Undo","Fusion"],"picked":"Beam Cell","floor":1.0},{"not_picked":["Compile Driver","Heatsinks"],"picked":"Beam Cell","floor":3.0},{"not_picked":["Force Field","Reinforced Body"],"picked":"Steam","floor":10.0},{"not_picked":["Capacitor","Turbo"],"picked":"Chill","floor":12.0},{"not_picked":["Tempest","Stack"],"picked":"Steam","floor":13.0},{"not_picked":["Fusion","Cold Snap"],"picked":"Hello World","floor":14.0},{"not_picked":["Electrodynamics","Multi-Cast"],"picked":"Core Surge","floor":16.0},{"not_picked":["Chill","Barrage"],"picked":"Defragment","floor":18},{"not_picked":["Melter","Chill"],"picked":"Steam Power","floor":22},{"not_picked":["Go for the Eyes","Turbo"],"picked":"Gash","floor":27},{"not_picked":["Defragment","Aggregate"],"picked":"Gash","floor":29},{"not_picked":["Storm","Undo+1"],"picked":"Barrage+1","floor":30},{"not_picked":["Hologram","Stack","Biased Cognition"],"picked":"SKIP","floor":31},{"not_picked":["Echo Form","Meteor Strike"],"picked":"All For One","floor":33},{"not_picked":["Recycle+1","Cold Snap"],"picked":"Scrape+1","floor":35},{"not_picked":["Auto Shields","Fusion"],"picked":"Turbo+1","floor":38},{"not_picked":["Turbo","Force Field+1","Consume+1"],"picked":"SKIP","floor":39},{"not_picked":["Rip and Tear+1","Reboot"],"picked":"Gash","floor":40},{"not_picked":["Double Energy","Turbo+1"],"picked":"Beam Cell+1","floor":42},{"not_picked":["Sunder","Turbo"],"picked":"Buffer","floor":45},{"not_picked":["Conserve Battery+1","Undo","Recycle"],"picked":"SKIP","floor":46},{"not_picked":["Cold Snap+1","Rebound"],"picked":"Gash+1","floor":47}],"player_experience":96011,"relics_obtained":[{"floor":9.0,"key":"Omamori"},{"floor":14.0,"key":"InkBottle"},{"floor":26,"key":"MealTicket"},{"floor":28,"key":"Centennial Puzzle"},{"floor":29,"key":"Shuriken"},{"floor":31,"key":"Whetstone"},{"floor":40,"key":"PreservedInsect"},{"floor":43,"key":"Ancient Tea Set"},{"floor":45,"key":"Dream Catcher"}],"event_choices":[{"damage_healed":0.0,"max_hp_gain":0.0,"max_hp_loss":0.0,"gold_gain":0.0,"event_name":"Shining Light","player_choice":"Entered Light","floor":2.0,"gold_loss":0.0,"damage_taken":15.0,"cards_upgraded":["Beam Cell","Strike_B"]},{"damage_healed":0.0,"max_hp_gain":0.0,"max_hp_loss":0.0,"gold_gain":0.0,"event_name":"Scrap Ooze","player_choice":"Success","floor":4.0,"gold_loss":0.0,"damage_taken":12.0,"relics_obtained":["Smiling Mask"]},{"damage_healed":0.0,"max_hp_gain":0.0,"max_hp_loss":0.0,"gold_gain":0.0,"event_name":"Big Fish","player_choice":"Box","floor":5.0,"gold_loss":0.0,"damage_taken":0.0,"relics_obtained":["Bag of Preparation"],"cards_obtained":["Regret"]},{"damage_healed":0.0,"max_hp_gain":0.0,"max_hp_loss":0.0,"gold_gain":0.0,"cards_transformed":["Regret"],"event_name":"Transmorgrifier","player_choice":"Transformed","floor":6.0,"gold_loss":0.0,"damage_taken":0.0,"cards_obtained":["Normality"]},{"damage_healed":0,"gold_gain":0,"player_choice":"Obtained Relic","damage_taken":0,"relics_obtained":["Letter Opener"],"max_hp_gain":0,"max_hp_loss":0,"event_name":"Addict","floor":19,"gold_loss":85},{"damage_healed":0,"gold_gain":0,"player_choice":"Shed Blood","damage_taken":19,"max_hp_gain":5,"max_hp_loss":0,"event_name":"Forgotten Altar","floor":21,"gold_loss":0},{"damage_healed":0,"gold_gain":0,"player_choice":"Simplicity","damage_taken":0,"max_hp_gain":0,"max_hp_loss":0,"event_name":"Back to Basics","floor":24,"gold_loss":0,"cards_upgraded":["Strike_B","Strike_B","Strike_B","Defend_B","Defend_B","Defend_B"]},{"damage_healed":0,"gold_gain":0,"player_choice":"Max HP","damage_taken":0,"max_hp_gain":0,"max_hp_loss":4,"event_name":"Winding Halls","floor":36,"gold_loss":0},{"damage_healed":0,"gold_gain":0,"player_choice":"Bought 2 Potions","damage_taken":0,"max_hp_gain":0,"max_hp_loss":0,"event_name":"The Woman in Blue","floor":37,"gold_loss":0},{"damage_healed":0,"gold_gain":100,"player_choice":"Pray","damage_taken":0,"max_hp_gain":0,"max_hp_loss":0,"event_name":"Golden Shrine","floor":41,"gold_loss":0},{"damage_healed":0,"gold_gain":0,"player_choice":"Paid","damage_taken":0,"relics_obtained":["Red Mask"],"max_hp_gain":0,"max_hp_loss":0,"event_name":"Tomb of Lord Red Mask","floor":48,"gold_loss":502}],"is_beta":false,"boss_relics":[{"not_picked":["Tiny House","Astrolabe"],"picked":"FrozenCore"},{"not_picked":["Fusion Hammer","SlaversCollar"],"picked":"Coffee Dripper"}],"items_purged_floors":[7,20],"is_endless":false,"potions_floor_spawned":[10,12,14,16,18,31,35,39,42,45],"ascension_level":0}}