{"host":"hrvs05np4ys7itky","time":1613952696,"event":{"mods":["BaseMod","Colored Map","Colored Powertips","Downfall","Emptier Cage","Hermit","Highlight Path","Minty Spire (QoL Compilation)","Permanent Neow","Rare Cards Sparkle","Relic Stats","StSLib","everything is the same but u backflip on backflip"],"gold_per_floor":[112,127,127,52,52,52,3,34,57,57,72,37,187,211,211,211,211],"floor_reached":16,"language":"ENG","playtime":407,"items_purged":["Strike_B"],"score":172,"play_id":"47f90cd9-7201-463e-930d-0237e9f04283","local_time":"20210221191136","is_ascension_mode":true,"campfire_choices":[{"floor":6,"key":"REST"},{"floor":10,"key":"REST"},{"data":"Static Discharge","floor":15,"key":"SMITH"}],"circlet_count":0,"master_deck":["AscendersBane","Strike_B","Strike_B","Strike_B","Defend_B","Defend_B","Defend_B","Defend_B","Zap","Static Discharge+1","Barrage","Gash","Rainbow","Genetic Algorithm","Self Repair","Doubt","Conserve Battery"],"relics":["Cracked Core","Golden Idol","Blue Candle","Symbiotic Virus","Art of War"],"acts_visited":["Exordium"],"potions_floor_usage":[16],"damage_taken":[{"damage":1,"enemies":"Cultist","floor":1,"turns":4},{"damage":2,"enemies":"2 Louse","floor":2,"turns":3},{"damage":25,"enemies":"Lagavulin","floor":8,"turns":7},{"damage":0,"enemies":"Small Slimes","floor":11,"turns":3},{"damage":6,"enemies":"2 Fungi Beasts","floor":14,"turns":3},{"damage":33,"enemies":"Slime Boss","floor":16,"turns":3}],"seed_played":"3745285666846302321","potions_obtained":[{"floor":11,"key":"PotionOfCapacity"}],"is_trial":false,"path_per_floor":["M","M","?","$","?","R","$","E","T","R","M","$","?","M","R","B"],"character_chosen":"DEFECT","items_purchased":["Gash","Self Repair"],"campfire_rested":2,"item_purchase_floors":[7,12],"current_hp_per_floor":[63,61,61,61,16,35,35,10,10,29,29,29,29,30,30,0,0],"gold":211,"neow_bonus":"REMOVE_CARD","is_daily":false,"chose_seed":false,"campfire_upgraded":1,"win_rate":0.0,"timestamp":1613952696,"path_taken":["M","M","?","$","?","R","$","E","T","R","M","$","?","M","R","BOSS"],"items_purchased_type":["Card","Card"],"build_version":"2020-12-22","purchased_purges":1,"victory":false,"max_hp_per_floor":[71,71,64,64,64,64,64,64,64,64,64,64,64,64,64,64,64],"relic_stats":{"counters":[6,23],"Golden Idol":14,"Blue Candle":[0],"Art of War":[3],"obtain_stats":[{"Golden Idol":3,"Blue Candle":5,"Art of War":9,"Cracked Core":0,"Symbiotic Virus":8},{"Golden Idol":2,"Blue Candle":2,"Art of War":3,"Cracked Core":0,"Symbiotic Virus":3},{"Golden Idol":7,"Blue Candle":7,"Art of War":14,"Cracked Core":0,"Symbiotic Virus":14}]},"card_choices":[{"not_picked":["Turbo","Heatsinks"],"picked":"Static Discharge","floor":1},{"not_picked":["Auto Shields","Redo"],"picked":"Barrage","floor":2},{"not_picked":["Stack","Turbo"],"picked":"Rainbow","floor":8},{"not_picked":["Steam","Streamline"],"picked":"Genetic Algorithm","floor":11},{"not_picked":["Force Field","Leap"],"picked":"Conserve Battery","floor":14}],"player_experience":1122309,"relics_obtained":[{"floor":8,"key":"Symbiotic Virus"},{"floor":9,"key":"Art of War"}],"event_choices":[{"damage_healed":0,"gold_gain":0,"player_choice":"Lose Max HP","damage_taken":0,"relics_obtained":["Golden Idol"],"max_hp_gain":0,"max_hp_loss":7,"event_name":"Golden Idol","floor":3,"gold_loss":0},{"damage_healed":0,"gold_gain":0,"player_choice":"Success","damage_taken":45,"relics_obtained":["Blue Candle"],"max_hp_gain":0,"max_hp_loss":0,"event_name":"Scrap Ooze","floor":5,"gold_loss":0},{"damage_healed":0,"gold_gain":150,"player_choice":"AGREE","damage_taken":0,"max_hp_gain":0,"max_hp_loss":0,"event_name":"Liars Game","floor":13,"gold_loss":0,"cards_obtained":["Doubt"]}],"is_beta":false,"boss_relics":[],"items_purged_floors":[4],"is_endless":false,"potions_floor_spawned":[11],"killed_by":"Slime Boss","ascension_level":15}}