{"host":"mhzgc0zma59jtmoj","time":1613969011,"event":{"mods":["BaseMod","BetterRewards","Custom Start","Glutton Mod","Ironclad Rager","Minty Spire (QoL Compilation)","Replay The Spire","Somnambulant","StSLib","The Cursed","The Hierophant","The Jungle","Treasure Hunter"],"gold_per_floor":[114,114,114,132,144,144,179,54,54,88,105,132,143,143,143,246,246,260,273,273,287,137,150,150,150,150,169,169,185,196,221,221,323,323,334,334,159,159,176,211,211,229,229,229,29,29,29,49,49,49,49],"floor_reached":50,"language":"ENG","playtime":1947,"items_purged":["TheCursedMod:Strike_TheCursed","TheCursedMod:Defend_TheCursed","TheCursedMod:Defend_TheCursed","TheCursedMod:Strike_TheCursed","TheCursedMod:Strike_TheCursed","TheCursedMod:Strike_TheCursed+1"],"score":931,"play_id":"08febf9d-8914-4caf-a990-639eb4058dff","local_time":"20210221234331","is_ascension_mode":true,"campfire_choices":[{"data":"TheCursedMod:CursedWand","floor":6.0,"key":"SMITH"},{"floor":15.0,"key":"REST"},{"floor":24.0,"key":"RECALL"},{"floor":28.0,"key":"REST"},{"floor":32.0,"key":"REST"},{"floor":41.0,"key":"REST"},{"floor":44.0,"key":"REST"},{"data":"TheCursedMod:SpitefulStrike","floor":47.0,"key":"SMITH"},{"data":"TheCursedMod:RapidMovement","floor":49.0,"key":"SMITH"}],"circlet_count":0,"master_deck":["TheCursedMod:Defend_TheCursed+1","TheCursedMod:CursedWand+1","TheCursedMod:CleanUpWorkshop+1","TheCursedMod:Dregs","TheCursedMod:SpitefulStrike+1","TheCursedMod:SurpriseAttack","TheCursedMod:RapidMovement+1","TheCursedMod:CursedBlade","TheCursedMod:CursedBlade","Writhe","TheCursedMod:DemonSword+1","TheCursedMod:SpitefulStrike","TheCursedMod:CursedAmulet+1","Parasite","CommonCold"],"relics":["TheCursedMod:BlackMagic101","Shuriken","Mummified Hand","Mercury Hourglass","Ancient Tea Set","Busted Crown","Akabeko","TheCursedMod:FourLeafCloverCharm","Pen Nib","Replay:Bottled Snecko","Ring of Searing","Ring of Fury"],"acts_visited":["Exordium","TheCity","TheBeyond"],"potions_floor_usage":[50],"damage_taken":[{"damage":4.0,"enemies":"Cultist","floor":1.0,"turns":4.0},{"damage":0.0,"enemies":"Jaw Worm","floor":4.0,"turns":2.0},{"damage":0.0,"enemies":"Small Slimes","floor":5.0,"turns":2.0},{"damage":18.0,"enemies":"Replay:BlueRogue","floor":7.0,"turns":6.0},{"damage":0.0,"enemies":"Gremlin Nob","floor":10.0,"turns":3.0},{"damage":0.0,"enemies":"Gremlin Gang","floor":11.0,"turns":2.0},{"damage":9.0,"enemies":"3 Sentries","floor":12.0,"turns":2.0},{"damage":0.0,"enemies":"Exordium Wildlife","floor":13.0,"turns":2.0},{"damage":15.0,"enemies":"Hexaghost","floor":16.0,"turns":9.0},{"damage":13.0,"enemies":"Shell Parasite","floor":18.0,"turns":3.0},{"damage":0.0,"enemies":"Chosen","floor":19.0,"turns":3.0},{"damage":8.0,"enemies":"Centurion and Healer","floor":21.0,"turns":3.0},{"damage":14.0,"enemies":"Snake Plant","floor":23.0,"turns":3.0},{"damage":16.0,"enemies":"Snecko","floor":27.0,"turns":4.0},{"damage":0.0,"enemies":"Shelled Parasite and Fungi","floor":29.0,"turns":3.0},{"damage":8.0,"enemies":"Snake Plant","floor":30.0,"turns":3.0},{"damage":13.0,"enemies":"Slavers","floor":31.0,"turns":3.0},{"damage":40.0,"enemies":"Pondfish","floor":33.0,"turns":6.0},{"damage":13.0,"enemies":"3 Darklings","floor":35.0,"turns":3.0},{"damage":0.0,"enemies":"Orb Walker","floor":39.0,"turns":2.0},{"damage":49.0,"enemies":"Giant Head","floor":40.0,"turns":8.0},{"damage":13.0,"enemies":"Writhing Mass","floor":42.0,"turns":3.0},{"damage":0.0,"enemies":"Jaw Worm Horde","floor":48.0,"turns":2.0},{"damage":56,"enemies":"Replay:Hell Engine","floor":50,"turns":5}],"seed_played":"-4394273699691899435","potions_obtained":[{"floor":4.0,"key":"BlessingOfTheForge"},{"floor":5.0,"key":"Fruit Juice"},{"floor":7.0,"key":"TheCursedMod:DregsPotion"},{"floor":16.0,"key":"Venom Potion"},{"floor":21.0,"key":"LifebloodPotion"},{"floor":33.0,"key":"Languid Potion"},{"floor":48.0,"key":"BlessingOfTheForge"}],"is_trial":false,"path_per_floor":["M","?","?","M","M","R","E","$","T","E","M","E","M","?","R","B",null,"M","M","?","M","$","M","R","$","T","M","R","M","M","E","R","B",null,"M","?","$","?","M","E","R","M","T","R","$","?","R","M","R","B"],"character_chosen":"THE_CURSED","items_purchased":[],"campfire_rested":5,"item_purchase_floors":[],"current_hp_per_floor":[62,62,47,47,52,52,34,34,34,34,34,25,25,25,49,34,80,67,67,67,59,59,45,45,45,45,29,53,53,45,32,56,16,80,67,67,67,67,67,18,42,29,29,53,53,53,53,53,53,0,0],"gold":49,"neow_bonus":"","is_daily":false,"chose_seed":false,"campfire_upgraded":3,"win_rate":0.0,"timestamp":1613969011,"path_taken":["M","?","?","?","M","R","E","$","T","E","M","E","?","?","R","BOSS","M","M","?","M","$","M","R","$","T","M","R","M","?","E","R","BOSS","M","?","$","?","M","E","R","M","T","R","$","?","R","M","R","BOSS"],"items_purchased_type":[],"build_version":"2020-12-22","purchased_purges":6,"victory":false,"max_hp_per_floor":[75,75,75,75,80,80,80,80,80,80,80,80,80,80,80,80,80,80,80,80,80,80,80,80,80,80,80,80,80,80,80,80,80,80,80,80,80,80,80,80,80,80,80,80,80,80,80,80,80,80,80],"card_choices":[{"not_picked":["TheCursedMod:PrepareRite","TheCursedMod:CursedBlade"],"picked":"TheCursedMod:SpitefulStrike","floor":1.0},{"not_picked":["TheCursedMod:CursedArmor","TheCursedMod:CircleOfWindfury"],"picked":"TheCursedMod:SurpriseAttack","floor":4.0},{"not_picked":["TheCursedMod:StingEye","TheCursedMod:ReleasedKnowledge"],"picked":"TheCursedMod:RapidMovement","floor":5.0},{"not_picked":["TH:BikiniMail","TH:Mimic"],"picked":"SKIP","floor":7.0},{"not_picked":["TheCursedMod:RavingStaff","TheCursedMod:ManaBullet","TheCursedMod:Torture"],"picked":"SKIP","floor":7.0},{"not_picked":["TH:CursedSword","TH:ArmorSpikes"],"picked":"SKIP","floor":9.0},{"not_picked":["TheCursedMod:SmokeScreen","TheCursedMod:Stretching"],"picked":"TheCursedMod:CursedBlade","floor":10.0},{"not_picked":["TH:DeckOfManyThings","TH:CursedSword"],"picked":"SKIP","floor":10.0},{"not_picked":["TheCursedMod:FuryStrike","TheCursedMod:VitalStrike"],"picked":"TheCursedMod:CursedBlade","floor":11.0},{"not_picked":["TH:BikiniMail","TH:EnergyPotion"],"picked":"SKIP","floor":12.0},{"not_picked":["TheCursedMod:CursedAmulet","TheCursedMod:CursedMace","TheCursedMod:HellsGateOpen"],"picked":"SKIP","floor":12.0},{"not_picked":["TheCursedMod:CursedShiv","TheCursedMod:SpitefulPlan","TheCursedMod:FleshFromBone"],"picked":"SKIP","floor":13.0},{"not_picked":["TheCursedMod:UltimatePain","TheCursedMod:AntiAging"],"picked":"TheCursedMod:DemonSword","floor":16.0},{"not_picked":["TheCursedMod:CursedAmulet+1"],"picked":"SKIP","floor":18.0},{"not_picked":["TheCursedMod:FleshFromBone"],"picked":"SKIP","floor":19.0},{"not_picked":[],"picked":"TheCursedMod:SpitefulStrike","floor":21.0},{"not_picked":["TheCursedMod:AbyssShockwave"],"picked":"SKIP","floor":23.0},{"not_picked":["TH:PixieDust"],"picked":"SKIP","floor":26.0},{"not_picked":["TheCursedMod:RavingStaff"],"picked":"SKIP","floor":27.0},{"not_picked":["TheCursedMod:CircleOfCorruption+1"],"picked":"SKIP","floor":29.0},{"not_picked":["TheCursedMod:CircleOfCorruption"],"picked":"SKIP","floor":30.0},{"not_picked":["TH:PixieDust"],"picked":"SKIP","floor":31.0},{"not_picked":["TheCursedMod:PrepareRite"],"picked":"SKIP","floor":31.0},{"not_picked":["TheCursedMod:Hemoplague+1"],"picked":"SKIP","floor":35.0},{"not_picked":["TheCursedMod:TacticalStrike"],"picked":"SKIP","floor":39.0},{"not_picked":[],"picked":"TheCursedMod:CursedAmulet+1","floor":40.0},{"not_picked":["TH:BikiniMail"],"picked":"SKIP","floor":40.0},{"not_picked":["TheCursedMod:Torture"],"picked":"SKIP","floor":42.0},{"not_picked":["TH:PixieDust"],"picked":"SKIP","floor":43.0},{"not_picked":["TheCursedMod:Stigma+1"],"picked":"SKIP","floor":48.0}],"player_experience":318019,"relics_obtained":[{"floor":7.0,"key":"Shuriken"},{"floor":9.0,"key":"Mummified Hand"},{"floor":10.0,"key":"Mercury Hourglass"},{"floor":12.0,"key":"Ancient Tea Set"},{"floor":31.0,"key":"Akabeko"},{"floor":40.0,"key":"Pen Nib"},{"floor":43.0,"key":"Replay:Bottled Snecko"},{"floor":46.0,"key":"Ring of Searing"},{"floor":46.0,"key":"Ring of Fury"}],"event_choices":[{"damage_healed":0.0,"max_hp_gain":0.0,"max_hp_loss":0.0,"gold_gain":0.0,"event_name":"Living Wall","player_choice":"Grow","floor":2.0,"gold_loss":0.0,"damage_taken":0.0,"cards_upgraded":["TheCursedMod:CleanUpWorkshop"]},{"damage_healed":0.0,"max_hp_gain":0.0,"max_hp_loss":0.0,"gold_gain":0.0,"event_name":"Shining Light","player_choice":"Entered Light","floor":3.0,"gold_loss":0.0,"damage_taken":15.0,"cards_upgraded":["TheCursedMod:Defend_TheCursed","TheCursedMod:Strike_TheCursed"]},{"damage_healed":0.0,"max_hp_gain":0.0,"max_hp_loss":0.0,"gold_gain":0.0,"event_name":"Upgrade Shrine","player_choice":"Upgraded","floor":20.0,"gold_loss":0.0,"damage_taken":0.0,"cards_upgraded":["TheCursedMod:DemonSword"]},{"damage_healed":0.0,"max_hp_gain":0.0,"max_hp_loss":0.0,"gold_gain":0.0,"event_name":"SensoryStone","player_choice":"Memory 1","floor":36.0,"gold_loss":0.0,"damage_taken":0.0},{"cards_removed":["TheCursedMod:Defend_TheCursed"],"damage_healed":0.0,"max_hp_gain":0.0,"max_hp_loss":0.0,"gold_gain":0.0,"event_name":"Falling","player_choice":"Removed Skill","floor":38.0,"gold_loss":0.0,"damage_taken":0.0}],"is_beta":false,"boss_relics":[{"not_picked":["Sozu","Snecko Heart"],"picked":"Busted Crown"},{"not_picked":["SlaversCollar","ReplayTheSpireMod:DimensionalGlitch"],"picked":"TheCursedMod:FourLeafCloverCharm"}],"items_purged_floors":[0,0,8,22,37,45],"is_endless":false,"potions_floor_spawned":[4,5,7,16,21,27,30,33,35,48],"killed_by":"Replay:Hell Engine","ascension_level":1}}