{"host":"gfybn4j1d26rvz5e","time":1613955778,"event":{"mods":["BaseMod","Better Altar","Better Match","Better Note","Better Sensory Stone","Better Skull","Better Third Choice","BetterRewards","Highlight Path","Minty Spire (QoL Compilation)","Random Character Button","Relic Stats","StSLib"],"gold_per_floor":[117,132,132,20,20,20,45,45,45,45,62,96,96,96,96,191,191,201,218,218,91,42,42,70,83,108,108,135,135,150,166,166,261,261,277,291,305,268,283,311,329,214,238,250,275,287,299,311,311],"floor_reached":48,"language":"ENG","playtime":2362,"items_purged":["Strike_B","Strike_B"],"score":1090,"play_id":"e7cba75c-da0c-469e-a80a-c39eaa633ff2","local_time":"20210221190258","is_ascension_mode":true,"campfire_choices":[{"data":"Sunder","floor":6,"key":"SMITH"},{"data":"Electrodynamics","floor":10,"key":"SMITH"},{"floor":15,"key":"REST"},{"data":"Hologram","floor":23,"key":"SMITH"},{"data":"Seek","floor":27,"key":"SMITH"},{"data":"Thunder Strike","floor":32,"key":"SMITH"},{"floor":44,"key":"REST"},{"floor":47,"key":"REST"}],"circlet_count":0,"master_deck":["AscendersBane","Defend_B","Defend_B","Defend_B","Zap+1","Dualcast","Self Repair+1","Multi-Cast+1","Leap","Sunder+1","Electrodynamics+1","Cold Snap","BootSequence+1","Thunder Strike+1","Hologram+1","Leap","Seek+1","Ball Lightning+1","Bite","Bite","Bite","Bite","Bite","Leap","Parasite","Defragment","Conserve Battery+1"],"relics":["Cracked Core","FaceOfCleric","Matryoshka","Happy Flower","Pear","DataDisk","Busted Crown","Symbiotic Virus","Dream Catcher","Bronze Scales","Sundial","SlaversCollar","Bag of Marbles","Ancient Tea Set","MawBank"],"acts_visited":["Exordium","TheCity","TheBeyond"],"potions_floor_usage":[16,24,33,33,33,37,37,37,40,46],"damage_taken":[{"damage":8,"enemies":"Small Slimes","floor":1,"turns":4},{"damage":1,"enemies":"Cultist","floor":2,"turns":3},{"damage":30,"enemies":"Gremlin Nob","floor":7,"turns":4},{"damage":6,"enemies":"2 Louse","floor":11,"turns":2},{"damage":18,"enemies":"Lagavulin","floor":12,"turns":5},{"damage":0,"enemies":"Slime Boss","floor":16,"turns":6},{"damage":1,"enemies":"Spheric Guardian","floor":18,"turns":3},{"damage":0,"enemies":"3 Byrds","floor":19,"turns":1},{"damage":46,"enemies":"Book of Stabbing","floor":24,"turns":7},{"damage":6,"enemies":"Centurion and Healer","floor":25,"turns":3},{"damage":9,"enemies":"Gremlin Leader","floor":28,"turns":4},{"damage":0,"enemies":"Chosen and Byrds","floor":30,"turns":4},{"damage":3,"enemies":"3 Cultists","floor":31,"turns":3},{"damage":51,"enemies":"Champ","floor":33,"turns":10},{"damage":0,"enemies":"3 Shapes","floor":35,"turns":2},{"damage":0,"enemies":"Orb Walker","floor":36,"turns":2},{"damage":20,"enemies":"Writhing Mass","floor":37,"turns":5},{"damage":24,"enemies":"Maw","floor":39,"turns":6},{"damage":48,"enemies":"Nemesis","floor":40,"turns":8},{"damage":32,"enemies":"4 Shapes","floor":41,"turns":4},{"damage":14,"enemies":"Jaw Worm Horde","floor":45,"turns":2},{"damage":0,"enemies":"Sphere and 2 Shapes","floor":46,"turns":2},{"damage":71,"enemies":"Maw","floor":48,"turns":7}],"seed_played":"-1180841604315787703","potions_obtained":[{"floor":1,"key":"Dexterity Potion"},{"floor":2,"key":"Weak Potion"},{"floor":11,"key":"SneckoOil"},{"floor":19,"key":"PotionOfCapacity"},{"floor":24,"key":"EntropicBrew"},{"floor":37,"key":"SmokeBomb"},{"floor":39,"key":"AttackPotion"}],"is_trial":false,"path_per_floor":["M","M","?","$","?","R","E","$","T","R","M","E","?","$","R","B",null,"M","M","?","$","$","R","E","M","T","R","E","?","M","M","R","B",null,"M","M","M","$","M","E","M","?","T","R","M","M","R","M"],"character_chosen":"DEFECT","items_purchased":["Self Repair","Sunder","Hologram","Leap","Defragment"],"campfire_rested":3,"item_purchase_floors":[0,4,21,22,38],"current_hp_per_floor":[67,66,66,66,66,66,44,44,54,54,56,46,28,28,54,65,83,90,91,91,91,91,91,56,51,51,51,53,53,60,67,67,39,61,62,65,67,67,62,39,10,10,10,32,19,28,50,0,0],"gold":311,"neow_bonus":"","is_daily":false,"chose_seed":false,"campfire_upgraded":5,"win_rate":0.0,"timestamp":1613955778,"path_taken":["M","M","?","?","?","R","E","$","T","R","?","E","?","$","R","BOSS","M","M","?","?","$","R","E","M","T","R","E","?","M","M","R","BOSS","M","M","M","$","M","E","M","?","T","R","M","M","R","?"],"items_purchased_type":["Card","Card","Card","Card","Card"],"build_version":"2020-12-22","purchased_purges":2,"victory":false,"max_hp_per_floor":[75,75,75,75,75,75,76,76,86,86,87,88,88,88,88,89,89,90,91,91,91,91,91,92,93,93,93,94,65,66,67,67,68,68,69,70,71,71,72,73,74,74,74,74,75,76,76,76,76],"relic_stats":{"Dream Catcher":2,"Busted Crown":34,"FaceOfCleric":20,"Happy Flower":[28],"counters":[70,296],"Sundial":[4],"Bronze Scales":[115],"MawBank":60,"obtain_stats":[{"Ice Cream":0,"Regal Pillow":46,"Enchiridion":29,"HoveringKite":34,"Juzu Bracelet":26,"Boot":43,"Smiling Mask":10,"Ancient Tea Set":42,"Sozu":17,"Centennial Puzzle":11,"Dream Catcher":25,"Matryoshka":28,"FaceOfCleric":3,"Ninja Scroll":23,"Sundial":28,"Prayer Wheel":47,"InkBottle":7,"Ring of the Snake":0,"Potion Belt":9,"Pear":9,"The Specimen":26,"Happy Flower":9,"PreservedInsect":9,"Letter Opener":25,"MawBank":43,"Mercury Hourglass":46,"SlaversCollar":34,"DataDisk":12,"Busted Crown":17,"Bird Faced Urn":7,"Bronze Scales":26,"Snecko Eye":17,"Art of War":43,"Bag of Marbles":40,"Bottled Lightning":21,"Symbiotic Virus":24,"Toy Ornithopter":8},{"Ice Cream":0,"Regal Pillow":18,"Enchiridion":13,"HoveringKite":15,"Juzu Bracelet":36,"Boot":18,"Smiling Mask":44,"Ancient Tea Set":67,"Sozu":6,"Centennial Puzzle":28,"Dream Catcher":36,"Matryoshka":13,"FaceOfCleric":49,"Ninja Scroll":10,"Sundial":58,"Prayer Wheel":19,"InkBottle":2,"Ring of the Snake":0,"Potion Belt":3,"Pear":50,"The Specimen":12,"Happy Flower":50,"PreservedInsect":27,"Letter Opener":12,"MawBank":67,"Mercury Hourglass":18,"SlaversCollar":61,"DataDisk":52,"Busted Crown":53,"Bird Faced Urn":43,"Bronze Scales":57,"Snecko Eye":32,"Art of War":18,"Bag of Marbles":66,"Bottled Lightning":34,"Symbiotic Virus":56,"Toy Ornithopter":27},{"Ice Cream":0,"Regal Pillow":81,"Enchiridion":56,"HoveringKite":69,"Juzu Bracelet":158,"Boot":81,"Smiling Mask":188,"Ancient Tea Set":285,"Sozu":25,"Centennial Puzzle":126,"Dream Catcher":158,"Matryoshka":56,"FaceOfCleric":206,"Ninja Scroll":42,"Sundial":241,"Prayer Wheel":85,"InkBottle":11,"Ring of the Snake":0,"Potion Belt":13,"Pear":210,"The Specimen":52,"Happy Flower":210,"PreservedInsect":122,"Letter Opener":52,"MawBank":285,"Mercury Hourglass":81,"SlaversCollar":258,"DataDisk":217,"Busted Crown":223,"Bird Faced Urn":183,"Bronze Scales":237,"Snecko Eye":144,"Art of War":81,"Bag of Marbles":281,"Bottled Lightning":151,"Symbiotic Virus":234,"Toy Ornithopter":122}]},"card_choices":[{"not_picked":["Reprogram","Storm","Beam Cell"],"picked":"SKIP","floor":1},{"not_picked":["Beam Cell","Force Field"],"picked":"Leap","floor":2},{"not_picked":["Loop","Fusion"],"picked":"Electrodynamics","floor":7},{"not_picked":["Streamline","Self Repair"],"picked":"Cold Snap","floor":11},{"not_picked":["Multi-Cast","Lockon"],"picked":"BootSequence","floor":12},{"not_picked":["Machine Learning","Rainbow"],"picked":"Thunder Strike","floor":16},{"not_picked":["Ball Lightning"],"picked":"SKIP","floor":18},{"not_picked":["Ball Lightning"],"picked":"SKIP","floor":18},{"not_picked":["Steam"],"picked":"SKIP","floor":19},{"not_picked":[],"picked":"Seek","floor":24},{"not_picked":["Go for the Eyes"],"picked":"SKIP","floor":25},{"not_picked":[],"picked":"Ball Lightning+1","floor":28},{"not_picked":[],"picked":"Leap","floor":30},{"not_picked":["Undo"],"picked":"SKIP","floor":31},{"not_picked":["Hologram"],"picked":"SKIP","floor":35},{"not_picked":["Hologram"],"picked":"SKIP","floor":36},{"not_picked":["Tempest"],"picked":"SKIP","floor":37},{"not_picked":["Aggregate+1"],"picked":"SKIP","floor":39},{"not_picked":["Aggregate+1"],"picked":"SKIP","floor":40},{"not_picked":[],"picked":"Conserve Battery+1","floor":41},{"not_picked":["Chaos"],"picked":"SKIP","floor":45}],"player_experience":672396,"relics_obtained":[{"floor":7,"key":"Matryoshka"},{"floor":9,"key":"Happy Flower"},{"floor":9,"key":"Pear"},{"floor":12,"key":"DataDisk"},{"floor":24,"key":"Symbiotic Virus"},{"floor":26,"key":"Dream Catcher"},{"floor":26,"key":"Bronze Scales"},{"floor":28,"key":"Sundial"},{"floor":40,"key":"Bag of Marbles"},{"floor":43,"key":"MawBank"}],"event_choices":[{"damage_healed":0,"gold_gain":0,"player_choice":"Trade","damage_taken":0,"relics_obtained":["FaceOfCleric"],"max_hp_gain":0,"max_hp_loss":0,"event_name":"FaceTrader","floor":3,"gold_loss":0},{"damage_healed":0,"gold_gain":0,"player_choice":"Grow","damage_taken":0,"max_hp_gain":0,"max_hp_loss":0,"event_name":"Living Wall","floor":5,"gold_loss":0,"cards_upgraded":["Zap"]},{"damage_healed":46,"gold_gain":0,"player_choice":"Upgrade","damage_taken":18,"max_hp_gain":0,"max_hp_loss":88,"event_name":"betterThird:BetterShining","floor":13,"gold_loss":0,"cards_upgraded":["Self Repair","BootSequence"]},{"damage_healed":0,"gold_gain":0,"player_choice":"Upgraded","damage_taken":0,"max_hp_gain":0,"max_hp_loss":0,"event_name":"Upgrade Shrine","floor":20,"gold_loss":0,"cards_upgraded":["Multi-Cast"]},{"damage_healed":0,"gold_gain":0,"player_choice":"Became a vampire","damage_taken":0,"max_hp_gain":0,"max_hp_loss":29,"event_name":"Vampires","floor":29,"gold_loss":0,"cards_obtained":["Bite","Bite","Bite","Bite","Bite"]},{"damage_healed":0,"gold_gain":0,"player_choice":"Paid Gold","damage_taken":0,"relics_obtained":["Ancient Tea Set"],"max_hp_gain":0,"max_hp_loss":0,"event_name":"WeMeetAgain","floor":42,"gold_loss":115}],"is_beta":false,"boss_relics":[{"not_picked":["Calling Bell","Astrolabe"],"picked":"Busted Crown"},{"not_picked":["Runic Dome","Inserter"],"picked":"SlaversCollar"}],"items_purged_floors":[4,21],"is_endless":false,"potions_floor_spawned":[1,2,11,12,19,24,30,31,33,36,37,39,46],"killed_by":"Maw","ascension_level":10}}