{"host":"jq8d8epkoknfq6em","time":1613997299,"event":{"mods":["AchievementEnabler","BaseMod","Colored Map","Colored Powertips","Highlight Path","Minty Spire (QoL Compilation)","Quick Restart","Relic Stats","StSLib"],"gold_per_floor":[115,134,134,146,158,189,189,199,225,256,5,18,18,34,34,113,113,128,145,145,145],"floor_reached":20,"language":"ENG","playtime":1831,"items_purged":["Strike_R"],"score":338,"play_id":"50d8ed76-dbd7-4d10-8d10-81af94d9aa37","local_time":"20210222133459","is_ascension_mode":true,"campfire_choices":[{"data":"Berserk","floor":7,"key":"SMITH"},{"data":"True Grit","floor":13,"key":"SMITH"},{"data":"Rampage","floor":15,"key":"SMITH"}],"circlet_count":0,"master_deck":["AscendersBane","Defend_R","Defend_R","Defend_R","Defend_R","Bash","Evolve","Shrug It Off","Berserk+1","Reckless Charge","Rampage+1","Shrug It Off","Shrug It Off","Headbutt","Double Tap","True Grit+1","Power Through","Barricade","Seeing Red+1","Barricade+1","Demon Form+1","Seeing Red+1","Second Wind"],"relics":["Burning Blood","Darkstone Periapt","Toy Ornithopter","Bag of Marbles","Astrolabe"],"acts_visited":["Exordium","TheCity"],"potions_floor_usage":[5,6,8,16],"damage_taken":[{"damage":7,"enemies":"Small Slimes","floor":1,"turns":4},{"damage":5,"enemies":"2 Louse","floor":2,"turns":4},{"damage":3,"enemies":"Cultist","floor":4,"turns":4},{"damage":5,"enemies":"Gremlin Gang","floor":5,"turns":3},{"damage":39,"enemies":"3 Sentries","floor":6,"turns":6},{"damage":13,"enemies":"Red Slaver","floor":8,"turns":4},{"damage":14,"enemies":"Lagavulin","floor":10,"turns":8},{"damage":2,"enemies":"Large Slime","floor":12,"turns":6},{"damage":0,"enemies":"Blue Slaver","floor":14,"turns":4},{"damage":21,"enemies":"Hexaghost","floor":16,"turns":7},{"damage":18,"enemies":"Shell Parasite","floor":18,"turns":4},{"damage":40,"enemies":"3 Byrds","floor":19,"turns":8},{"damage":29,"enemies":"Shelled Parasite and Fungi","floor":20,"turns":3}],"seed_played":"-5916251172987305084","potions_obtained":[{"floor":0,"key":"Explosive Potion"},{"floor":0,"key":"DuplicationPotion"},{"floor":4,"key":"Explosive Potion"},{"floor":6,"key":"Regen Potion"},{"floor":14,"key":"Strength Potion"}],"is_trial":false,"path_per_floor":["M","M","?","M","M","E","R","M","T","E","$","M","R","M","R","B",null,"M","M","M"],"character_chosen":"IRONCLAD","items_purchased":["Double Tap"],"campfire_rested":0,"item_purchase_floors":[11],"current_hp_per_floor":[67,68,68,71,72,39,39,44,44,36,36,40,40,46,46,36,65,53,19,0,0],"gold":145,"neow_bonus":"THREE_SMALL_POTIONS","is_daily":false,"chose_seed":false,"campfire_upgraded":3,"win_rate":0.0,"timestamp":1613997299,"path_taken":["M","M","?","M","M","E","R","M","T","E","$","M","R","M","R","BOSS","M","M","M"],"items_purchased_type":["Card"],"build_version":"2020-12-22","purchased_purges":1,"victory":false,"max_hp_per_floor":[75,75,75,75,75,75,75,75,75,75,75,75,75,75,75,75,75,75,75,75,75],"relic_stats":{"Darkstone Periapt":0,"counters":[13,65],"Astrolabe":["Seeing Red","Barricade","Demon Form"],"obtain_stats":[{"Darkstone Periapt":6,"Astrolabe":17,"Bag of Marbles":10,"Burning Blood":0,"Toy Ornithopter":9},{"Darkstone Periapt":5,"Astrolabe":10,"Bag of Marbles":7,"Burning Blood":0,"Toy Ornithopter":6},{"Darkstone Periapt":21,"Astrolabe":50,"Bag of Marbles":33,"Burning Blood":0,"Toy Ornithopter":25}],"Burning Blood":72,"Toy Ornithopter":5},"card_choices":[{"not_picked":["Searing Blow","Burning Pact"],"picked":"Evolve","floor":1},{"not_picked":["Disarm","Flex"],"picked":"Shrug It Off","floor":2},{"not_picked":["Battle Trance","Combust"],"picked":"Reckless Charge","floor":4},{"not_picked":["Intimidate","Flex"],"picked":"Rampage","floor":5},{"not_picked":["Fiend Fire","Blood for Blood"],"picked":"Shrug It Off","floor":6},{"not_picked":["Anger","Shrug It Off","Twin Strike"],"picked":"SKIP","floor":8},{"not_picked":["Anger","Twin Strike"],"picked":"Shrug It Off","floor":8},{"not_picked":["Shrug It Off","Rage"],"picked":"Headbutt","floor":10},{"not_picked":["Sword Boomerang","Intimidate"],"picked":"True Grit","floor":12},{"not_picked":["Clothesline","Whirlwind"],"picked":"Power Through","floor":14},{"not_picked":["Corruption","Offering"],"picked":"Barricade","floor":16},{"not_picked":["Evolve","Armaments"],"picked":"Seeing Red+1","floor":18},{"not_picked":["Twin Strike","Disarm"],"picked":"Second Wind","floor":19}],"player_experience":1081737,"relics_obtained":[{"floor":6,"key":"Darkstone Periapt"},{"floor":9,"key":"Toy Ornithopter"},{"floor":10,"key":"Bag of Marbles"}],"event_choices":[{"damage_healed":0,"gold_gain":0,"cards_transformed":["Strike_R"],"player_choice":"Change","damage_taken":0,"max_hp_gain":0,"max_hp_loss":0,"event_name":"Living Wall","floor":3,"gold_loss":0,"cards_obtained":["Berserk"]}],"is_beta":false,"boss_relics":[{"not_picked":["Ectoplasm","Runic Dome"],"picked":"Astrolabe"}],"items_purged_floors":[11],"is_endless":false,"potions_floor_spawned":[2,4,6,14],"killed_by":"Shelled Parasite and Fungi","ascension_level":16}}