{"host":"5ezk7t18wcb10u1o","time":1613987744,"event":{"mods":["BaseMod","Bestiary","Colored Powertips","Minty Spire (QoL Compilation)","Relic Sorter"],"gold_per_floor":[114,134,148,148,158,158,170,200,200,275,275,275,275,44,44,44,44],"floor_reached":16,"language":"ENG","playtime":680,"items_purged":["Bash"],"score":170,"play_id":"53d0eea2-000a-4447-879b-7a86468ee0dd","local_time":"20210222095544","is_ascension_mode":true,"campfire_choices":[{"data":"Body Slam","floor":6,"key":"SMITH"},{"floor":11,"key":"REST"},{"data":"Flame Barrier","floor":13,"key":"SMITH"},{"data":"Shockwave","floor":15,"key":"SMITH"}],"circlet_count":0,"master_deck":["AscendersBane","Strike_R","Strike_R","Strike_R","Strike_R","Strike_R","Defend_R","Defend_R","Defend_R","Defend_R","Headbutt","Shockwave","Body Slam+1","Cleave","Flame Barrier+1","Shockwave+1"],"relics":["Burning Blood","Toy Ornithopter","Lizard Tail","Potion Belt","Darkstone Periapt","ClockworkSouvenir"],"acts_visited":["Exordium"],"potions_floor_usage":[7,16],"damage_taken":[{"damage":6,"enemies":"Cultist","floor":1,"turns":4},{"damage":3,"enemies":"2 Louse","floor":2,"turns":3},{"damage":0,"enemies":"Small Slimes","floor":3,"turns":3},{"damage":25,"enemies":"3 Louse","floor":5,"turns":5},{"damage":25,"enemies":"Gremlin Gang","floor":7,"turns":4},{"damage":59,"enemies":"Lagavulin","floor":8,"turns":9},{"damage":0,"enemies":"The Guardian","floor":16,"turns":2}],"seed_played":"-5140146761533221569","potions_obtained":[{"floor":5,"key":"DistilledChaos"},{"floor":8,"key":"AttackPotion"}],"is_trial":false,"path_per_floor":["M","M","M","?","M","R","M","E","T","?","R","?","R","$","R","B"],"character_chosen":"IRONCLAD","items_purchased":["ClockworkSouvenir"],"campfire_rested":1,"item_purchase_floors":[14],"current_hp_per_floor":[68,71,75,75,56,56,42,43,43,32,54,54,54,54,54,54,54],"gold":44,"neow_bonus":"RANDOM_COMMON_RELIC","is_daily":false,"chose_seed":false,"campfire_upgraded":3,"win_rate":0.0,"timestamp":1613987744,"path_taken":["M","M","M","?","M","R","M","E","T","?","R","?","R","$","R","BOSS"],"items_purchased_type":["Relic"],"build_version":"2020-12-22","purchased_purges":1,"victory":false,"max_hp_per_floor":[75,75,75,75,75,75,75,75,75,75,75,75,75,75,75,75,75],"card_choices":[{"not_picked":["True Grit","Havoc"],"picked":"Headbutt","floor":1},{"not_picked":["Heavy Blade","Body Slam"],"picked":"Shockwave","floor":2},{"not_picked":["Anger","Perfected Strike"],"picked":"Body Slam","floor":3},{"not_picked":["Dropkick","Sever Soul"],"picked":"Cleave","floor":5},{"not_picked":["Iron Wave","Reckless Charge"],"picked":"Flame Barrier","floor":7},{"not_picked":["Clothesline","Bloodletting"],"picked":"Shockwave","floor":8}],"player_experience":1246717,"relics_obtained":[{"floor":8,"key":"Potion Belt"},{"floor":9,"key":"Darkstone Periapt"}],"event_choices":[{"damage_healed":0,"gold_gain":0,"player_choice":"Box","damage_taken":0,"relics_obtained":["Lizard Tail"],"max_hp_gain":0,"max_hp_loss":0,"event_name":"Big Fish","floor":4,"gold_loss":0,"cards_obtained":["Regret"]},{"damage_healed":0,"gold_gain":75,"player_choice":"Gather Gold","damage_taken":11,"max_hp_gain":0,"max_hp_loss":0,"event_name":"World of Goop","floor":10,"gold_loss":0},{"cards_removed":["Regret"],"damage_healed":0,"gold_gain":0,"player_choice":"Forget","damage_taken":0,"max_hp_gain":0,"max_hp_loss":0,"event_name":"Living Wall","floor":12,"gold_loss":0}],"is_beta":false,"boss_relics":[],"items_purged_floors":[14],"is_endless":false,"potions_floor_spawned":[5,8],"killed_by":"The Guardian","ascension_level":14}}