{"host":"xumidyqji6pg2yy3","time":1613982127,"event":{"mods":["ATMod(°¢èªMod)","Act Like it!","BaseMod","Colored Map","Gensokyo","Minty Spire (QoL Compilation)","MostiFishMod","Quick Restart","StSLib"],"gold_per_floor":[113,126,126,145,70,102,102,127,127,127,138,171,171,186,186,262,262,282,319,319,219,219,244,288,342,342,361,405,449,493,549,549,658,658,706,331,331,91,137,137,199,199,224,270,435,435,535,582,582,812,942,942,942,495,723,823],"floor_reached":57,"language":"ZHS","playtime":2917,"items_purged":["Defend_P","Defend_P","Defend_P","Doubt","Defend_P"],"score":3434,"play_id":"f46e8a41-6835-4bdc-90e2-e904a43129da","local_time":"20210222162207","daily_mods":["Heirloom"],"is_ascension_mode":true,"campfire_choices":[{"data":"Ragnarok","floor":7.0,"key":"SMITH"},{"data":"WheelKick","floor":13.0,"key":"SMITH"},{"data":"Wallop","floor":15.0,"key":"SMITH"},{"data":"Wish","floor":32.0,"key":"SMITH"},{"floor":40,"key":"RECALL"},{"data":"Strike_P","floor":46,"key":"SMITH"},{"data":"Strike_P","floor":49,"key":"SMITH"},{"data":"MostiFishMod:Nomercy","floor":53,"key":"SMITH"}],"circlet_count":0,"master_deck":["AscendersBane","Strike_P+1","Strike_P+1","Strike_P+1","Strike_P+1","Eruption+1","Vigilance+1","AT_Dispersion+1","WheelKick+1","Ragnarok+1","Wallop+1","Wish+1","MostiFishMod:OutWit+1","MostiFishMod:Nomercy+1","LessonLearned+1","Tantrum+1","Wallop+1","WheelKick+1","MostiFishMod:Speedup+1","Gensokyo:GreaterSplit+1","Gensokyo:MorningStar+1","AT_RealColorLess+1"],"relics":["Snecko Eye","AT_ATBox","DaveBox","MetatronsCube","HollowDreamFlower","SynthV:TestCard","Gensokyo:CelestialsFlawlessClothing","Anchor","Shuriken","AT_RedTearstoneRing","Pear","Regal Pillow","RhineSuit","Gensokyo:MosesMiracle","SentryEyes","Strawberry","Molten Egg 2","Juzu Bracelet","ChiXiaoBlade","Membership Card","Bottled Tornado","ThornShield","AT_TheCollector","TeardropLocket","Dodecahedron","Yang","AT_EbonyIvory","Sundial"],"acts_visited":["Exordium","Gensokyo:Gensokyo","Gensokyo:Gensokyoer","TheEnding"],"potions_floor_usage":[56],"damage_taken":[{"damage":0.0,"enemies":"Gensokyo:2_Kodama","floor":1.0,"turns":1.0},{"damage":0.0,"enemies":"Gensokyo:3_Fairies","floor":2.0,"turns":4.0},{"damage":0.0,"enemies":"Gensokyo:Gryphon","floor":4.0,"turns":2.0},{"damage":1.0,"enemies":"Gensokyo:Mamizou","floor":6.0,"turns":4.0},{"damage":0.0,"enemies":"Gensokyo:Cirno","floor":8.0,"turns":4.0},{"damage":0.0,"enemies":"Gensokyo:Python_and_Kodama","floor":11.0,"turns":2.0},{"damage":0.0,"enemies":"Gensokyo:Mamizou","floor":12.0,"turns":3.0},{"damage":0.0,"enemies":"Gensokyo:3_Kodama","floor":14.0,"turns":2.0},{"damage":0.0,"enemies":"Gensokyo:Reimu","floor":16.0,"turns":2.0},{"damage":0.0,"enemies":"Gensokyo:2_Gloops","floor":18.0,"turns":2.0},{"damage":0.0,"enemies":"Gensokyo:Chomper","floor":19.0,"turns":2.0},{"damage":0.0,"enemies":"Gensokyo:Koishi","floor":23.0,"turns":2.0},{"damage":0.0,"enemies":"Gensokyo:Swordslinger","floor":24.0,"turns":1.0},{"damage":0.0,"enemies":"Gensokyo:Reisen","floor":25.0,"turns":2.0},{"damage":0.0,"enemies":"Gensokyo:Slime_Group","floor":27.0,"turns":1.0},{"damage":0.0,"enemies":"Gensokyo:Chomper_and_Gloop","floor":28.0,"turns":2.0},{"damage":1.0,"enemies":"Gensokyo:Mirror_and_Dog","floor":29.0,"turns":2.0},{"damage":0.0,"enemies":"Gensokyo:3_Gloops","floor":30.0,"turns":2.0},{"damage":0.0,"enemies":"Gensokyo:Koishi","floor":31.0,"turns":2.0},{"damage":15.0,"enemies":"Gensokyo:Kaguya","floor":33.0,"turns":3.0},{"damage":3,"enemies":"Gensokyo:3_Bats","floor":35,"turns":2},{"damage":0,"enemies":"Gensokyo:3_Boulders","floor":39,"turns":2},{"damage":0,"enemies":"Gensokyo:Doremy","floor":41,"turns":2},{"damage":0,"enemies":"Gensokyo:AtlasGolem","floor":44,"turns":1},{"damage":0,"enemies":"Gensokyo:Kasen","floor":45,"turns":2},{"damage":0,"enemies":"Gensokyo:Kasen","floor":47,"turns":3},{"damage":0,"enemies":"Gensokyo:Dusk_and_Dawn","floor":48,"turns":2},{"damage":0,"enemies":"Gensokyo:Shinki","floor":50,"turns":3},{"damage":0,"enemies":"Gensokyo:Yuyuko","floor":51,"turns":2},{"damage":0,"enemies":"Shield and Spear","floor":55,"turns":1},{"damage":36,"enemies":"The Heart","floor":56,"turns":4}],"seed_played":"8916706993017797375","potions_obtained":[{"floor":1.0,"key":"Swift Potion"},{"floor":2.0,"key":"Strength Potion"},{"floor":28.0,"key":"PowerPotion"}],"is_trial":true,"path_per_floor":["M","M","?","M","$","E","R","E","T","?","M","E","R","M","R","B",null,"M","M","?","$","?","E","M","E","T","M","M","M","M","E","R","B",null,"M","$","?","$","M","R","E","?","T","M","E","R","?","M","R","B","B",null,"R","$","E","B",null],"character_chosen":"WATCHER","items_purchased":["Membership Card","Bottled Tornado","ThornShield","Dodecahedron","Yang","AT_EbonyIvory","AT_RealColorLess"],"campfire_rested":0,"item_purchase_floors":[36,36,38,54,54,54,54],"current_hp_per_floor":[65,68,48,52,52,55,55,59,59,49,53,57,57,61,61,65,75,78,78,78,78,78,78,78,85,85,85,85,84,85,85,85,70,81,82,82,82,82,85,85,85,85,85,85,85,85,85,85,85,85,85,85,85,85,85,49],"gold":823,"neow_bonus":"","is_daily":false,"chose_seed":false,"campfire_upgraded":7,"win_rate":0.0,"timestamp":1613982127,"path_taken":["M","M","?","M","$","E","R","E","T","?","M","E","R","M","R","BOSS","M","M","?","$","?","E","M","E","T","M","?","M","M","E","R","BOSS","M","$","?","$","M","R","E","?","T","M","E","R","?","M","R","BOSS","BOSS","R","$","E","BOSS"],"items_purchased_type":["Relic","Relic","Relic","Relic","Relic","Relic","Card"],"build_version":"2020-12-22","purchased_purges":5,"victory":true,"max_hp_per_floor":[68,68,68,68,68,68,68,68,68,78,78,78,78,78,78,78,78,78,78,78,78,78,78,78,85,85,85,85,85,85,85,85,85,85,85,85,85,85,85,85,85,85,85,85,85,85,85,85,85,85,85,85,85,85,85,85],"card_choices":[{"not_picked":["FollowUp","FlyingSleeves","ClearTheMind"],"picked":"SKIP","floor":1.0},{"not_picked":["FlyingSleeves","EmptyBody","JustLucky","ForeignInfluence"],"picked":"WheelKick","floor":2.0},{"not_picked":["JustLucky","BowlingBash","Protect","MentalFortress"],"picked":"Ragnarok","floor":4.0},{"not_picked":["Alpha","BowlingBash","Halt","FlurryOfBlows","Conclude"],"picked":"SKIP","floor":6.0},{"not_picked":["SandsOfTime","FlyingSleeves","FlurryOfBlows","DeceiveReality","Collect"],"picked":"SKIP","floor":8.0},{"not_picked":["Evaluate","ReachHeaven","FlurryOfBlows","MostiFishMod:PathToVictory","Vengeance"],"picked":"SKIP","floor":11.0},{"not_picked":["PathToVictory","Swivel","WindmillStrike","SignatureMove","FlyingSleeves"],"picked":"SKIP","floor":12.0},{"not_picked":["ThirdEye","Halt","ConjureBlade","FlurryOfBlows"],"picked":"Wallop","floor":14.0},{"not_picked":["DeusExMachina","AT_MachinaRedman","Judgement","MostiFishMod:Moonprays"],"picked":"Wish","floor":16.0},{"not_picked":["InnerPeace","MostiFishMod:PathToVictory","FearNoEvil","EmptyBody","Conclude"],"picked":"SKIP","floor":18.0},{"not_picked":["Protect","Halt","ClearTheMind","ReachHeaven","FollowUp"],"picked":"SKIP","floor":19.0},{"not_picked":["CutThroughFate","MostiFishMod:ScryFuture","FlurryOfBlows","Crescendo","FlyingSleeves"],"picked":"SKIP","floor":23.0},{"not_picked":["ReachHeaven+1","Protect","Prostrate","Evaluate"],"picked":"MostiFishMod:OutWit","floor":24.0},{"not_picked":["AT_DivineConfetti","Consecrate","Evaluate","CutThroughFate","SashWhip"],"picked":"SKIP","floor":25.0},{"not_picked":["EmptyFist+1","Crescendo+1","PathToVictory","ClearTheMind"],"picked":"MostiFishMod:Nomercy","floor":27.0},{"not_picked":["Crescendo","Meditate+1","AT_SoftenMuscles","JustLucky+1"],"picked":"LessonLearned+1","floor":28.0},{"not_picked":["SashWhip+1","FlyingSleeves+1","Protect","PathToVictory"],"picked":"Tantrum+1","floor":29.0},{"not_picked":["SashWhip+1","ThirdEye","Pray","EmptyMind"],"picked":"Wallop+1","floor":30.0},{"not_picked":["Worship","Crescendo","MostiFishMod:LegendTransform","CrushJoints+1"],"picked":"WheelKick+1","floor":31.0},{"not_picked":["MostiFishMod:Dust","MostiFishMod:Moonprays","Devotion","Establishment"],"picked":"DevaForm","floor":33.0},{"not_picked":["BowlingBash+1","Protect+1","Indignation","ReachHeaven+1"],"picked":"MostiFishMod:Speedup","floor":35},{"not_picked":["BowlingBash+1","SandsOfTime+1","PathToVictory","ThirdEye","MostiFishMod:FlowState"],"picked":"SKIP","floor":39},{"not_picked":["EmptyMind","DeceiveReality","ForeignInfluence","Crescendo","EmptyBody"],"picked":"SKIP","floor":41},{"not_picked":["PathToVictory+1","Crescendo","Consecrate+1","Protect","SashWhip+1"],"picked":"SKIP","floor":44},{"not_picked":["AT_MachinaRedman","BowlingBash+1","Meditate","EmptyFist+1","Prostrate+1"],"picked":"SKIP","floor":45},{"not_picked":["Gensokyo:RisingWorld+1","Gensokyo:HouraiInAPot+1"],"picked":"Gensokyo:MorningStar+1","floor":47},{"not_picked":["Conclude+1","JustLucky+1","Prostrate","MostiFishMod:Clarity","EmptyFist+1"],"picked":"SKIP","floor":48},{"not_picked":["CutThroughFate+1","FlurryOfBlows+1","EmptyFist+1","SashWhip+1","Crescendo"],"picked":"SKIP","floor":55}],"player_experience":89924,"relics_obtained":[{"floor":1.0,"key":"SynthV:TestCard"},{"floor":6.0,"key":"Anchor"},{"floor":8.0,"key":"Shuriken"},{"floor":9.0,"key":"AT_RedTearstoneRing"},{"floor":12.0,"key":"Regal Pillow"},{"floor":23.0,"key":"SentryEyes"},{"floor":25.0,"key":"Gensokyo:MosesMiracle"},{"floor":25.0,"key":"Strawberry"},{"floor":26.0,"key":"Molten Egg 2"},{"floor":31.0,"key":"Juzu Bracelet"},{"floor":41,"key":"AT_TheCollector"},{"floor":45,"key":"TeardropLocket"},{"floor":55,"key":"Sundial"}],"event_choices":[],"is_beta":false,"boss_relics":[{"not_picked":["FixedStarFall","BloodWine"],"picked":"RhineSuit"},{"not_picked":["Velvet Choker","MoonlightInvasionPlan"],"picked":"ChiXiaoBlade"}],"items_purged_floors":[5,21,36,38,54],"is_endless":false,"potions_floor_spawned":[1,2,6,16,19,28,29,39,44,48,55],"ascension_level":20}}