{"host":"x3tdtn2vw0frar62","time":1613965703,"event":{"mods":["100% Spire Juice","Aspiration","BaseMod","Better Note","Better Sensory Stone","Better Third Choice","BetterRewards","CatGirl Mod","Hermit","Hubris","LagranYue(???·?)","Marisa????????","Minty Spire (QoL Compilation)","Morshu Shopkeeper","Morshu Shopkeeper - ENHANCED","Practice Mode","Railgun Mod","Relic Stats","Reliquary","Remilia??????","Replay The Spire","Robot Space Explorer","Shade Mod","Shop Mod","Spicy Shops","Spire Arcade","StSLib","The Cursed","The Dragon Tamer","The Marked","The Runesmith","The Sage","The Senshi","The Servant 0.9.4"],"gold_per_floor":[210,229,229,239,88,122,122,152,152,163,63,63,76,76,76,172,172,191,191,66,86,86,86,86,86,113,113,113,142,156,96,96,196,196,208,233,288,31,48,48,198,229,297,297,297,122,151,151,151,151,151,151,6,39,39],"floor_reached":56,"language":"ENG","playtime":2984,"items_purged":["theSenshi:SailorBlock","theSenshi:SailorKick","theSenshi:SailorBlock","Shame","theSenshi:SailorKick"],"score":1191,"play_id":"2a99daeb-6678-4d60-ae74-00299278b2b0","local_time":"20210221224823","is_ascension_mode":true,"campfire_choices":[{"floor":7.0,"key":"REST"},{"data":"theSenshi:LateForSchool","floor":15,"key":"SMITH"},{"floor":23,"key":"REST"},{"floor":25,"key":"REST"},{"floor":27,"key":"RECALL"},{"floor":32,"key":"REST"},{"data":"theSenshi:MoonlightKnight","floor":40,"key":"SMITH"},{"floor":44,"key":"REST"},{"floor":49,"key":"REST"},{"data":"theSenshi:SailorKick","floor":52,"key":"SMITH"}],"circlet_count":0,"master_deck":["theSenshi:SailorKick+1","theSenshi:SailorBlock","theSenshi:SailorBlock","theSenshi:RoseThrow","theSenshi:MoonPrismPowerMakeUp","theSenshi:SupersonicWaves+1","theSenshi:LateForSchool+1","theSenshi:Overload+1","theSenshi:SchoolBag+1","theSenshi:MoonlightKnight+1","theSenshi:LateForSchool+1"],"relics":["theSenshi:TransformationBroochRelic","theSenshi:RedHairPiecesRelic","Bag of Marbles","Juzu Bracelet","hubris:Towel","ReplayTheSpireMod:DimensionalGlitch","Enchiridion","reliquary:Boomerang","Du-Vu Doll","Runic Pyramid","hubris:CuriousFeather","TungstenRod","hubris:MedicalManual","Replay:Accelerometer","reliquary:Sideboard","Meat on the Bone","DollysMirror","Snack Pack"],"acts_visited":["Exordium","TheCity","TheBeyond","TheEnding"],"potions_floor_usage":[13,16,16,18,30,37,42,55],"damage_taken":[{"damage":8.0,"enemies":"2 Louse","floor":1.0,"turns":4.0},{"damage":0.0,"enemies":"Cultist","floor":2.0,"turns":4.0},{"damage":2.0,"enemies":"Small Slimes","floor":4.0,"turns":3.0},{"damage":48.0,"enemies":"Gremlin Nob","floor":6.0,"turns":5.0},{"damage":11.0,"enemies":"Replay:BlueRogue","floor":8.0,"turns":6.0},{"damage":4.0,"enemies":"Blue Slaver","floor":10.0,"turns":5.0},{"damage":0,"enemies":"Large Slime","floor":13,"turns":3},{"damage":14,"enemies":"Hexaghost","floor":16,"turns":11},{"damage":12,"enemies":"2 Thieves","floor":18,"turns":3},{"damage":30,"enemies":"Spheric Guardian","floor":21,"turns":6},{"damage":33,"enemies":"Book of Stabbing","floor":29,"turns":6},{"damage":12,"enemies":"Snake Plant","floor":30,"turns":3},{"damage":15,"enemies":"Collector","floor":33,"turns":6},{"damage":24,"enemies":"3 Shapes","floor":35,"turns":3},{"damage":9,"enemies":"2 Orb Walkers","floor":37,"turns":2},{"damage":0,"enemies":"3 Darklings","floor":39,"turns":1},{"damage":0,"enemies":"R_Hoarder","floor":42,"turns":2},{"damage":0,"enemies":"Reptomancer","floor":47,"turns":1},{"damage":0,"enemies":"Replay:Hell Engine","floor":50,"turns":1},{"damage":0,"enemies":"Shield and Spear","floor":54,"turns":1},{"damage":58,"enemies":"The Heart","floor":55,"turns":3}],"seed_played":"-282312273601786641","potions_obtained":[{"floor":6.0,"key":"SpeedPotion"},{"floor":8.0,"key":"Doom Potion"},{"floor":10.0,"key":"BlessingOfTheForge"},{"floor":16,"key":"AttackPotion"},{"floor":29,"key":"ColorlessPotion"},{"floor":33,"key":"Weak Potion"},{"floor":37,"key":"LiquidMemories"},{"floor":54,"key":"Toxic Potion"}],"is_trial":false,"path_per_floor":["M","M","?","M","$","E","R","E","T","M","$","?","M","$","R","B",null,"M","?","$","M","?","R","?","R","T","R","$","E","M","?","R","B",null,"M","?","?","$","M","R","?","E","T","R","T","$","E","?","R","B",null,"R","$","E","B",null],"character_chosen":"THE_SENSHI","items_purchased":["theSenshi:RedHairPiecesRelic","theSenshi:SchoolBag+1","theSenshi:MoonlightKnight","DollysMirror"],"campfire_rested":6,"item_purchase_floors":[5,38,38,53],"current_hp_per_floor":[67,67,67,65,65,17,39,28,28,24,24,24,24,24,24,10,75,63,38,38,8,8,30,30,52,52,52,52,19,7,7,29,14,75,51,33,24,24,24,24,24,24,24,46,46,46,46,54,75,75,75,75,75,75,24],"gold":39,"neow_bonus":"HUNDRED_GOLD","is_daily":false,"chose_seed":false,"campfire_upgraded":3,"win_rate":0.0,"timestamp":1613965703,"path_taken":["M","M","?","M","$","E","R","E","T","M","?","?","M","$","R","BOSS","M","?","$","M","?","R","?","R","T","R","$","E","M","?","R","BOSS","M","?","?","$","M","R","?","E","T","R","?","$","E","?","R","BOSS","R","$","E","BOSS"],"items_purchased_type":["Relic","Card","Card","Relic"],"build_version":"2020-12-22","purchased_purges":5,"victory":true,"max_hp_per_floor":[75,75,75,75,75,75,75,75,75,75,75,75,75,75,75,75,75,75,75,75,75,75,75,75,75,75,75,75,75,75,75,75,75,75,75,75,75,75,75,75,75,75,75,75,75,75,75,75,75,75,75,75,75,75,75],"relic_stats":{"counters":[21,78],"Juzu Bracelet":2,"obtain_stats":[{"Replay:Accelerometer":43,"theSenshi:RedHairPiecesRelic":5,"reliquary:Boomerang":26,"reliquary:Sideboard":45,"Enchiridion":19,"hubris:MedicalManual":42,"Juzu Bracelet":8,"hubris:Towel":12,"Du-Vu Doll":29,"theSenshi:TransformationBroochRelic":0,"DollysMirror":53,"hubris:CuriousFeather":36,"Bag of Marbles":6,"Snack Pack":54,"ReplayTheSpireMod:DimensionalGlitch":17,"TungstenRod":37,"Runic Pyramid":34,"Meat on the Bone":47},{"Replay:Accelerometer":17,"theSenshi:RedHairPiecesRelic":3,"reliquary:Boomerang":10,"reliquary:Sideboard":17,"Enchiridion":9,"hubris:MedicalManual":17,"Juzu Bracelet":5,"hubris:Towel":6,"Du-Vu Doll":11,"theSenshi:TransformationBroochRelic":0,"DollysMirror":19,"hubris:CuriousFeather":14,"Bag of Marbles":4,"Snack Pack":20,"ReplayTheSpireMod:DimensionalGlitch":8,"TungstenRod":15,"Runic Pyramid":13,"Meat on the Bone":18},{"Replay:Accelerometer":72,"theSenshi:RedHairPiecesRelic":11,"reliquary:Boomerang":49,"reliquary:Sideboard":72,"Enchiridion":43,"hubris:MedicalManual":72,"Juzu Bracelet":22,"hubris:Towel":27,"Du-Vu Doll":55,"theSenshi:TransformationBroochRelic":0,"DollysMirror":74,"hubris:CuriousFeather":67,"Bag of Marbles":16,"Snack Pack":75,"ReplayTheSpireMod:DimensionalGlitch":40,"TungstenRod":69,"Runic Pyramid":64,"Meat on the Bone":73}],"TungstenRod":19,"Meat on the Bone":6},"card_choices":[{"not_picked":["theSenshi:SchoolBag","theSenshi:MoonPower"],"picked":"theSenshi:SupersonicWaves","floor":1.0},{"not_picked":["theSenshi:OdangoHead","theSenshi:SailorChibiMoonAssists"],"picked":"theSenshi:LateForSchool","floor":2.0},{"not_picked":["theSenshi:SailorMercuryAssists","theSenshi:SchoolBag","theSenshi:SupersonicWaves"],"picked":"SKIP","floor":4.0},{"not_picked":["theSenshi:MoonTiaraMagic","theSenshi:SailorCosmosAssists","theSenshi:GlimpseOfThePast"],"picked":"SKIP","floor":6.0},{"not_picked":["theSenshi:SupersonicWaves","theSenshi:MoonKick","theSenshi:MoonPunch"],"picked":"SKIP","floor":8.0},{"not_picked":["theSenshi:TuxedoSmokingBomber","theSenshi:EncouragingSpeech","theSenshi:TallSilhouette"],"picked":"SKIP","floor":10.0},{"not_picked":["theSenshi:SailorMercuryAssists","theSenshi:DramaticEntrance","theSenshi:MoonCosmicPowerMakeUp"],"picked":"SKIP","floor":13},{"not_picked":["theSenshi:MoonPower+1","theSenshi:LunasBite","theSenshi:SailorMarsAssists"],"picked":"SKIP","floor":18},{"not_picked":["theSenshi:MoonPower","theSenshi:MoonPunch","theSenshi:WarriorOfTheMoon"],"picked":"SKIP","floor":21},{"not_picked":["theSenshi:SupersonicWaves","theSenshi:DramaticEntrance","theSenshi:MoonTiaraMagic"],"picked":"SKIP","floor":29},{"not_picked":["theSenshi:MoonsReflection","theSenshi:MoonTwilightFlash"],"picked":"theSenshi:Overload+1","floor":30},{"not_picked":["theSenshi:MoonsReflection+1","theSenshi:TallSilhouette","theSenshi:Sidestep+1"],"picked":"SKIP","floor":35},{"not_picked":["theSenshi:MoonlightKnight","theSenshi:SailorMarsAssists","theSenshi:MoonPrincessHalation"],"picked":"SKIP","floor":39},{"not_picked":["theSenshi:MoonPower+1","theSenshi:SteeledNerves+1","theSenshi:LunasBite"],"picked":"SKIP","floor":42},{"not_picked":["theSenshi:MoonPower","theSenshi:MoonSpiralHeartAttack","theSenshi:JupitersPower"],"picked":"SKIP","floor":47},{"not_picked":["theSenshi:FatedKiss","theSenshi:DramaticEntrance+1","theSenshi:MoonTwilightFlash+1"],"picked":"SKIP","floor":54}],"player_experience":190250,"relics_obtained":[{"floor":6.0,"key":"Bag of Marbles"},{"floor":8.0,"key":"Juzu Bracelet"},{"floor":19,"key":"Enchiridion"},{"floor":26,"key":"reliquary:Boomerang"},{"floor":29,"key":"Du-Vu Doll"},{"floor":36,"key":"hubris:CuriousFeather"},{"floor":37,"key":"TungstenRod"},{"floor":42,"key":"hubris:MedicalManual"},{"floor":43,"key":"Replay:Accelerometer"},{"floor":45,"key":"reliquary:Sideboard"},{"floor":47,"key":"Meat on the Bone"},{"floor":54,"key":"Snack Pack"}],"event_choices":[{"cards_removed":["theSenshi:SailorKick"],"damage_healed":0.0,"max_hp_gain":0.0,"max_hp_loss":0.0,"gold_gain":0.0,"event_name":"Purifier","player_choice":"Purged","floor":3.0,"gold_loss":0.0,"damage_taken":0.0},{"damage_healed":0,"gold_gain":0,"player_choice":"Obtained Book","damage_taken":16,"max_hp_gain":0,"max_hp_loss":0,"event_name":"Cursed Tome","floor":19,"gold_loss":0},{"damage_healed":0,"gold_gain":0,"player_choice":"Fight","damage_taken":0,"max_hp_gain":0,"max_hp_loss":0,"event_name":"Mysterious Sphere","floor":37,"gold_loss":0}],"is_beta":false,"boss_relics":[{"not_picked":["aspiration:IroncladSkillbook","Ring of Chaos"],"picked":"ReplayTheSpireMod:DimensionalGlitch"},{"not_picked":["Replay:Grab Bag","aspiration:PoetsPen_weak"],"picked":"Runic Pyramid"}],"items_purged_floors":[5,11,20,38,46],"is_endless":false,"potions_floor_spawned":[6,8,10,16,29,33,37,54],"ascension_level":1}}