{"host":"o3b7ow6d1xe49css","time":1613994688,"event":{"mods":["Act Like it!","Aspiration","BaseMod","Bestiary","Better Altar","Better Match","Better Note","Better Sensory Stone","Better Skull","Better Third Choice","Colored Powertips","Conspire","Energized Spire","Force Act Four","GifTheSpireLib","Halation","Hermit","Hubris","Infinite Spire","Lobotomy","Minty Spire (QoL Compilation)","Quick Restart","Rare Cards Sparkle","Relic Filter Mod","Reliquary","Replay The Spire","Spicy Shops","Spikes Relics","StSLib","Stuff the Spire","The Blue Laboratory","The Hierophant","The Jungle","Wandering Minibosses"],"gold_per_floor":[110,126,140,140,140,140,170,197,197,28,106,206,206,220,220,296,296,315,274,274,284,284,284,26,26,26,26,26,26,26,36,36,73,73,878,878,895,306,47,77,77,107,107,107,142,142,142,157,157,232,303,303,303,17,49,49],"floor_reached":57,"language":"ENG","playtime":2938,"items_purged":["Strike_G","Strike_G","CommonCold","Defend_G"],"score":3084,"play_id":"aee54577-7f6c-42c3-9078-702caf274f36","local_time":"20210222025128","daily_mods":["Heirloom","Flight"],"is_ascension_mode":true,"campfire_choices":[{"data":"BlessedFruit","floor":6,"key":"SMITH"},{"floor":13,"key":"REST"},{"data":"conspire:PoisonWeapons","floor":15,"key":"SMITH"},{"floor":23,"key":"REST"},{"floor":25,"key":"REST"},{"data":"ReplayTheSpireMod:Scrap Shanks","floor":32,"key":"SMITH"},{"floor":41,"key":"RECALL"},{"data":"Wraith Form v2","floor":49,"key":"SMITH"},{"data":"Prepared","floor":49,"key":"SMITH"},{"data":"After Image","floor":53,"key":"SMITH"},{"data":"Accuracy","floor":53,"key":"SMITH"}],"circlet_count":0,"master_deck":["AscendersBane","Defend_G","Defend_G","Defend_G","Survivor","BlessedFruit","BlessedFruit+1","Acrobatics","StuffTheSpire:Incantation","UniverseFragment","Scorched","conspire:PoisonWeapons+1","ReplayTheSpireMod:From All Sides","Malaise","ReplayTheSpireMod:Scrap Shanks+1","Noxious Fumes+1","StuffTheSpire:Incantation+1","PiercingWail","Wraith Form v2+1","Prepared+1","conspire:DoublingDagger+1","Accuracy+1","infinitespire:Fortify","Replay:Bag of Tricks","ReplayTheSpireMod:Exploit Weakness","hubris:NaturalOne","After Image+1","Burst","Riddle With Holes"],"relics":["Ring of Chaos","HeavenlyBonsai","CogitoBucket","Ring of the Snake","StuffTheSpire:RedRose","reliquary:ExpiredCoupon","reliquary:RadioactivePellet","conspire:DeflatedDodgeball","Omamori","reliquary:BoilingFlask","SkinProphecy","energizedSpire:EnergizedDie","Bottled Flame","hubris:Icosahedron","Chameleon Ring","theJungle:PaperFaux","ResearcherNote","Kintsugi","wanderingMiniBosses:MasterThiefsPresence","hubris:Towel","ToxicTincture","halation:PenCase","reliquary:FingerTrap","Thread and Needle","Snack Pack","aspiration:HummingbirdHeart","Tingsha","Mummified Hand","Lee\u0027s Waffle","HoveringKite","Ring of Chaos","Toy Ornithopter"],"acts_visited":["Exordium","Exordium","TheBeyond","Exordium","TheEnding"],"potions_floor_usage":[7,19,27,35,35,42,45,51,56],"damage_taken":[{"damage":5,"enemies":"Jaw Worm","floor":1,"turns":6},{"damage":13,"enemies":"Small Slimes","floor":2,"turns":8},{"damage":1,"enemies":"conspire:RoseBush","floor":3,"turns":8},{"damage":15,"enemies":"3 Sentries","floor":7,"turns":4},{"damage":30,"enemies":"Lagavulin","floor":8,"turns":7},{"damage":0,"enemies":"Exordium Thugs","floor":14,"turns":1},{"damage":6,"enemies":"Hexaghost","floor":16,"turns":6},{"damage":3,"enemies":"theJungle:GiantWrat","floor":18,"turns":3},{"damage":26,"enemies":"theJungle:Flameango_and_Byrd","floor":19,"turns":7},{"damage":24,"enemies":"theJungle:Snecko_Cultist_And_Trap","floor":21,"turns":5},{"damage":32,"enemies":"theJungle:2_Phrogs","floor":27,"turns":5},{"damage":6,"enemies":"theJungle:SlimyTreeVines","floor":31,"turns":4},{"damage":20,"enemies":"theJungle:QueenSpyder","floor":33,"turns":9},{"damage":8,"enemies":"Orb Walker","floor":35,"turns":5},{"damage":0,"enemies":"3 Shapes","floor":37,"turns":1},{"damage":0,"enemies":"R_Hoarder","floor":40,"turns":10},{"damage":9,"enemies":"Nightmare","floor":42,"turns":6},{"damage":0,"enemies":"R_Hoarder","floor":44,"turns":7},{"damage":43,"enemies":"Giant Head","floor":45,"turns":8},{"damage":9,"enemies":"Writhing Mass","floor":48,"turns":9},{"damage":29,"enemies":"Donu and Deca","floor":50,"turns":9},{"damage":19,"enemies":"hubris:GrandSnecko","floor":51,"turns":4},{"damage":13,"enemies":"Shield and Spear","floor":55,"turns":5},{"damage":4,"enemies":"The Heart","floor":56,"turns":9}],"seed_played":"-4116600310563317851","potions_obtained":[{"floor":2,"key":"EssenceOfSteel"},{"floor":8,"key":"Elixir"},{"floor":14,"key":"Swift Potion"},{"floor":27,"key":"Swift Potion"},{"floor":33,"key":"CunningPotion"},{"floor":35,"key":"blueLaboratory:NullPotion"},{"floor":44,"key":"blueLaboratory:EnvenomedCoating"},{"floor":48,"key":"blueLaboratory:ArtificerPotion"},{"floor":50,"key":"SteroidPotion"}],"is_trial":true,"path_per_floor":["M","M","M","?","?","R","E","E","T","$","T","?","R","M","R","B",null,"M","M","?","M","?","R","$","R","T","E","?","AVR","?","M","R","B",null,"M","?","M","$","$","E","R","NM","T","E","E","?","AVR","M","R","B","B",null,"R","$","E","B",null],"character_chosen":"THE_SILENT","items_purchased":["Omamori","Noxious Fumes+1","SteroidPotion","ToxicTincture","halation:PenCase","reliquary:FingerTrap","Accuracy","PowerPotion","Burst","Riddle With Holes"],"campfire_rested":3,"item_purchase_floors":[10,24,24,38,38,39,39,39,54,54],"current_hp_per_floor":[56,45,46,46,46,46,34,7,7,7,7,7,30,30,30,23,68,64,42,42,17,17,47,47,77,77,44,44,44,44,109,109,88,112,103,103,99,99,99,98,98,88,88,93,53,53,154,152,152,126,115,167,167,167,155,157],"gold":49,"neow_bonus":"","is_daily":false,"chose_seed":false,"campfire_upgraded":7,"win_rate":0.0,"timestamp":1613994688,"path_taken":["M","M","M","?","?","R","E","E","T","$","?","?","R","M","R","BOSS","M","M","?","?","?","R","$","R","T","E","?","AVR","?","?","R","BOSS","M","?","M","$","$","E","R","NM","T","E","E","?","AVR","?","R","BOSS","BOSS","R","$","E","BOSS"],"items_purchased_type":["Relic","Card","Potion","Relic","Relic","Relic","Card","Potion","Card","Card"],"build_version":"2020-12-22","purchased_purges":4,"victory":true,"max_hp_per_floor":[68,70,72,72,72,72,75,78,78,78,78,78,78,78,78,83,83,88,98,98,103,103,103,103,103,103,108,108,108,108,115,115,120,120,125,125,127,127,127,132,132,137,137,142,147,147,154,161,161,166,170,170,170,170,175,180],"card_choices":[{"not_picked":["Hidden Blade","Skewer"],"picked":"Acrobatics","floor":1},{"not_picked":["CherryBlossoms","QueenBee","Porccubus"],"picked":"Singing Bowl","floor":1},{"not_picked":["Riddle With Holes","StuffTheSpire:ClusterCrunch"],"picked":"StuffTheSpire:Incantation","floor":2},{"not_picked":["WallGazer","CrumblingArmor","CherryBlossoms"],"picked":"Singing Bowl","floor":2},{"not_picked":["Murderer","OldLady"],"picked":"UniverseFragment","floor":2},{"not_picked":["BeautyBeast","Freischutz"],"picked":"Scorched","floor":3},{"not_picked":["Predator","ReplayTheSpireMod:Tripwire","Acrobatics"],"picked":"SKIP","floor":3},{"not_picked":["StuffTheSpire:BumpUp","Backflip"],"picked":"conspire:PoisonWeapons","floor":7},{"not_picked":["FairyFestival","VoidDream","PunishingBird"],"picked":"Singing Bowl","floor":7},{"not_picked":["Murderer","Wellcheers","CherryBlossoms"],"picked":"Singing Bowl","floor":8},{"not_picked":["Poisoned Stab","Slice","Replay:Poison Smokescreen"],"picked":"SKIP","floor":8},{"not_picked":["Bane","StuffTheSpire:ClusterCrunch"],"picked":"Cloak And Dagger","floor":14},{"not_picked":["Die Die Die","StuffTheSpire:FinalStruggle"],"picked":"ReplayTheSpireMod:From All Sides","floor":16},{"not_picked":["StuffTheSpire:Python","Outmaneuver+1","Flying Knee"],"picked":"SKIP","floor":18},{"not_picked":["StuffTheSpire:BumpUp","StuffTheSpire:Injection"],"picked":"Malaise","floor":19},{"not_picked":["Prepared","Hidden Blade"],"picked":"ReplayTheSpireMod:Scrap Shanks","floor":21},{"not_picked":["Concentrate","StuffTheSpire:Python"],"picked":"StuffTheSpire:Incantation+1","floor":27},{"not_picked":["Deflect+1","Setup"],"picked":"PiercingWail","floor":31},{"not_picked":["Bullet Time","Poison Darts"],"picked":"Wraith Form v2","floor":33},{"not_picked":["hubris:Sniper+1","Deadly Poison"],"picked":"Prepared","floor":35},{"not_picked":["Toxin Wave","ReplayTheSpireMod:The Works"],"picked":"conspire:DoublingDagger+1","floor":37},{"not_picked":["Underhanded Strike","Dagger Spray","StuffTheSpire:ClusterCrunch"],"picked":"SKIP","floor":40},{"not_picked":["WhiteNight","Funeral","SnowQueen"],"picked":"Singing Bowl","floor":40},{"not_picked":["Underhanded Strike","Dagger Spray","StuffTheSpire:ClusterCrunch"],"picked":"SKIP","floor":40},{"not_picked":["ReplayTheSpireMod:Chaos Vortex","infinitespire:Oblivion"],"picked":"infinitespire:Fortify","floor":42},{"not_picked":["ReplayTheSpireMod:Tripwire","StuffTheSpire:ReptileScales","Leg Sweep"],"picked":"SKIP","floor":42},{"not_picked":["LittleHelper","OldLady","GreedKing"],"picked":"Singing Bowl","floor":42},{"not_picked":["ReplayTheSpireMod:Tripwire","StuffTheSpire:ReptileScales","Leg Sweep"],"picked":"SKIP","floor":42},{"not_picked":["StuffTheSpire:Injection+1","Slice","Sneak Up"],"picked":"SKIP","floor":44},{"not_picked":["Laetitia","OldLady","LittleHelper"],"picked":"Singing Bowl","floor":45},{"not_picked":["ReplayTheSpireMod:Tripwire+1","Dodge and Roll","StuffTheSpire:BumpUp"],"picked":"SKIP","floor":45},{"not_picked":["MeltingLove","QueenBee","BlackArmy"],"picked":"Singing Bowl","floor":48},{"not_picked":["Deflect+1","ReplayTheSpireMod:Exploit Weakness","Slice"],"picked":"SKIP","floor":48},{"not_picked":["Deflect+1","Slice"],"picked":"ReplayTheSpireMod:Exploit Weakness","floor":48},{"not_picked":["A Thousand Cuts","ReplayTheSpireMod:From All Sides"],"picked":"After Image","floor":51},{"not_picked":["BigBadWolf","LittleHelper","LaLuna"],"picked":"Singing Bowl","floor":51},{"not_picked":["BlueStar","SnowQueen","WhiteNight"],"picked":"Singing Bowl","floor":55},{"not_picked":["Bane","Slice","Dodge and Roll+1"],"picked":"SKIP","floor":55}],"player_experience":1455864,"relics_obtained":[{"floor":7,"key":"reliquary:ExpiredCoupon"},{"floor":8,"key":"reliquary:RadioactivePellet"},{"floor":9,"key":"conspire:DeflatedDodgeball"},{"floor":11,"key":"reliquary:BoilingFlask"},{"floor":27,"key":"Bottled Flame"},{"floor":35,"key":"wanderingMiniBosses:MasterThiefsPresence"},{"floor":40,"key":"Thread and Needle"},{"floor":42,"key":"Snack Pack"},{"floor":43,"key":"aspiration:HummingbirdHeart"},{"floor":44,"key":"Tingsha"},{"floor":45,"key":"Mummified Hand"},{"floor":55,"key":"Toy Ornithopter"}],"event_choices":[{"damage_healed":0,"gold_gain":100,"player_choice":"Gold","damage_taken":0,"max_hp_gain":0,"max_hp_loss":0,"event_name":"Wheel of Change","floor":12,"gold_loss":0},{"cards_removed":["Regret"],"damage_healed":0,"gold_gain":0,"player_choice":"Removed Curses","damage_taken":0,"max_hp_gain":0,"max_hp_loss":0,"event_name":"Fountain of Cleansing","floor":20,"gold_loss":0},{"damage_healed":0,"gold_gain":0,"cards_transformed":["Defend_G"],"player_choice":"Transformed","damage_taken":0,"max_hp_gain":0,"max_hp_loss":0,"event_name":"Transmorgrifier","floor":46,"gold_loss":0,"cards_obtained":["Replay:Bag of Tricks"]}],"is_beta":false,"boss_relics":[{"not_picked":["energizedSpire:HugeHouse","Philosopher\u0027s Stone"],"picked":"energizedSpire:EnergizedDie"},{"not_picked":["hubris:Stopwatch","ChewingGum"],"picked":"Kintsugi"},{"not_picked":["conspire:SlowCooker","halation:PlatinumPhoenix"],"picked":"HoveringKite"}],"items_purged_floors":[24,29,38,47],"is_endless":true,"potions_floor_spawned":[2,8,14,18,27,31,33,35,40,44,48,50,56],"ascension_level":20}}