{"host":"or8fr2mp0k3eluj8","time":1613979147,"event":{"mods":["AchievementEnabler","BaseMod","Colored Map","DeckTracker","Keyboard Shortcuts","Minty Spire (QoL Compilation)","StSLib","SuperFastMode","everything is the same but u backflip on backflip"],"gold_per_floor":[111,61,74,74,149,177,195,272,299,224,240,240,140,140,140,240,240,253,253,30,46,46,46,46,61,61,61,22,33,48,63,63,63,63],"floor_reached":33,"language":"KOR","playtime":753,"items_purged":["Strike_G","Defend_G"],"score":338,"play_id":"067c4380-5709-482d-aa03-584bafe35547","local_time":"20210222163227","is_ascension_mode":true,"campfire_choices":[{"data":"Neutralize","floor":12.0,"key":"SMITH"},{"data":"Strike_G","floor":15.0,"key":"SMITH"},{"floor":23,"key":"REST"},{"floor":32,"key":"REST"}],"circlet_count":0,"master_deck":["Strike_G+1","Defend_G+1","Defend_G+1","Survivor","Neutralize+1","Storm of Steel+1","Backflip+1","Catalyst+1","RitualDagger","Adrenaline","Well Laid Plans","Backstab","Cloak And Dagger+1"],"relics":["Ring of the Snake","NeowsBlessing","War Paint","Ninja Scroll","Boot","Astrolabe","Toxic Egg 2"],"acts_visited":["Exordium","TheCity"],"potions_floor_usage":[16,16,33,33,33],"damage_taken":[{"damage":0.0,"enemies":"Cultist","floor":1.0,"turns":1.0},{"damage":0.0,"enemies":"Small Slimes","floor":3.0,"turns":1.0},{"damage":0.0,"enemies":"3 Sentries","floor":6.0,"turns":1.0},{"damage":4.0,"enemies":"Jaw Worm","floor":7.0,"turns":5.0},{"damage":0.0,"enemies":"Looter","floor":11.0,"turns":3.0},{"damage":54,"enemies":"Slime Boss","floor":16,"turns":19},{"damage":9,"enemies":"Chosen","floor":18,"turns":4},{"damage":14,"enemies":"2 Thieves","floor":21,"turns":4},{"damage":3,"enemies":"Shelled Parasite and Fungi","floor":25,"turns":7},{"damage":7,"enemies":"Centurion and Healer","floor":29,"turns":5},{"damage":12,"enemies":"3 Cultists","floor":30,"turns":7},{"damage":2,"enemies":"Snake Plant","floor":31,"turns":3},{"damage":39,"enemies":"Collector","floor":33,"turns":8}],"seed_played":"2577524353301100264","potions_obtained":[{"floor":3.0,"key":"Strength Potion"},{"floor":7.0,"key":"DistilledChaos"},{"floor":16,"key":"SpeedPotion"},{"floor":25,"key":"Swift Potion"},{"floor":29,"key":"SkillPotion"}],"is_trial":false,"path_per_floor":["M","?","M","?","?","E","M","T","T","$","M","R","$","?","R","B",null,"M","?","$","M","?","R","?","M","T","?","$","M","M","M","R","B"],"character_chosen":"THE_SILENT","items_purchased":["Adrenaline","Well Laid Plans","Backstab"],"campfire_rested":2,"item_purchase_floors":[20,20,28],"current_hp_per_floor":[70,70,70,70,59,59,55,55,55,55,55,55,55,60,60,6,58,49,43,43,29,29,51,51,48,48,48,48,41,29,27,49,10,10],"gold":63,"neow_bonus":"THREE_ENEMY_KILL","is_daily":false,"chose_seed":false,"campfire_upgraded":2,"win_rate":0.0,"timestamp":1613979147,"path_taken":["M","?","M","?","?","E","M","?","T","$","?","R","$","?","R","BOSS","M","?","$","M","?","R","?","M","T","?","$","M","?","?","R","BOSS"],"items_purchased_type":["Card","Card","Card"],"build_version":"2020-12-22","purchased_purges":2,"victory":false,"max_hp_per_floor":[70,70,70,70,70,70,70,70,70,70,70,70,70,75,75,75,75,75,75,75,75,75,75,75,75,75,75,75,75,75,75,75,75,75],"card_choices":[{"not_picked":["Underhanded Strike","Setup","Dodge and Roll"],"picked":"SKIP","floor":1.0},{"not_picked":["Poisoned Stab","Caltrops","Accuracy"],"picked":"SKIP","floor":3.0},{"not_picked":["Flying Knee","Underhanded Strike","Crippling Poison"],"picked":"SKIP","floor":6.0},{"not_picked":["Deflect","Outmaneuver","Deadly Poison"],"picked":"SKIP","floor":7.0},{"not_picked":["Deflect","Cloak And Dagger","Predator"],"picked":"SKIP","floor":11.0},{"not_picked":["Dagger Spray+1","Slice+1","Deadly Poison+1"],"picked":"SKIP","floor":18},{"not_picked":["Quick Slash","Dagger Spray+1","Calculated Gamble"],"picked":"SKIP","floor":21},{"not_picked":["Concentrate","Deadly Poison","Expertise"],"picked":"SKIP","floor":25},{"not_picked":["Unload","Dagger Throw"],"picked":"Cloak And Dagger+1","floor":29},{"not_picked":["Sucker Punch","All Out Attack+1","Blade Dance+1"],"picked":"SKIP","floor":30},{"not_picked":["Dagger Throw","Blade Dance+1","Dash"],"picked":"SKIP","floor":31}],"player_experience":440324,"relics_obtained":[{"floor":6.0,"key":"War Paint"},{"floor":8.0,"key":"Ninja Scroll"},{"floor":9.0,"key":"Boot"},{"floor":26,"key":"Toxic Egg 2"}],"event_choices":[{"cards_removed":["Strike_G"],"damage_healed":0.0,"max_hp_gain":0.0,"max_hp_loss":0.0,"gold_gain":0.0,"event_name":"The Cleric","player_choice":"Card Removal","floor":2.0,"gold_loss":50.0,"damage_taken":0.0},{"damage_healed":0.0,"max_hp_gain":0.0,"max_hp_loss":0.0,"gold_gain":0.0,"event_name":"Liars Game","player_choice":"Ignored","floor":4.0,"gold_loss":0.0,"damage_taken":0.0},{"damage_healed":0.0,"max_hp_gain":0.0,"max_hp_loss":0.0,"gold_gain":75.0,"event_name":"World of Goop","player_choice":"Gather Gold","floor":5.0,"gold_loss":0.0,"damage_taken":11.0},{"damage_healed":0.0,"max_hp_gain":5.0,"max_hp_loss":0.0,"gold_gain":0.0,"event_name":"Big Fish","player_choice":"Donut","floor":14.0,"gold_loss":0.0,"damage_taken":0.0},{"damage_healed":0,"gold_gain":0,"player_choice":"Joined the Cult","damage_taken":6,"max_hp_gain":0,"max_hp_loss":0,"event_name":"Nest","floor":19,"gold_loss":0,"cards_obtained":["RitualDagger"]},{"damage_healed":0,"gold_gain":0,"player_choice":"Ignored","damage_taken":0,"max_hp_gain":0,"max_hp_loss":0,"event_name":"Cursed Tome","floor":22,"gold_loss":0},{"damage_healed":0,"gold_gain":0,"player_choice":"Ignored","damage_taken":0,"max_hp_gain":0,"max_hp_loss":0,"event_name":"Ghosts","floor":24,"gold_loss":0},{"cards_removed":["Strike_G"],"damage_healed":0,"gold_gain":0,"player_choice":"Purged","damage_taken":0,"max_hp_gain":0,"max_hp_loss":0,"event_name":"Purifier","floor":27,"gold_loss":0}],"is_beta":false,"boss_relics":[{"not_picked":["WristBlade","Runic Dome"],"picked":"Astrolabe"}],"items_purged_floors":[10,13],"is_endless":false,"potions_floor_spawned":[3,7,16,25,29,30,31],"killed_by":"Collector","ascension_level":5}}