{"host":"31srvgftwd43oumg","time":1613954467,"event":{"mods":["BaseMod","BetterRewards","Card Forge","Downfall","Hubris","Infinite Spire","Koishi","Luminous","Marisa????????","Minty Spire (QoL Compilation)","Remilia??????","Replay The Spire","Shop Mod","StSLib","The Bug Knight","The Cursed","The Death Knight","The Exalted","The Hierophant","The Mystic","The Necromancer"],"gold_per_floor":[156,156,156,156,204,249,294,372,396,450,450,91,148,184,184,478,478,535,90,90,141,195,291,345,399,399,399,447,495,528,618,618,906,906,954,954,1005,1044,1086,1086,1164,1200,1200,1200,1245,1293,632,770,770,770],"floor_reached":51,"language":"ENG","playtime":1982,"items_purged":[],"score":1054,"play_id":"0f1785a8-3b36-491e-b753-7aa5b4f24da5","local_time":"20210221184107","daily_mods":["SealedDeck","Heirloom","Midas"],"is_ascension_mode":false,"campfire_choices":[{"floor":11.0,"key":"REST"},{"floor":15.0,"key":"REST"},{"floor":27,"key":"REST"},{"floor":32,"key":"DIG"},{"floor":40,"key":"REST"},{"floor":49,"key":"REST"}],"circlet_count":0,"master_deck":["Backflip+1","Deflect","Slice+1","Sucker Punch","Sucker Punch+1","Quick Slash","Backstab","Caltrops+1","Dash+1","Poisoned Stab","Skewer+1","Footwork+1","Adrenaline+1","Backstab","Backstab+1","Envenom","Terror+1","Footwork","Adrenaline+1","Blur+1","Infinite Blades+1","Fluid Movement+1","Panache","Deflect+1"],"relics":["Ring of the Snake","Hammer of Thor","Seething Fire","Anvil of the Gods","Du-Vu Doll","hubris:Towel","Oddly Smooth Stone","hubris:Potato","Bag of Marbles","Whetstone","Sling","Fusion Hammer","CaptainsWheel","HollowMod:JonisBlessing","Meat on the Bone","Snack Pack","Gremlin Horn","HollowMod:LifeEnderRelic","sneckomod:SneckoTalon","infinitespire:Satchel","Garlic","Strawberry","hubris:EmptyBottle","Juzu Bracelet","champ:DeflectingBracers"],"acts_visited":["Exordium","TheCity","TheBeyond"],"potions_floor_usage":[50,50,50,50,50,50],"damage_taken":[{"damage":0.0,"enemies":"Jaw Worm","floor":1.0,"turns":2.0},{"damage":0.0,"enemies":"2 Louse","floor":5.0,"turns":1.0},{"damage":0.0,"enemies":"Small Slimes","floor":6.0,"turns":2.0},{"damage":0.0,"enemies":"3 Louse","floor":7.0,"turns":2.0},{"damage":0.0,"enemies":"Replay:BlueRogue","floor":8.0,"turns":4.0},{"damage":0.0,"enemies":"Lots of Slimes","floor":10.0,"turns":3.0},{"damage":1.0,"enemies":"2 Fungi Beasts","floor":13.0,"turns":2.0},{"damage":0.0,"enemies":"Exordium Wildlife","floor":14.0,"turns":3.0},{"damage":0.0,"enemies":"The Guardian","floor":16.0,"turns":8.0},{"damage":0,"enemies":"Shell Parasite","floor":18,"turns":3},{"damage":0,"enemies":"2 Thieves","floor":21,"turns":3},{"damage":0,"enemies":"Snecko","floor":22,"turns":2},{"damage":0,"enemies":"HollowMod:Nosk","floor":23,"turns":4},{"damage":0,"enemies":"Sentry and Sphere","floor":24,"turns":3},{"damage":0,"enemies":"Snake Plant","floor":25,"turns":1},{"damage":0,"enemies":"Cultist and Chosen","floor":28,"turns":3},{"damage":0,"enemies":"Centurion and Healer","floor":29,"turns":3},{"damage":0,"enemies":"Snake Plant","floor":30,"turns":2},{"damage":0,"enemies":"Gremlin Leader","floor":31,"turns":3},{"damage":1,"enemies":"Automaton","floor":33,"turns":9},{"damage":0,"enemies":"3 Shapes","floor":35,"turns":1},{"damage":0,"enemies":"3 Darklings","floor":37,"turns":3},{"damage":0,"enemies":"Writhing Mass","floor":38,"turns":3},{"damage":0,"enemies":"4 Shapes","floor":39,"turns":2},{"damage":0,"enemies":"R_Hoarder","floor":41,"turns":4},{"damage":0,"enemies":"3 Darklings","floor":42,"turns":2},{"damage":0,"enemies":"Sphere and 2 Shapes","floor":45,"turns":4},{"damage":0,"enemies":"Maw","floor":46,"turns":5},{"damage":0,"enemies":"2 Orb Walkers","floor":48,"turns":3},{"damage":0,"enemies":"Time Eater","floor":50,"turns":7}],"seed_played":"-7092542668987771921","potions_obtained":[{"floor":1.0,"key":"Doom Potion"},{"floor":5.0,"key":"Dexterity Potion"},{"floor":6.0,"key":"Poison Potion"},{"floor":13.0,"key":"Adrenaline Potion"}],"is_trial":true,"path_per_floor":["M","?","?","?","M","M","M","E","T","M","R","$","M","M","R","B",null,"M","$","?","M","M","E","M","M","T","R","M","M","M","E","R","B",null,"M","?","M","M","M","R","E","M","T","?","M","M","$","?","R","B",null],"character_chosen":"THE_SILENT","items_purchased":["Whetstone","Footwork+1","Sling","CaptainsWheel","HollowMod:JonisBlessing","Strawberry","Fluid Movement+1","hubris:EmptyBottle","Panache","Juzu Bracelet"],"campfire_rested":5,"item_purchase_floors":[12,12,12,19,19,47,47,47,47,47],"current_hp_per_floor":[70,70,70,70,70,70,70,70,70,70,70,70,69,69,70,70,70,70,70,70,70,70,70,70,70,70,70,70,70,70,70,70,69,70,70,70,70,70,70,70,70,70,70,70,70,70,77,77,77,77],"gold":770,"neow_bonus":"","is_daily":false,"chose_seed":false,"campfire_upgraded":0,"win_rate":0.0,"timestamp":1613954467,"path_taken":["M","?","?","?","M","M","M","E","T","M","R","$","?","M","R","BOSS","M","$","?","M","M","E","M","M","T","R","M","M","?","E","R","BOSS","M","?","M","M","M","R","E","M","T","?","M","?","$","?","R","BOSS"],"items_purchased_type":["Relic","Card","Relic","Relic","Relic","Relic","Card","Relic","Card","Relic"],"build_version":"2020-12-22","purchased_purges":0,"victory":true,"max_hp_per_floor":[70,70,70,70,70,70,70,70,70,70,70,70,70,70,70,70,70,70,70,70,70,70,70,70,70,70,70,70,70,70,70,70,70,70,70,70,70,70,70,70,70,70,70,70,70,70,77,77,77,77],"card_choices":[{"not_picked":["Dodge and Roll","Blade Dance","ReplayTheSpireMod:Scrap Shanks"],"picked":"SKIP","floor":1.0},{"not_picked":["Deflect","Toxin Wave","Tactician"],"picked":"SKIP","floor":5.0},{"not_picked":["Cloak And Dagger","ReplayTheSpireMod:Tripwire","Eviscerate"],"picked":"SKIP","floor":6.0},{"not_picked":["hubris:SlightOfHand","Acrobatics","Deflect"],"picked":"SKIP","floor":7.0},{"not_picked":["Dash","Predator"],"picked":"Skewer","floor":8.0},{"not_picked":["ReplayTheSpireMod:Speed Training","Slice","A Thousand Cuts"],"picked":"SKIP","floor":10.0},{"not_picked":["ReplayTheSpireMod:Exploit Weakness","Deflect"],"picked":"Caltrops","floor":13.0},{"not_picked":["Dagger Throw","Toxin Wave","ReplayTheSpireMod:Scrap Shanks"],"picked":"SKIP","floor":14.0},{"not_picked":["ReplayTheSpireMod:Necrosis","Grand Finale"],"picked":"Adrenaline","floor":16.0},{"not_picked":["hubris:SlightOfHand","Blade Dance+1","ReplayTheSpireMod:Scrap Shanks"],"picked":"SKIP","floor":18},{"not_picked":["Flechettes","Backflip","Deflect"],"picked":"SKIP","floor":21},{"not_picked":["Prepared","Calculated Gamble","Bane"],"picked":"SKIP","floor":22},{"not_picked":["Deadly Poison","Eviscerate","Finisher"],"picked":"SKIP","floor":23},{"not_picked":["Quick Slash","Riddle With Holes"],"picked":"Backstab","floor":24},{"not_picked":["Poisoned Stab","Grand Finale","Backflip"],"picked":"SKIP","floor":25},{"not_picked":["PiercingWail","Cloak And Dagger","Acrobatics"],"picked":"SKIP","floor":28},{"not_picked":["Bouncing Flask+1","Sneak Up","Expertise"],"picked":"SKIP","floor":29},{"not_picked":["Underhanded Strike","Prepared","Well Laid Plans"],"picked":"SKIP","floor":30},{"not_picked":["Reflex+1","All Out Attack+1"],"picked":"Backstab+1","floor":31},{"not_picked":["ReplayTheSpireMod:Necrosis","Glass Knife"],"picked":"Envenom","floor":33},{"not_picked":["Finisher+1","Dodge and Roll"],"picked":"Terror+1","floor":35},{"not_picked":["Heel Hook+1","Quick Slash+1"],"picked":"Footwork","floor":37},{"not_picked":["Predator","Blade Dance"],"picked":"Adrenaline","floor":38},{"not_picked":["hubris:Counter+1","hubris:TrickCloak"],"picked":"Blur+1","floor":39},{"not_picked":["Dagger Spray","Deadly Poison"],"picked":"Infinite Blades+1","floor":41},{"not_picked":["Leg Sweep+1","Distraction+1","Catalyst"],"picked":"SKIP","floor":42},{"not_picked":["PiercingWail+1","Replay:Poison Smokescreen+1","Leg Sweep"],"picked":"SKIP","floor":45},{"not_picked":["PiercingWail+1","ReplayTheSpireMod:Tripwire+1","Dodge and Roll+1"],"picked":"SKIP","floor":46},{"not_picked":["Choke","Tactician"],"picked":"Deflect+1","floor":48}],"player_experience":1038496,"relics_obtained":[{"floor":8.0,"key":"hubris:Potato"},{"floor":9.0,"key":"Bag of Marbles"},{"floor":23,"key":"Meat on the Bone"},{"floor":26,"key":"Snack Pack"},{"floor":31,"key":"Gremlin Horn"},{"floor":32,"key":"HollowMod:LifeEnderRelic"},{"floor":41,"key":"infinitespire:Satchel"},{"floor":43,"key":"Garlic"},{"floor":48,"key":"champ:DeflectingBracers"}],"event_choices":[{"damage_healed":0.0,"max_hp_gain":0.0,"max_hp_loss":0.0,"gold_gain":0.0,"event_name":"WeMeetAgain","player_choice":"Gave Potion","floor":4.0,"gold_loss":0.0,"damage_taken":0.0,"relics_obtained":["Oddly Smooth Stone"]},{"damage_healed":0,"gold_gain":0,"player_choice":"0 cards matched","damage_taken":0,"max_hp_gain":0,"max_hp_loss":0,"event_name":"Match and Keep!","floor":20,"gold_loss":0,"cards_obtained":[]},{"cards_removed":["Caltrops"],"damage_healed":0,"gold_gain":0,"player_choice":"Removed Power","damage_taken":0,"max_hp_gain":0,"max_hp_loss":0,"event_name":"Falling","floor":36,"gold_loss":0},{"damage_healed":0,"gold_gain":0,"player_choice":"Forge","damage_taken":0,"max_hp_gain":0,"max_hp_loss":0,"event_name":"Accursed Blacksmith","floor":44,"gold_loss":0,"cards_upgraded":["Adrenaline"]},{"damage_healed":0,"gold_gain":0,"player_choice":"Fight","damage_taken":0,"max_hp_gain":0,"max_hp_loss":0,"event_name":"Mysterious Sphere","floor":48,"gold_loss":0}],"is_beta":false,"boss_relics":[{"not_picked":["Replay:Ancient Bell","Astrolabe"],"picked":"Fusion Hammer"},{"not_picked":["hubris:BlackHole","Replay:Drink Me"],"picked":"sneckomod:SneckoTalon"}],"items_purged_floors":[],"is_endless":false,"potions_floor_spawned":[1,5,6,13,16,23,25,29,30,31,33,35,42,45,46],"ascension_level":0}}