{"host":"f5n4tidiz2n5sooh","time":1613983303,"event":{"mods":["BaseMod","Colored Map","Minty Spire (QoL Compilation)","Relic Stats","StSLib"],"gold_per_floor":[115,133,146,160,160,160,179,179,228,228,254,43,43,69,69,69,69],"floor_reached":16,"language":"ENG","playtime":989,"items_purged":["Pain"],"score":220,"play_id":"dca4f7ff-e550-471d-95dd-c9c1503fb63b","local_time":"20210222024143","is_ascension_mode":true,"campfire_choices":[{"data":"Cloak And Dagger","floor":6,"key":"SMITH"},{"data":"Poisoned Stab","floor":8,"key":"SMITH"},{"data":"Dagger Throw","floor":10,"key":"SMITH"},{"floor":13,"key":"REST"},{"data":"After Image","floor":15,"key":"SMITH"}],"circlet_count":0,"master_deck":["AscendersBane","Strike_G","Strike_G","Strike_G","Strike_G","Strike_G","Defend_G","Defend_G","Defend_G","Defend_G","Defend_G","Survivor","Neutralize","Cloak And Dagger+1","Poisoned Stab+1","Dagger Throw+1","After Image+1","Burst"],"relics":["Ring of the Snake","WarpedTongs","Smiling Mask","Lantern","Happy Flower"],"acts_visited":["Exordium"],"potions_floor_usage":[14,16],"damage_taken":[{"damage":9,"enemies":"Small Slimes","floor":1,"turns":4},{"damage":4,"enemies":"Cultist","floor":2,"turns":5},{"damage":3,"enemies":"2 Louse","floor":3,"turns":2},{"damage":4,"enemies":"2 Fungi Beasts","floor":4,"turns":3},{"damage":8,"enemies":"Large Slime","floor":7,"turns":7},{"damage":19,"enemies":"Lagavulin","floor":11,"turns":6},{"damage":5,"enemies":"Gremlin Nob","floor":14,"turns":3},{"damage":34,"enemies":"Slime Boss","floor":16,"turns":11}],"seed_played":"1528858830461591335","potions_obtained":[{"floor":11,"key":"ColorlessPotion"},{"floor":14,"key":"GhostInAJar"}],"is_trial":false,"path_per_floor":["M","M","M","M","?","R","M","R","T","R","E","$","R","E","R","B"],"character_chosen":"THE_SILENT","items_purchased":["Lantern"],"campfire_rested":1,"item_purchase_floors":[12],"current_hp_per_floor":[56,52,49,45,45,45,37,37,37,37,18,18,39,34,34,0,0],"gold":69,"neow_bonus":"TEN_PERCENT_HP_BONUS","is_daily":false,"chose_seed":false,"campfire_upgraded":4,"win_rate":0.0,"timestamp":1613983303,"path_taken":["M","M","M","M","?","R","M","R","T","R","E","?","R","E","R","BOSS"],"items_purchased_type":["Relic"],"build_version":"2020-12-22","purchased_purges":1,"victory":false,"max_hp_per_floor":[72,72,72,72,72,72,72,72,72,72,72,72,72,72,72,72,72],"relic_stats":{"Happy Flower":[3],"counters":[8,41],"Smiling Mask":25,"obtain_stats":[{"Lantern":12,"Happy Flower":14,"Smiling Mask":9,"Ring of the Snake":0,"WarpedTongs":5},{"Lantern":6,"Happy Flower":7,"Smiling Mask":5,"Ring of the Snake":0,"WarpedTongs":4},{"Lantern":27,"Happy Flower":30,"Smiling Mask":21,"Ring of the Snake":0,"WarpedTongs":14}],"Ring of the Snake":[16],"WarpedTongs":[27]},"card_choices":[{"not_picked":["Backflip","PiercingWail"],"picked":"Cloak And Dagger","floor":1},{"not_picked":["Acrobatics","Deadly Poison"],"picked":"Poisoned Stab","floor":2},{"not_picked":["Envenom","Quick Slash"],"picked":"Dagger Throw","floor":3},{"not_picked":["Catalyst","Reflex","Skewer"],"picked":"SKIP","floor":4},{"not_picked":["Bane","Sucker Punch","Deadly Poison"],"picked":"SKIP","floor":7},{"not_picked":["All Out Attack","Acrobatics"],"picked":"After Image","floor":11},{"not_picked":["Choke","Slice"],"picked":"Burst","floor":14}],"player_experience":2069989,"relics_obtained":[{"floor":9,"key":"Smiling Mask"},{"floor":14,"key":"Happy Flower"}],"event_choices":[{"damage_healed":0,"gold_gain":0,"player_choice":"Rummage","damage_taken":0,"relics_obtained":["WarpedTongs"],"max_hp_gain":0,"max_hp_loss":0,"event_name":"Accursed Blacksmith","floor":5,"gold_loss":0,"cards_obtained":["Pain"]}],"is_beta":false,"boss_relics":[],"items_purged_floors":[12],"is_endless":false,"potions_floor_spawned":[11,14],"killed_by":"Slime Boss","ascension_level":20}}