{"host":"BK","time":1613962841,"event":{"mods":["BaseMod","Highlight Path","Minty Spire (QoL Compilation)","StSLib"],"gold_per_floor":[111,126,126,142,59,59,98,113,113,113,163,207,232,253,253,347,347,366,366,204,220,11,27,27,58,58,58,58,58,58,58,58],"floor_reached":31,"language":"ENG","playtime":880,"items_purged":[],"score":576,"play_id":"17f588b1-bfe6-4b74-af2a-9a4c4def6ca0","local_time":"20210221200041","is_ascension_mode":true,"campfire_choices":[{"data":"Choke","floor":6.0,"key":"SMITH"},{"floor":10.0,"key":"REST"},{"data":"1","floor":15.0,"key":"LIFT"},{"data":"2","floor":24.0,"key":"LIFT"},{"data":"3","floor":27.0,"key":"LIFT"}],"circlet_count":0,"master_deck":["AscendersBane","Strike_G+1","Strike_G+1","Strike_G+1","Strike_G+1","Strike_G+1","Defend_G+1","Defend_G+1","Defend_G+1","Defend_G+1","Defend_G+1","Survivor","Neutralize","Flying Knee","Backstab","Blade Dance","Choke+1","Caltrops","Dagger Spray","Noxious Fumes","Crippling Poison","Wraith Form v2","Terror+1","Acrobatics","Apotheosis"],"relics":["Ring of the Snake","Golden Idol","Torii","Girya","Cursed Key","Omamori","Bronze Scales"],"acts_visited":["Exordium","TheCity"],"potions_floor_usage":[],"damage_taken":[{"damage":1.0,"enemies":"Small Slimes","floor":1.0,"turns":4.0},{"damage":4.0,"enemies":"2 Louse","floor":2.0,"turns":3.0},{"damage":0.0,"enemies":"Cultist","floor":4.0,"turns":2.0},{"damage":17.0,"enemies":"3 Sentries","floor":7.0,"turns":9.0},{"damage":20.0,"enemies":"Exordium Wildlife","floor":8.0,"turns":3.0},{"damage":0.0,"enemies":"Gremlin Nob","floor":12.0,"turns":2.0},{"damage":0.0,"enemies":"Large Slime","floor":13.0,"turns":4.0},{"damage":2.0,"enemies":"Looter","floor":14.0,"turns":3.0},{"damage":13.0,"enemies":"Hexaghost","floor":16.0,"turns":9.0},{"damage":13.0,"enemies":"Spheric Guardian","floor":18.0,"turns":4.0},{"damage":1.0,"enemies":"Chosen","floor":21.0,"turns":5.0},{"damage":1.0,"enemies":"Snecko","floor":23.0,"turns":5.0},{"damage":33.0,"enemies":"Gremlin Leader","floor":25.0,"turns":4.0},{"damage":1.0,"enemies":"Colosseum Slavers","floor":30.0,"turns":4.0},{"damage":1,"enemies":"Sentry and Sphere","floor":31,"turns":2}],"seed_played":"3791959694375729926","potions_obtained":[{"floor":0.0,"key":"CultistPotion"},{"floor":0.0,"key":"PowerPotion"},{"floor":12.0,"key":"SneckoOil"},{"floor":18.0,"key":"SteroidPotion"}],"is_trial":false,"path_per_floor":["M","M","?","M","$","R","E","M","T","R","?","E","M","M","R","B",null,"M","?","$","M","$","M","R","E","T","R","?","?","?","M"],"character_chosen":"THE_SILENT","items_purchased":["Choke","Omamori","Apotheosis"],"campfire_rested":1,"item_purchase_floors":[5,20,22],"current_hp_per_floor":[58,54,54,54,54,54,37,17,17,35,35,35,35,33,33,20,50,37,37,37,36,36,35,35,2,2,2,2,2,1,0,0],"gold":58,"neow_bonus":"THREE_SMALL_POTIONS","is_daily":false,"chose_seed":false,"campfire_upgraded":1,"win_rate":0.0,"timestamp":1613962841,"path_taken":["M","M","?","M","$","R","E","M","T","R","?","E","?","M","R","BOSS","M","?","$","M","$","M","R","E","T","R","?","?","?","M"],"items_purchased_type":["Card","Relic","Card"],"build_version":"2020-12-18","purchased_purges":0,"victory":false,"max_hp_per_floor":[66,66,60,60,60,60,60,60,60,60,60,60,60,60,60,60,60,60,60,60,60,60,60,60,60,60,60,60,60,60,60,60],"card_choices":[{"not_picked":["Slice","Distraction"],"picked":"Flying Knee","floor":1.0},{"not_picked":["Infinite Blades","Calculated Gamble"],"picked":"Backstab","floor":2.0},{"not_picked":["Terror","Prepared"],"picked":"Blade Dance","floor":4.0},{"not_picked":["Catalyst","Prepared"],"picked":"Caltrops","floor":7.0},{"not_picked":["Masterful Stab","Flying Knee"],"picked":"Dagger Spray","floor":8.0},{"not_picked":["Blade Dance","Dagger Throw"],"picked":"Noxious Fumes","floor":12.0},{"not_picked":["Skewer","Caltrops","Dagger Spray"],"picked":"SKIP","floor":13.0},{"not_picked":["Dagger Throw","Footwork"],"picked":"Crippling Poison","floor":14.0},{"not_picked":["After Image","Corpse Explosion"],"picked":"Wraith Form v2","floor":16.0},{"not_picked":["Sucker Punch+1","Flying Knee"],"picked":"Terror+1","floor":18.0},{"not_picked":["Underhanded Strike","Quick Slash"],"picked":"Acrobatics","floor":21.0},{"not_picked":["Skewer","Sucker Punch","Backflip"],"picked":"SKIP","floor":23.0},{"not_picked":["Dodge and Roll","Slice","Noxious Fumes"],"picked":"SKIP","floor":25.0}],"player_experience":2609868,"relics_obtained":[{"floor":9.0,"key":"Torii"},{"floor":12.0,"key":"Girya"},{"floor":25.0,"key":"Bronze Scales"}],"event_choices":[{"damage_healed":0.0,"max_hp_gain":0.0,"max_hp_loss":6.0,"gold_gain":0.0,"event_name":"Golden Idol","player_choice":"Lose Max HP","floor":3.0,"gold_loss":0.0,"damage_taken":0.0,"relics_obtained":["Golden Idol"]},{"damage_healed":0.0,"max_hp_gain":0.0,"max_hp_loss":0.0,"gold_gain":50.0,"event_name":"Golden Shrine","player_choice":"Pray","floor":11.0,"gold_loss":0.0,"damage_taken":0.0},{"damage_healed":0.0,"max_hp_gain":0.0,"max_hp_loss":0.0,"gold_gain":0.0,"event_name":"The Mausoleum","player_choice":"Ignored","floor":19.0,"gold_loss":0.0,"damage_taken":0.0},{"damage_healed":0.0,"max_hp_gain":0.0,"max_hp_loss":0.0,"gold_gain":0.0,"event_name":"Back to Basics","player_choice":"Simplicity","floor":28.0,"gold_loss":0.0,"damage_taken":0.0,"cards_upgraded":["Strike_G","Strike_G","Strike_G","Strike_G","Strike_G","Defend_G","Defend_G","Defend_G","Defend_G","Defend_G"]},{"damage_healed":0.0,"max_hp_gain":0.0,"max_hp_loss":0.0,"gold_gain":0.0,"event_name":"Cursed Tome","player_choice":"Ignored","floor":29.0,"gold_loss":0.0,"damage_taken":0.0},{"damage_healed":0.0,"max_hp_gain":0.0,"max_hp_loss":0.0,"gold_gain":0.0,"event_name":"Colosseum","player_choice":"Fight","floor":30.0,"gold_loss":0.0,"damage_taken":0.0},{"damage_healed":0.0,"max_hp_gain":0.0,"max_hp_loss":0.0,"gold_gain":0.0,"event_name":"Colosseum","player_choice":"Fled From Nobs","floor":30.0,"gold_loss":0.0,"damage_taken":0.0}],"is_beta":true,"boss_relics":[{"not_picked":["Philosopher\u0027s Stone","Velvet Choker"],"picked":"Cursed Key"}],"items_purged_floors":[],"is_endless":false,"potions_floor_spawned":[2,4,7,12,16,18,21,30],"killed_by":"Sentry and Sphere","ascension_level":20}}