{"host":"dr01x95rw3kaiuk5","time":1613979850,"event":{"mods":["ATMod(阿瑾Mod)","Act Like it!","Arknights","BaseMod","Colored Powertips","Conspire","Energized Spire","Friendly Minions","Gensokyo","GifTheSpireLib","KinomotoSakuraMod(木之本樱)","Minty Spire (QoL Compilation)","MostiFishMod","Reliquary","Replay The Spire","Shop Mod","Spicy Shops","StSLib","TestMod","UnlockEverythingMod","[IsaacMod]以撒尖塔","【遗物卡牌】REMEMod"],"gold_per_floor":[112,112,112,10,24,59,59,79,79,104,104,121,156,175,175,300,300,313,330,345,364,364,364,392,392,415,446,148,177,112,132,132,253,253,263,263,283,294,306,332,332,367,393,393,103,118,118,49,49,49,49],"floor_reached":52,"language":"ZHS","playtime":2783,"items_purged":["Regret","Strike_B","Strike_B","Strike_B","Strike_B","Defend_B","Defend_B"],"score":3155,"play_id":"e7a967ac-2725-4b04-9f3a-21764494c920","local_time":"20210222154410","is_ascension_mode":true,"campfire_choices":[{"data":"Coolheaded","floor":7,"key":"SMITH"},{"data":"Machine Learning","floor":11,"key":"SMITH"},{"floor":15,"key":"DIG"},{"data":"Hologram","floor":23,"key":"SMITH"},{"floor":32,"key":"DIG"},{"data":"REME_Whirling","floor":41,"key":"SMITH"},{"data":"MostiFishMod:IntelligentEquipment","floor":49,"key":"SMITH"}],"circlet_count":0,"master_deck":["AscendersBane","Defend_B+1","Defend_B+2","Dualcast+1","Coolheaded+1","Capacitor","Turbo+1","MostiFishMod:ReadyAimFire+1","REME_Shoggoth","Machine Learning+1","Hologram+1","Turbo+1","Electrodynamics","AT_EmpoweredMortalDraw+1","Crystallizer+1","Fan+1","Time Bomb","REME_Whirling+1","MostiFishMod:ATRI","Thunder Strike","AT_ThreeBodyProblem","MostiFishMod:ReadyAimFire+1","MostiFishMod:Overload","MostiFishMod:ATRI+1","Double Energy+1","MostiFishMod:GatherIntelligence+1","AT_DarkMatter+1","AT_WaterDrop+1","MostiFishMod:IntelligentEquipment+1"],"relics":["Cracked Core","testmod-TestBox","HushsDoor","AT_ATBox","REME_ComplimentaryCards","Membership Card","BookofShadows","testmod-AscensionHeart","reliquary:RoseTintedGlasses","SynthV:TestCard","DaveBox","Membership Card","Blue Doll","conspire:DeflatedDodgeball","AT_SunfireAegis","MoneyPower","Nunchaku","Prayer Wheel","AT_MortalBlade","Replay:Baseball","reliquary:ExpiredCoupon","AT_GuinsooRageblade","Replay:Frozen Program","DataDisk","Du-Vu Doll","AT_RedTearstoneRing","Toxic Egg 2","RhineSuit","Prayer Wheel","REME_IWantAll","Simple Rune","testmod-LifeArmor","REME_LimitBreaker","reliquary:Boomerang"],"acts_visited":["Exordium","TheCity","TheBeyond"],"potions_floor_usage":[13,16,33,42,42,51,51],"damage_taken":[{"damage":6,"enemies":"Small Slimes","floor":1,"turns":3},{"damage":2,"enemies":"Jaw Worm","floor":5,"turns":4},{"damage":15,"enemies":"Lagavulin","floor":6,"turns":7},{"damage":0,"enemies":"2 Louse","floor":8,"turns":1},{"damage":0,"enemies":"Gremlin Nob","floor":10,"turns":2},{"damage":0,"enemies":"Looter","floor":12,"turns":1},{"damage":0,"enemies":"3 Sentries","floor":13,"turns":1},{"damage":0,"enemies":"2 Fungi Beasts","floor":14,"turns":2},{"damage":0,"enemies":"Hexaghost","floor":16,"turns":2},{"damage":0,"enemies":"Chosen","floor":18,"turns":2},{"damage":0,"enemies":"3 Byrds","floor":19,"turns":2},{"damage":0,"enemies":"Sentry and Sphere","floor":20,"turns":2},{"damage":9,"enemies":"Snecko","floor":21,"turns":4},{"damage":20,"enemies":"conspire:SneckoGhost","floor":24,"turns":2},{"damage":8,"enemies":"REME_1_Revenger","floor":27,"turns":3},{"damage":0,"enemies":"Slavers","floor":29,"turns":1},{"damage":3,"enemies":"Chosen and Byrds","floor":31,"turns":3},{"damage":0,"enemies":"Automaton","floor":33,"turns":2},{"damage":0,"enemies":"3 Shapes","floor":35,"turns":2},{"damage":0,"enemies":"Orb Walker","floor":37,"turns":1},{"damage":18,"enemies":"4 Shapes","floor":38,"turns":2},{"damage":0,"enemies":"Spire Growth","floor":39,"turns":2},{"damage":0,"enemies":"Nemesis","floor":40,"turns":3},{"damage":0,"enemies":"Giant Head","floor":42,"turns":2},{"damage":0,"enemies":"Writhing Mass","floor":46,"turns":2},{"damage":27,"enemies":"Awakened One","floor":50,"turns":3},{"damage":7,"enemies":"Donu and Deca","floor":51,"turns":2}],"seed_played":"-6341657239589408840","potions_obtained":[{"floor":8,"key":"Swift Potion"},{"floor":10,"key":"Strength Potion"},{"floor":14,"key":"Adrenaline Potion"},{"floor":19,"key":"GamblersBrew"},{"floor":24,"key":"PowerPotion"},{"floor":38,"key":"Swift Potion"},{"floor":42,"key":"REME_GoldPotion"},{"floor":46,"key":"Reflective Coating"}],"is_trial":false,"path_per_floor":["M","?","?","$","M","E","R","M","T","E","R","M","E","M","R","B",null,"M","M","M","M","?","R","E","?","T","E","$","E","$","M","R","B",null,"M","?","M","M","M","E","R","E","T","?","$","M","?","$","R","B","B",null],"character_chosen":"DEFECT","items_purchased":["Capacitor","Replay:Frozen Program","DataDisk","Du-Vu Doll","AT_ThreeBodyProblem","REME_LimitBreaker","reliquary:Boomerang","Bomb"],"campfire_rested":0,"item_purchase_floors":[4,28,28,28,28,45,48,48],"current_hp_per_floor":[59,59,49,49,48,35,35,36,36,38,38,39,44,45,45,54,73,74,75,76,68,68,68,50,41,41,35,35,37,37,35,35,44,76,77,77,78,61,62,64,64,72,72,99,99,99,99,99,99,77,82],"gold":49,"neow_bonus":"RANDOM_EVENT","is_daily":false,"chose_seed":false,"campfire_upgraded":5,"win_rate":0.0,"timestamp":1613979850,"path_taken":["M","?","?","$","M","E","R","M","T","E","R","M","E","M","R","BOSS","M","M","M","M","?","R","E","?","T","E","$","E","$","?","R","BOSS","M","?","M","M","?","E","R","E","T","?","$","M","?","$","R","BOSS","BOSS"],"items_purchased_type":["Card","Relic","Relic","Relic","Card","Relic","Relic","Card"],"build_version":"2020-12-22","purchased_purges":7,"victory":true,"max_hp_per_floor":[71,71,71,71,71,72,72,72,72,73,73,73,74,74,74,79,79,79,79,79,79,79,79,80,85,85,86,86,87,87,87,87,92,87,87,87,87,87,87,88,88,89,89,99,99,99,99,99,99,104,109],"card_choices":[{"not_picked":["Recycle","BootSequence"],"picked":"Coolheaded","floor":1},{"not_picked":["Tempest","Conserve Battery","Compile Driver","Undo"],"picked":"Turbo","floor":5},{"not_picked":["MostiFishMod:Overload","ElectricPowerLearning","MostiFishMod:Nova","MostiFishMod:DeathFromBelow"],"picked":"MostiFishMod:ReadyAimFire","floor":6},{"not_picked":["Beam Cell","Melter","Coolheaded","Ball Lightning"],"picked":"REME_Shoggoth","floor":8},{"not_picked":["Fission","Rainbow","Creative AI","Thunder Strike"],"picked":"Machine Learning","floor":10},{"not_picked":["BootSequence","Force Field","Chaos","Leap"],"picked":"Hologram","floor":12},{"not_picked":["MostiFishMod:DawningShadow","Buffer","MostiFishMod:ActiveDefenseSystem","MostiFishMod:DeathFromBelow"],"picked":"ReplayTheSpireMod:Fabricate Wheel","floor":13},{"not_picked":["Turbo","Beam Cell","Stack","Loop","Sweeping Beam"],"picked":"SKIP","floor":14},{"not_picked":["MostiFishMod:StarOceanB","MostiFishMod:Culaccino","ReplayTheSpireMod:Fabricate Wheel","MostiFishMod:Overload"],"picked":"Electrodynamics","floor":16},{"not_picked":["AT_HeatAcrobatics","Rebound+1","Turbo","BasicCrystalCard"],"picked":"Crystallizer","floor":18},{"not_picked":["MostiFishMod:PushDownKick","Rebound","Stack","AT_HeatAcrobatics","Compile Driver"],"picked":"SKIP","floor":18},{"not_picked":["REME_SelfUpgrade+1","Redo","Fusion","Hologram"],"picked":"Fan+1","floor":19},{"not_picked":["Go for the Eyes","Redo","Stack","MostiFishMod:PushDownKick","AT_HeatAcrobatics"],"picked":"SKIP","floor":19},{"not_picked":["ElectricPowerLearning","AT_WarpDrive","Rebound","Reinforced Body"],"picked":"Time Bomb","floor":20},{"not_picked":["Heatsinks","Streamline","Redo","Conserve Battery","Turbo"],"picked":"SKIP","floor":20},{"not_picked":["Heatsinks","FTL","MostiFishMod:ReprogramOld","Barrage"],"picked":"REME_Whirling","floor":21},{"not_picked":["Fan","Coolheaded","Hologram","Auto Shields","MostiFishMod:Nova"],"picked":"SKIP","floor":21},{"not_picked":["Amplify","Meteor Strike","MostiFishMod:Distribution","Echo Form"],"picked":"MostiFishMod:ATRI","floor":24},{"not_picked":["MostiFishMod:Prepare","Multi-Cast","AT_RightCognition","All For One"],"picked":"Thunder Strike","floor":27},{"not_picked":["MostiFishMod:ReadyAimFire","Thunder Strike","REME_Shoggoth","Hyperbeam"],"picked":"MostiFishMod:ReadyAimFire","floor":29},{"not_picked":["MostiFishMod:PushDownKick","Cold Snap+1","Gash","Redo"],"picked":"MostiFishMod:Overload","floor":31},{"not_picked":["Barrage","AT_ThunderBolt","Streamline+1","Sweeping Beam+1","Compile Driver"],"picked":"SKIP","floor":31},{"not_picked":["MostiFishMod:Exploitation+1","Buffer","MostiFishMod:Nova","Echo Form"],"picked":"MostiFishMod:ATRI+1","floor":33},{"not_picked":["ReplayTheSpireMod:Repulse+1","ReplayGash+1","MostiFishMod:FluxCapactior+1","Coolheaded+1"],"picked":"Double Energy+1","floor":35},{"not_picked":["Cold Snap","FTL","Go for the Eyes","Compile Driver+1","Redo+1"],"picked":"SKIP","floor":35},{"not_picked":["Loop+1","Darkness+1","Gash","ReplayTheSpireMod:Dual Polarity+1"],"picked":"MostiFishMod:GatherIntelligence+1","floor":37},{"not_picked":["Barrage","Panic Button+1","Steam+1","Chill+1","MostiFishMod:PushDownKick+1"],"picked":"SKIP","floor":37},{"not_picked":["Steam+1","Redo+1","Barrage","Turbo+1"],"picked":"ReplayTheSpireMod:Fabricate Wheel+1","floor":38},{"not_picked":["Hologram+1","Leap+1","Fan+1","Steam+1","MostiFishMod:PushDownKick"],"picked":"SKIP","floor":38},{"not_picked":["Streamline","Beam Cell","Go for the Eyes","Gash+1"],"picked":"AT_DarkMatter+1","floor":39},{"not_picked":["Sunder","Cold Snap","BasicCrystalCard+1","Gash","Genetic Algorithm+1"],"picked":"SKIP","floor":39},{"not_picked":["Machine Learning","All For One","REME_ForAll","ReplayTheSpireMod:Omega Cannon","ElectricPowerLearning"],"picked":"SKIP","floor":40},{"not_picked":["Reboot+1","MostiFishMod:DeathFromBelow","Seek","MostiFishMod:ActiveDefenseSystem"],"picked":"MostiFishMod:IntelligentEquipment","floor":42},{"not_picked":["Time Bomb+1","Sweeping Beam+1","MostiFishMod:PushDownKick","Melter","Cancel+1"],"picked":"SKIP","floor":46},{"not_picked":["MostiFishMod:PushDownKick+1","REME_SelfUpgrade","Gash+1","Stack+1","Go for the Eyes"],"picked":"SKIP","floor":46},{"not_picked":["Glacier+1","Cold Snap","Electrodynamics","Force Field+1","Leap+1"],"picked":"SKIP","floor":46}],"player_experience":308911,"relics_obtained":[{"floor":1,"key":"SynthV:TestCard"},{"floor":6,"key":"Blue Doll"},{"floor":9,"key":"conspire:DeflatedDodgeball"},{"floor":10,"key":"AT_SunfireAegis"},{"floor":13,"key":"MoneyPower"},{"floor":15,"key":"Nunchaku"},{"floor":24,"key":"Replay:Baseball"},{"floor":26,"key":"reliquary:ExpiredCoupon"},{"floor":27,"key":"AT_GuinsooRageblade"},{"floor":29,"key":"AT_RedTearstoneRing"},{"floor":32,"key":"Toxic Egg 2"},{"floor":40,"key":"REME_IWantAll"},{"floor":42,"key":"Simple Rune"},{"floor":43,"key":"testmod-LifeArmor"}],"event_choices":[{"damage_healed":0.0,"max_hp_gain":0.0,"max_hp_loss":0.0,"gold_gain":0.0,"event_name":"Big Fish","player_choice":"Box","floor":0.0,"gold_loss":0.0,"damage_taken":0.0,"relics_obtained":["reliquary:RoseTintedGlasses"],"cards_obtained":["Regret"]},{"damage_healed":0,"gold_gain":0,"player_choice":"Swap Relic","damage_taken":0,"relics_obtained":["DaveBox"],"max_hp_gain":0,"max_hp_loss":0,"event_name":"给自己的盒子","floor":2,"relics_lost":["DaveBox"],"gold_loss":0},{"damage_healed":0,"gold_gain":0,"player_choice":"Entered Light","damage_taken":21,"max_hp_gain":0,"max_hp_loss":0,"event_name":"Shining Light","floor":3,"gold_loss":0,"cards_upgraded":["Dualcast","Defend_B"]},{"damage_healed":0,"gold_gain":0,"player_choice":"Shed Blood","damage_taken":28,"max_hp_gain":5,"max_hp_loss":0,"event_name":"Forgotten Altar","floor":25,"gold_loss":0},{"cards_removed":["AT_KingSlayer"],"damage_healed":17,"gold_gain":0,"player_choice":"Offered Rare","damage_taken":0,"max_hp_gain":10,"max_hp_loss":0,"event_name":"Bonfire Elementals","floor":44,"gold_loss":0},{"cards_removed":["Zap"],"damage_healed":0,"gold_gain":0,"player_choice":"Purged","damage_taken":0,"max_hp_gain":0,"max_hp_loss":0,"event_name":"Purifier","floor":47,"gold_loss":0}],"is_beta":false,"boss_relics":[{"not_picked":["EE1DDrone","testmod-PortableAltar"],"picked":"AT_MortalBlade"},{"not_picked":[]},{"not_picked":["reliquary:KinkedSpring","energizedSpire:MagnifyingGlass"],"picked":"RhineSuit"},{"not_picked":[]}],"items_purged_floors":[4,4,28,30,34,45,45],"is_endless":false,"potions_floor_spawned":[8,10,12,14,19,20,24,38,42,46],"ascension_level":20}}