{"host":"6bfiq9sgomorosoy","time":1613988971,"event":{"mods":["2.2 Compatiblity","AchievementEnabler","BaseMod","Better Note","Better Third Choice","BetterRewards","Conspire","Downfall","Googly Eyes","Highlight Path","Hubris","Minty Spire (QoL Compilation)","Quick Restart","Rare Cards Sparkle","Reliquary","Replay The Spire","StSLib"],"gold_per_floor":[112,131,131,18,30,30,46,41,41,41,41,57,7,32,32,136,136,146,146,146,146],"floor_reached":20,"language":"ENG","playtime":660,"items_purged":[],"score":172,"play_id":"26c98fda-3782-451a-8a3b-1a10f2583d6f","local_time":"20210222231611","is_ascension_mode":false,"campfire_choices":[{"data":"hubris:Counter","floor":6,"key":"SMITH"},{"data":"Infinite Blades","floor":10,"key":"SMITH"},{"floor":15,"key":"REST"}],"circlet_count":0,"master_deck":["Strike_G","Strike_G","Strike_G","Strike_G","Strike_G","Defend_G","Defend_G","Defend_G","Defend_G","Defend_G","Survivor","Neutralize","Dagger Spray","Sucker Punch","Infinite Blades+1","hubris:Counter+1","Acrobatics","Infinite Blades","Blade Dance","Finisher","Doppelganger","Footwork"],"relics":["Ring of the Snake","hubris:TenFootPole","ReplayTheSpireMod:CursedCoin","Regal Pillow","Du-Vu Doll","Smiling Mask","hubris:Stopwatch"],"acts_visited":["Exordium","TheCity"],"potions_floor_usage":[20],"damage_taken":[{"damage":3,"enemies":"Small Slimes","floor":1,"turns":4},{"damage":1,"enemies":"Cultist","floor":2,"turns":4},{"damage":0,"enemies":"Jaw Worm","floor":5,"turns":3},{"damage":3,"enemies":"2 Fungi Beasts","floor":7,"turns":4},{"damage":6,"enemies":"Looter","floor":12,"turns":4},{"damage":34,"enemies":"Lagavulin","floor":14,"turns":8},{"damage":31,"enemies":"Hexaghost","floor":16,"turns":10},{"damage":19,"enemies":"Spheric Guardian","floor":18,"turns":4},{"damage":62,"enemies":"Masked Bandits","floor":20,"turns":5}],"seed_played":"-625749041896643644","potions_obtained":[{"floor":5,"key":"Fire Potion"},{"floor":18,"key":"AttackPotion"}],"is_trial":false,"path_per_floor":["M","M","?","$","M","R","M","$","T","R","$","M","?","E","R","B",null,"M","?","?"],"character_chosen":"THE_SILENT","items_purchased":["Infinite Blades","hubris:Counter","ReplayTheSpireMod:CursedCoin","Regal Pillow"],"campfire_rested":1,"item_purchase_floors":[4,4,8,8],"current_hp_per_floor":[67,66,66,66,66,66,63,63,63,63,63,57,57,23,59,28,70,51,51,0,0],"gold":146,"neow_bonus":"RANDOM_COMMON_RELIC","is_daily":false,"chose_seed":false,"campfire_upgraded":2,"win_rate":0.0,"timestamp":1613988971,"path_taken":["M","M","?","$","M","R","?","?","T","R","$","M","?","E","R","BOSS","M","?","?"],"items_purchased_type":["Card","Card","Relic","Relic"],"build_version":"2020-12-22","purchased_purges":0,"victory":false,"max_hp_per_floor":[70,70,70,70,70,70,70,70,70,70,70,70,70,70,70,70,70,70,70,70,70],"card_choices":[{"not_picked":["Deflect","Quick Slash"],"picked":"Dagger Spray","floor":1},{"not_picked":["Dodge and Roll","Acrobatics"],"picked":"Sucker Punch","floor":2},{"not_picked":["Dagger Spray","Quick Slash"],"picked":"Acrobatics","floor":5},{"not_picked":["Cloak And Dagger","Dagger Throw"],"picked":"Infinite Blades","floor":7},{"not_picked":["ReplayTheSpireMod:Necrosis","Dodge and Roll"],"picked":"Blade Dance","floor":12},{"not_picked":["Underhanded Strike","Acrobatics"],"picked":"Finisher","floor":14},{"not_picked":["Malaise","Wraith Form v2"],"picked":"Doppelganger","floor":16},{"not_picked":["ReplayTheSpireMod:Exploit Weakness+1","Quick Slash+1"],"picked":"Footwork","floor":18}],"player_experience":143976,"relics_obtained":[{"floor":9,"key":"Du-Vu Doll"},{"floor":14,"key":"Smiling Mask"}],"event_choices":[{"damage_healed":0,"gold_gain":0,"player_choice":"Ignored","damage_taken":0,"max_hp_gain":0,"max_hp_loss":0,"event_name":"betterNote:BetterNote","floor":3,"gold_loss":0,"cards_obtained":["Defend_G"]},{"cards_removed":["Amnesia"],"damage_healed":0,"gold_gain":0,"player_choice":"Card Removal","damage_taken":0,"max_hp_gain":0,"max_hp_loss":0,"event_name":"The Cleric","floor":13,"gold_loss":50},{"damage_healed":0,"gold_gain":0,"player_choice":"Fought Bandits","damage_taken":0,"max_hp_gain":0,"max_hp_loss":0,"event_name":"Masked Bandits","floor":20,"gold_loss":0}],"is_beta":false,"boss_relics":[{"not_picked":["Runic Dome","reliquary:RustamsPendant"],"picked":"hubris:Stopwatch"}],"items_purged_floors":[],"is_endless":false,"potions_floor_spawned":[5,18],"killed_by":"Masked Bandits","ascension_level":0}}