{"host":"pifa3o3uv2a0m12r","time":1613981474,"event":{"mods":["AchievementEnabler","BaseMod","Colored Map","Minty Spire (QoL Compilation)","StSLib","SuperFastMode"],"gold_per_floor":[119,119,139,89,100,131,131,131,131,151,182,182,202,223,223,336,336,361,361,290,299,29,29,70,70,70,170,204,224,224,248,248,355,355,366,382,382,382,401,443,443,459,459,491,537,537,562,0,0,0],"floor_reached":51,"language":"FRA","playtime":1644,"items_purged":["Strike_R","Writhe"],"score":753,"play_id":"db7e64a9-ffbd-45e4-9b8c-d298c31e2091","local_time":"20210221221114","is_ascension_mode":false,"campfire_choices":[{"data":"Bludgeon","floor":7,"key":"SMITH"},{"data":"Power Through","floor":15,"key":"SMITH"},{"data":"Body Slam","floor":23,"key":"SMITH"},{"data":"Impervious","floor":25,"key":"SMITH"},{"data":"Body Slam","floor":32,"key":"SMITH"},{"data":"Shrug It Off","floor":41,"key":"SMITH"},{"floor":49,"key":"REST"}],"circlet_count":0,"master_deck":["Strike_R","Defend_R","Defend_R","Defend_R","Bash","Second Wind","Bludgeon+1","Shrug It Off","Power Through+1","Shrug It Off","Shrug It Off+1","Demon Form+1","Fire Breathing+1","Body Slam+1","Impervious+1","Body Slam+1","Juggernaut+1","Ghostly Armor+1","Body Slam+1"],"relics":["Black Blood","NeowsBlessing","Frozen Egg 2","CeramicFish","Nunchaku","The Courier","Sozu","Vajra","Pear","Omamori","Mercury Hourglass","Pocketwatch","Shuriken","Juzu Bracelet","PreservedInsect","Ornamental Fan","Potion Belt","Dead Branch","Red Mask"],"acts_visited":["Exordium","TheCity","TheBeyond"],"potions_floor_usage":[16,50],"damage_taken":[{"damage":0,"enemies":"2 Louse","floor":1,"turns":1},{"damage":0,"enemies":"Cultist","floor":3,"turns":1},{"damage":0,"enemies":"Jaw Worm","floor":5,"turns":1},{"damage":19,"enemies":"3 Sentries","floor":6,"turns":8},{"damage":2,"enemies":"2 Fungi Beasts","floor":10,"turns":4},{"damage":18,"enemies":"Lagavulin","floor":11,"turns":4},{"damage":11,"enemies":"Exordium Wildlife","floor":13,"turns":4},{"damage":2,"enemies":"3 Louse","floor":14,"turns":6},{"damage":72,"enemies":"Hexaghost","floor":16,"turns":15},{"damage":32,"enemies":"Chosen","floor":18,"turns":6},{"damage":16,"enemies":"Gremlin Leader","floor":24,"turns":5},{"damage":12,"enemies":"Colosseum Slavers","floor":27,"turns":4},{"damage":9,"enemies":"Colosseum Nobs","floor":27,"turns":5},{"damage":10,"enemies":"Book of Stabbing","floor":28,"turns":6},{"damage":2,"enemies":"3 Byrds","floor":29,"turns":4},{"damage":11,"enemies":"Sentry and Sphere","floor":31,"turns":4},{"damage":11,"enemies":"Automaton","floor":33,"turns":7},{"damage":0,"enemies":"3 Darklings","floor":35,"turns":4},{"damage":7,"enemies":"3 Shapes","floor":36,"turns":4},{"damage":15,"enemies":"Jaw Worm Horde","floor":39,"turns":5},{"damage":52,"enemies":"Reptomancer","floor":40,"turns":4},{"damage":5,"enemies":"4 Shapes","floor":42,"turns":4},{"damage":31,"enemies":"Giant Head","floor":44,"turns":7},{"damage":6,"enemies":"2 Orb Walkers","floor":45,"turns":4},{"damage":0,"enemies":"Transient","floor":47,"turns":5},{"damage":53,"enemies":"Donu and Deca","floor":50,"turns":8}],"seed_played":"-4813662139678525667","potions_obtained":[{"floor":1,"key":"SpeedPotion"},{"floor":6,"key":"BlessingOfTheForge"},{"floor":11,"key":"Energy Potion"},{"floor":13,"key":"FairyPotion"}],"is_trial":false,"path_per_floor":["M","?","M","?","M","E","R","?","T","M","E","?","M","M","R","B",null,"M","?","$","?","$","R","E","R","T","?","E","M","?","M","R","B",null,"M","M","?","?","M","E","R","M","T","E","?","?","M","?","R","B",null],"character_chosen":"IRONCLAD","items_purchased":["Body Slam","Pear"],"campfire_rested":1,"item_purchase_floors":[20,22],"current_hp_per_floor":[80,80,80,80,80,67,67,60,60,64,52,52,47,51,51,10,80,54,54,54,54,64,64,54,54,54,45,41,45,75,70,70,65,90,90,90,90,90,87,47,47,54,54,35,41,41,53,53,78,37],"gold":0,"neow_bonus":"THREE_ENEMY_KILL","is_daily":false,"chose_seed":false,"campfire_upgraded":6,"win_rate":0.0,"timestamp":1613981474,"path_taken":["M","?","?","?","M","E","R","?","T","M","E","?","M","M","R","BOSS","M","?","$","?","$","R","E","R","T","?","E","M","?","M","R","BOSS","M","M","?","?","M","E","R","M","T","E","?","?","M","?","R","BOSS"],"items_purchased_type":["Card","Relic"],"build_version":"2020-12-22","purchased_purges":2,"victory":true,"max_hp_per_floor":[80,80,80,80,80,80,80,80,80,80,80,80,80,80,80,80,80,80,80,80,80,90,90,90,90,90,90,90,90,90,90,90,90,90,90,90,90,90,90,90,90,90,90,90,90,85,85,85,85,85],"card_choices":[{"not_picked":["Evolve","True Grit"],"picked":"Second Wind","floor":1},{"not_picked":["Sword Boomerang","Dual Wield"],"picked":"Shrug It Off","floor":3},{"not_picked":["Cleave","Clash","Flex"],"picked":"SKIP","floor":5},{"not_picked":["Rupture+1","Searing Blow"],"picked":"Power Through","floor":6},{"not_picked":["Perfected Strike","Flex"],"picked":"Shrug It Off","floor":10},{"not_picked":["Spot Weakness","Armaments","Iron Wave"],"picked":"SKIP","floor":11},{"not_picked":["Warcry","Offering","Pommel Strike"],"picked":"SKIP","floor":13},{"not_picked":["Clothesline","Anger"],"picked":"Shrug It Off","floor":14},{"not_picked":["Immolate","Exhume"],"picked":"Demon Form+1","floor":16},{"not_picked":["Thunderclap","Rampage"],"picked":"Fire Breathing+1","floor":18},{"not_picked":["Spot Weakness+1","Headbutt+1"],"picked":"Impervious","floor":24},{"not_picked":["Demon Form+1","Cleave+1","Searing Blow"],"picked":"SKIP","floor":28},{"not_picked":["Twin Strike","Iron Wave","Clothesline"],"picked":"SKIP","floor":29},{"not_picked":["Wild Strike","Pommel Strike"],"picked":"Body Slam","floor":31},{"not_picked":["Berserk+1","Barricade+1"],"picked":"Juggernaut+1","floor":33},{"not_picked":["Sword Boomerang+1","Second Wind","Pommel Strike"],"picked":"SKIP","floor":35},{"not_picked":["Searing Blow+1","Shrug It Off+1","Inflame+1"],"picked":"SKIP","floor":36},{"not_picked":["Pommel Strike+1","Blood for Blood","Anger+1"],"picked":"SKIP","floor":39},{"not_picked":["Perfected Strike+1","Shrug It Off"],"picked":"Ghostly Armor+1","floor":40},{"not_picked":["Heavy Blade+1","True Grit+1","Twin Strike"],"picked":"SKIP","floor":42},{"not_picked":["Offering","Warcry","Reckless Charge"],"picked":"SKIP","floor":44},{"not_picked":["Headbutt","Sever Soul"],"picked":"Body Slam+1","floor":47}],"player_experience":150016,"relics_obtained":[{"floor":6,"key":"Frozen Egg 2"},{"floor":9,"key":"CeramicFish"},{"floor":11,"key":"Nunchaku"},{"floor":24,"key":"Omamori"},{"floor":26,"key":"Mercury Hourglass"},{"floor":27,"key":"Pocketwatch"},{"floor":27,"key":"Shuriken"},{"floor":28,"key":"Juzu Bracelet"},{"floor":40,"key":"PreservedInsect"},{"floor":43,"key":"Ornamental Fan"},{"floor":44,"key":"Potion Belt"},{"floor":45,"key":"Dead Branch"}],"event_choices":[{"damage_healed":0,"gold_gain":0,"cards_transformed":["Strike_R"],"player_choice":"Transformed","damage_taken":0,"max_hp_gain":0,"max_hp_loss":0,"event_name":"Transmorgrifier","floor":2,"gold_loss":0,"cards_obtained":["Bludgeon"]},{"cards_removed":["Strike_R"],"damage_healed":0,"gold_gain":0,"player_choice":"Card Removal","damage_taken":0,"max_hp_gain":0,"max_hp_loss":0,"event_name":"The Cleric","floor":4,"gold_loss":50},{"cards_removed":["Strike_R"],"damage_healed":0,"gold_gain":0,"player_choice":"Card Removal","damage_taken":7,"max_hp_gain":0,"max_hp_loss":0,"event_name":"Golden Wing","floor":8,"gold_loss":0},{"damage_healed":0,"gold_gain":0,"player_choice":"Searched \u00272\u0027 times","damage_taken":0,"relics_obtained":["The Courier"],"max_hp_gain":0,"max_hp_loss":0,"event_name":"Dead Adventurer","floor":12,"gold_loss":0},{"damage_healed":0,"gold_gain":0,"player_choice":"Ignored","damage_taken":0,"max_hp_gain":0,"max_hp_loss":0,"event_name":"Vampires","floor":19,"gold_loss":0},{"damage_healed":0,"gold_gain":0,"player_choice":"Opened","damage_taken":0,"relics_obtained":["Vajra"],"max_hp_gain":0,"max_hp_loss":0,"event_name":"The Mausoleum","floor":21,"gold_loss":0,"cards_obtained":["Writhe"]},{"damage_healed":0,"gold_gain":0,"player_choice":"Fight","damage_taken":0,"max_hp_gain":0,"max_hp_loss":0,"event_name":"Colosseum","floor":27,"gold_loss":0},{"damage_healed":0,"gold_gain":0,"player_choice":"Fought Nobs","damage_taken":0,"max_hp_gain":0,"max_hp_loss":0,"event_name":"Colosseum","floor":27,"gold_loss":0},{"damage_healed":30,"gold_gain":0,"player_choice":"Heal","damage_taken":0,"max_hp_gain":0,"max_hp_loss":0,"event_name":"The Library","floor":30,"gold_loss":0},{"damage_healed":0,"gold_gain":0,"player_choice":"Memory 1","damage_taken":0,"max_hp_gain":0,"max_hp_loss":0,"event_name":"SensoryStone","floor":37,"gold_loss":0},{"cards_removed":["Defend_R"],"damage_healed":0,"gold_gain":0,"player_choice":"Removed Skill","damage_taken":0,"max_hp_gain":0,"max_hp_loss":0,"event_name":"Falling","floor":38,"gold_loss":0},{"damage_healed":0,"gold_gain":0,"player_choice":"Fight","damage_taken":0,"max_hp_gain":0,"max_hp_loss":0,"event_name":"Mysterious Sphere","floor":45,"gold_loss":0},{"damage_healed":0,"gold_gain":0,"player_choice":"Max HP","damage_taken":0,"max_hp_gain":0,"max_hp_loss":5,"event_name":"Winding Halls","floor":46,"gold_loss":0},{"damage_healed":0,"gold_gain":0,"player_choice":"Paid","damage_taken":0,"relics_obtained":["Red Mask"],"max_hp_gain":0,"max_hp_loss":0,"event_name":"Tomb of Lord Red Mask","floor":48,"gold_loss":562}],"is_beta":false,"boss_relics":[{"not_picked":["Coffee Dripper","Ectoplasm"],"picked":"Sozu"},{"not_picked":["Cursed Key","Calling Bell"],"picked":"Black Blood"}],"items_purged_floors":[20,22],"is_endless":false,"potions_floor_spawned":[1,6,11,13,14,27,29,35,36,42],"ascension_level":0}}