{"host":"xsfbp1yx1f2ea5z7","time":1613990594,"event":{"mods":["100% Spire Juice","AchievementEnabler","Act Like it!","Bard","BaseMod","Beaked The Cultist","Better Altar","Better Match","Better Note","Better Sensory Stone","Better Skull","Better Third Choice","BetterRewards","Block Reminder","ChefMod","Colored Map","Colored Powertips","Conspire","DeckTracker","Downfall","GifTheSpireLib","Halation","Hermit","Hubris","Infinite Spire","Jedi Mod","Jorbs\u0027s Wanderer Trilogy","Marked Mod","Mimic Mod","Minty Spire (QoL Compilation)","Replay The Spire","Robot Space Explorer","Shade Mod","Spicy Shops","StSLib","The Blackbeard","The Hierophant","The Jungle","The Marked","The Mystic","The Runesmith","TheBandit","Unceasing Turn Reminder","Wandering Minibosses","everything is the same but u backflip on backflip"],"gold_per_floor":[109,0,0,14,0,0,25,25,51,51,63,63,63,90,90,149,149,117,42,42,42,61,94,94,120,158,158,174,273,173,190,190,291,291,302,302,350,75,75,100,112,124,136,161,173,205,228,269,281,293,305,317,154,185,185],"floor_reached":56,"language":"ENG","playtime":2398,"items_purged":["conspire:GhostlyStrike","conspire:GhostlyDefend","Writhe","Doubt","hierophant:Punish+1"],"score":2087,"play_id":"0231a063-1b7f-47e2-a92e-d743755af88e","local_time":"20210222184314","is_ascension_mode":false,"campfire_choices":[{"data":"Enlightenment","floor":6,"key":"SMITH"},{"data":"hierophant:Smite","floor":10,"key":"SMITH"},{"data":"hierophant:MirrorShield","floor":15,"key":"SMITH"},{"data":"hierophant:ChurchCoffers","floor":24,"key":"SMITH"},{"floor":32,"key":"RECALL"},{"floor":42,"key":"REST"},{"floor":45,"key":"REST"},{"floor":49,"key":"REST"},{"floor":52,"key":"REST"}],"circlet_count":0,"master_deck":["hierophant:ChurchCoffers+1","hierophant:Smite+1","Enlightenment+1","hierophant:MirrorShield+1","hierophant:Repentance+1","hierophant:MorningPrayer+1","hierophant:MirrorShield+1"],"relics":["hierophant:PropheticMaskRelic","NeowsBlessing","halation:LettersToHer","hubris:EvacipatedBox","Juzu Bracelet","infinitespire:PuzzleCube","halation:PinkSoulGem","GremlinMask","halation:PromiseList","Empty Cage","wanderingMiniBosses:OtherGremlinHorn","StoneCalendar","Replay:Mystery Machine","halation:PenCase","Kintsugi","Replay:Kaleidoscope","MawBank","Blue Candle","Darkstone Periapt","Replay:Arrowhead","Bottled Flame"],"acts_visited":["Exordium","TheCity","TheBeyond","TheEnding"],"potions_floor_usage":[16,16,16,16,16,25,55,55,55],"damage_taken":[{"damage":0,"enemies":"Small Slimes","floor":1,"turns":1},{"damage":0,"enemies":"Jaw Worm","floor":4,"turns":1},{"damage":0,"enemies":"3 Sentries","floor":7,"turns":2},{"damage":0,"enemies":"conspire:RoseBush","floor":11,"turns":2},{"damage":0,"enemies":"Fading Forest","floor":16,"turns":9},{"damage":10,"enemies":"2 Thieves","floor":18,"turns":3},{"damage":3,"enemies":"conspire:FuzzyDice","floor":22,"turns":4},{"damage":0,"enemies":"conspire:Head Lice","floor":23,"turns":2},{"damage":2,"enemies":"Book of Stabbing","floor":25,"turns":2},{"damage":0,"enemies":"Centurion and Healer","floor":26,"turns":2},{"damage":5,"enemies":"Centurion and Healer","floor":28,"turns":2},{"damage":0,"enemies":"Snake Plant","floor":31,"turns":2},{"damage":14,"enemies":"Automaton","floor":33,"turns":4},{"damage":0,"enemies":"3 Shapes","floor":35,"turns":1},{"damage":0,"enemies":"2 Orb Walkers","floor":37,"turns":1},{"damage":0,"enemies":"Giant Head","floor":40,"turns":1},{"damage":0,"enemies":"Orb Walker","floor":44,"turns":2},{"damage":0,"enemies":"4 Shapes","floor":46,"turns":1},{"damage":0,"enemies":"Jaw Worm Horde","floor":47,"turns":1},{"damage":0,"enemies":"Nightmare","floor":48,"turns":1},{"damage":0,"enemies":"Replay:Hell Engine","floor":50,"turns":1},{"damage":0,"enemies":"Shield and Spear","floor":54,"turns":1},{"damage":67,"enemies":"The Heart","floor":55,"turns":1}],"seed_played":"-767644306942552619","potions_obtained":[{"floor":7,"key":"EntropicBrew"},{"floor":11,"key":"Venom Potion"},{"floor":18,"key":"Ancient Potion"},{"floor":22,"key":"Swift Potion"},{"floor":23,"key":"Energy Potion"},{"floor":33,"key":"LifebloodPotion"},{"floor":35,"key":"LifebloodPotion"}],"is_trial":false,"path_per_floor":["M","?","$","M","?","R","E","?","T","R","M","?","?","T","R","B",null,"M","$","?","?","M","E","R","E","MIM","?","M","?","$","M","R_BF","B",null,"M","?","?","$","?","E","?","R","T","M","R","M","M","NM","R","B",null,"R","$","E","B",null],"character_chosen":"HIEROPHANT","items_purchased":["halation:LettersToHer","hubris:EvacipatedBox","Juzu Bracelet"],"campfire_rested":4,"item_purchase_floors":[3,3,3],"current_hp_per_floor":[75,81,42,42,42,42,42,42,42,42,42,42,42,42,42,52,81,71,71,71,71,68,68,68,66,66,70,65,65,65,65,65,51,81,81,81,81,81,78,78,73,81,81,81,81,81,81,81,81,81,81,81,81,81,14],"gold":185,"neow_bonus":"THREE_ENEMY_KILL","is_daily":false,"chose_seed":false,"campfire_upgraded":4,"win_rate":0.0,"timestamp":1613990594,"path_taken":["M","?","?","M","?","R","E","?","T","R","M","?","?","?","R","BOSS","M","$","?","?","M","E","R","E","MIM","?","M","?","$","M","R_BF","BOSS","M","?","?","$","?","E","?","R","T","M","R","M","M","NM","R","BOSS","R","$","E","BOSS"],"items_purchased_type":["Relic","Relic","Relic"],"build_version":"2020-12-22","purchased_purges":5,"victory":true,"max_hp_per_floor":[75,81,81,81,81,81,81,81,81,81,81,81,81,81,81,81,81,81,81,81,81,81,81,81,81,81,81,81,81,81,81,81,81,81,81,81,81,81,81,81,81,81,81,81,81,81,81,81,81,81,81,81,81,81,81],"card_choices":[{"not_picked":["hierophant:Remorse","hierophant:FlamingChariot"],"picked":"hierophant:Smite","floor":1},{"not_picked":["hierophant:TollTheBells","hierophant:CursedGold","hierophant:Sermon"],"picked":"SKIP","floor":4},{"not_picked":["hierophant:Doubloon","hierophant:FieryStrike"],"picked":"hierophant:MirrorShield","floor":7},{"not_picked":["hierophant:Exaltation","hierophant:AuricShield"],"picked":"hierophant:HolyVerse","floor":11},{"not_picked":["hierophant:ThreeLashes","hierophant:Bribe","hierophant:Purify"],"picked":"SKIP","floor":18},{"not_picked":["hierophant:Refuge+1","hierophant:CursedGold","hierophant:Shelter"],"picked":"SKIP","floor":22},{"not_picked":["hierophant:AuricForm","hierophant:SolarFlare","hierophant:RepressedViolence"],"picked":"SKIP","floor":23},{"not_picked":["hierophant:DisplayOfPower","hierophant:Encroach","hierophant:Mercenaries+1"],"picked":"SKIP","floor":25},{"not_picked":["hierophant:MorningPrayer","hierophant:FlamingChariot+1","hierophant:Smite"],"picked":"SKIP","floor":28},{"not_picked":["hierophant:HolyVerse+1","hierophant:Endure","hierophant:AuricForm"],"picked":"SKIP","floor":31},{"not_picked":["hierophant:Charity+1","hierophant:ThreeLashes","hierophant:HammerAndAnvil"],"picked":"SKIP","floor":35},{"not_picked":["hierophant:FieryStrike","hierophant:RustyCrate+1"],"picked":"hierophant:Repentance+1","floor":37},{"not_picked":["hierophant:FlamingChariot","hierophant:Purify+1"],"picked":"hierophant:MorningPrayer+1","floor":40},{"not_picked":["hierophant:PassingBell+1","hierophant:EyeForCoin+1"],"picked":"hierophant:MirrorShield+1","floor":44},{"not_picked":["hierophant:RepressedViolence","hierophant:Patience+1","hierophant:Remorse"],"picked":"SKIP","floor":46},{"not_picked":["hierophant:HammerAndAnvil+1","hierophant:SecretStash+1","hierophant:Batter"],"picked":"SKIP","floor":47},{"not_picked":["hierophant:SecretStash+1","hierophant:Empathy","hierophant:Zeal"],"picked":"SKIP","floor":48},{"not_picked":["hierophant:Upheaval","hierophant:RustyCrate+1","hierophant:Smite"],"picked":"SKIP","floor":54}],"player_experience":109868,"relics_obtained":[{"floor":7,"key":"infinitespire:PuzzleCube"},{"floor":9,"key":"halation:LettersToHer"},{"floor":14,"key":"halation:LettersToHer"},{"floor":14,"key":"halation:PromiseList"},{"floor":22,"key":"wanderingMiniBosses:OtherGremlinHorn"},{"floor":23,"key":"StoneCalendar"},{"floor":25,"key":"Replay:Mystery Machine"},{"floor":26,"key":"halation:PenCase"},{"floor":26,"key":"halation:LettersToHer"},{"floor":37,"key":"Replay:Kaleidoscope"},{"floor":40,"key":"MawBank"},{"floor":43,"key":"halation:LettersToHer"},{"floor":43,"key":"Darkstone Periapt"},{"floor":48,"key":"Replay:Arrowhead"},{"floor":54,"key":"Bottled Flame"}],"event_choices":[{"damage_healed":0,"gold_gain":0,"player_choice":"RENOUNCE","damage_taken":109,"max_hp_gain":0,"max_hp_loss":0,"event_name":"betterThird:BetterSerpent","floor":2,"gold_loss":109,"cards_obtained":["Enlightenment"]},{"damage_healed":0,"gold_gain":0,"player_choice":"Left","damage_taken":0,"max_hp_gain":0,"max_hp_loss":0,"event_name":"betterThird:BetterGoop","floor":5,"gold_loss":14},{"damage_healed":0,"gold_gain":0,"player_choice":"Trade","damage_taken":0,"relics_obtained":["GremlinMask"],"max_hp_gain":0,"max_hp_loss":0,"event_name":"FaceTrader","floor":12,"gold_loss":0},{"damage_healed":0,"gold_gain":0,"player_choice":"Agree","damage_taken":0,"max_hp_gain":0,"max_hp_loss":0,"event_name":"conspire:LoneGhost","floor":13,"gold_loss":0},{"damage_healed":0,"gold_gain":0,"player_choice":"Upgraded","damage_taken":0,"max_hp_gain":0,"max_hp_loss":0,"event_name":"Upgrade Shrine","floor":20,"gold_loss":0,"cards_upgraded":["hierophant:Punish"]},{"damage_healed":0,"gold_gain":0,"player_choice":"Forge","damage_taken":0,"max_hp_gain":0,"max_hp_loss":0,"event_name":"Accursed Blacksmith","floor":21,"gold_loss":0,"cards_upgraded":["hierophant:HolyVerse"]},{"damage_healed":4,"gold_gain":0,"player_choice":"LEAVE ","damage_taken":0,"relics_obtained":[],"max_hp_gain":0,"max_hp_loss":0,"event_name":"betterSkull:BetterSkull","floor":27,"gold_loss":0,"cards_upgraded":[]},{"damage_healed":0,"gold_gain":99,"player_choice":"Steal","damage_taken":0,"max_hp_gain":0,"max_hp_loss":0,"event_name":"betterThird:BetterNest","floor":29,"gold_loss":0},{"damage_healed":0,"gold_gain":0,"player_choice":"Got Potions","damage_taken":0,"max_hp_gain":0,"max_hp_loss":0,"event_name":"Lab","floor":36,"gold_loss":0},{"damage_healed":0,"gold_gain":0,"player_choice":"Fight","damage_taken":0,"max_hp_gain":0,"max_hp_loss":0,"event_name":"Mysterious Sphere","floor":37,"gold_loss":0},{"damage_healed":0,"gold_gain":0,"player_choice":"Punched","damage_taken":3,"max_hp_gain":0,"max_hp_loss":0,"event_name":"Designer","floor":39,"gold_loss":0}],"is_beta":false,"boss_relics":[{"not_picked":["halation:LoveArrow","halation:PlatinumPhoenix","infinitespire:Cupcake"],"picked":"Empty Cage"},{"not_picked":["conspire:RunicOctahedron","Black Star","halation:PinkAlligatorPlush"],"picked":"Kintsugi"}],"items_purged_floors":[19,30,38,38,53],"is_endless":false,"potions_floor_spawned":[7,11,18,22,23,33,35,44,54],"ascension_level":0}}