{"host":"qgrlfjrqk9z96gfi","time":1613977271,"event":{"mods":["BaseMod","Block Reminder","Colored Map","Custom Start","DeckTracker","Minty Spire (QoL Compilation)"],"gold_per_floor":[119,119,138,138,8,8,8,8,8,36,46,5,17,32,32,32,32],"floor_reached":16,"language":"ENG","playtime":330,"items_purged":["Strike_G"],"score":200,"play_id":"44d226c1-c4c6-43e3-ba6e-ff897ded3512","local_time":"20210221210111","is_ascension_mode":true,"campfire_choices":[{"floor":6.0,"key":"DIG"},{"floor":8.0,"key":"DIG"},{"floor":15,"key":"REST"}],"circlet_count":0,"master_deck":["AscendersBane","Strike_G","Strike_G","Strike_G","Defend_G+1","Defend_G","Defend_G","Defend_G","Defend_G","Survivor","Neutralize","Dagger Spray+1","Eviscerate+1","Leg Sweep","Blade Dance"],"relics":["Ring of the Snake","Shovel","Oddly Smooth Stone","The Courier","Singing Bowl","Calipers"],"acts_visited":["Exordium"],"potions_floor_usage":[],"damage_taken":[{"damage":2.0,"enemies":"2 Louse","floor":1.0,"turns":4.0},{"damage":6.0,"enemies":"Jaw Worm","floor":3.0,"turns":5.0},{"damage":13.0,"enemies":"3 Sentries","floor":10.0,"turns":5.0},{"damage":0.0,"enemies":"Cultist","floor":11.0,"turns":3.0},{"damage":4.0,"enemies":"Large Slime","floor":13.0,"turns":4.0},{"damage":2.0,"enemies":"3 Louse","floor":14.0,"turns":3.0},{"damage":40,"enemies":"The Guardian","floor":16,"turns":6}],"seed_played":"-1819908406752379650","potions_obtained":[{"floor":13.0,"key":"SpeedPotion"}],"is_trial":false,"path_per_floor":["M","?","M","?","$","R","?","R","T","E","M","$","M","M","R","B"],"character_chosen":"THE_SILENT","items_purchased":["Strength Potion","Blade Dance"],"campfire_rested":1,"item_purchase_floors":[5,12],"current_hp_per_floor":[57,39,33,33,33,33,33,33,33,22,22,22,20,20,39,0,0],"gold":32,"neow_bonus":"ONE_RARE_RELIC","is_daily":false,"chose_seed":false,"campfire_upgraded":0,"win_rate":0.0,"timestamp":1613977271,"path_taken":["M","?","M","?","$","R","?","R","T","E","M","$","?","M","R","BOSS"],"items_purchased_type":["Potion","Card"],"build_version":"2020-12-22","purchased_purges":1,"victory":false,"max_hp_per_floor":[60,60,60,60,60,60,60,60,60,62,62,62,64,66,66,66,66],"card_choices":[{"not_picked":["Flechettes","Sucker Punch"],"picked":"Dagger Spray","floor":1.0},{"not_picked":["Acrobatics","Slice"],"picked":"Eviscerate","floor":3.0},{"not_picked":["Bane","Corpse Explosion","Deflect"],"picked":"Singing Bowl","floor":10.0},{"not_picked":["Bane","PiercingWail"],"picked":"Leg Sweep","floor":11.0},{"not_picked":["Choke","Acrobatics","PiercingWail"],"picked":"Singing Bowl","floor":13.0},{"not_picked":["Crippling Poison","Well Laid Plans","Deadly Poison"],"picked":"Singing Bowl","floor":14.0}],"player_experience":1185471,"relics_obtained":[{"floor":6.0,"key":"Oddly Smooth Stone"},{"floor":8.0,"key":"The Courier"},{"floor":9.0,"key":"Singing Bowl"},{"floor":10.0,"key":"Calipers"}],"event_choices":[{"damage_healed":0.0,"max_hp_gain":0.0,"max_hp_loss":0.0,"gold_gain":0.0,"event_name":"Shining Light","player_choice":"Entered Light","floor":2.0,"gold_loss":0.0,"damage_taken":18.0,"cards_upgraded":["Defend_G","Dagger Spray"]},{"damage_healed":0.0,"max_hp_gain":0.0,"max_hp_loss":0.0,"gold_gain":0.0,"event_name":"Living Wall","player_choice":"Grow","floor":4.0,"gold_loss":0.0,"damage_taken":0.0,"cards_upgraded":["Eviscerate"]},{"cards_removed":["Strike_G"],"damage_healed":0.0,"max_hp_gain":0.0,"max_hp_loss":0.0,"gold_gain":0.0,"event_name":"Purifier","player_choice":"Purged","floor":7.0,"gold_loss":0.0,"damage_taken":0.0}],"is_beta":false,"boss_relics":[],"items_purged_floors":[5],"is_endless":false,"potions_floor_spawned":[13],"killed_by":"The Guardian","ascension_level":20}}