{"host":"5ddwedapke4fsx0r","time":1613983253,"event":{"mods":["BaseMod","Minty Spire (QoL Compilation)","StSLib"],"gold_per_floor":[110,110,133,133,152,152,152,186,209,209,209,55,94,112,112,240,240,233,233,233,248,272,272,308,324,324,348,348,348,386,162,162,292,292,312,12,33,33,33],"floor_reached":38,"language":"ENG","playtime":1926,"items_purged":[],"score":559,"play_id":"4db293e3-7d81-405c-8c4b-560a250e7d58","local_time":"20210222094053","is_ascension_mode":true,"campfire_choices":[{"data":"Deadly Poison","floor":6,"key":"SMITH"},{"data":"Footwork","floor":7,"key":"SMITH"},{"floor":10,"key":"REST"},{"data":"Bane","floor":11,"key":"SMITH"},{"floor":15,"key":"REST"},{"floor":23,"key":"REST"},{"floor":29,"key":"REST"},{"data":"Noxious Fumes","floor":32,"key":"SMITH"}],"circlet_count":0,"master_deck":["Strike_G+1","Strike_G","Defend_G","Defend_G","Defend_G","Defend_G","Defend_G","Survivor","Neutralize","Bane+1","Deadly Poison+1","Footwork+1","Footwork","Malaise","Skewer+1","Flying Knee","Bouncing Flask+1","Backflip","Envenom","Catalyst+1","Poisoned Stab","Adrenaline","Footwork","Dagger Spray","Noxious Fumes+1"],"relics":["Ring of the Snake","WingedGreaves","Golden Idol","Orichalcum","Toy Ornithopter","Lantern","Shuriken","Velvet Choker","Akabeko","Dream Catcher","Matryoshka","Strawberry","Whetstone","Empty Cage","PreservedInsect","HandDrill"],"acts_visited":["Exordium","TheCity","TheBeyond"],"potions_floor_usage":[16,16,24,30,33,37],"damage_taken":[{"damage":2,"enemies":"Jaw Worm","floor":1,"turns":4},{"damage":0,"enemies":"2 Louse","floor":3,"turns":2},{"damage":0,"enemies":"Small Slimes","floor":5,"turns":3},{"damage":25,"enemies":"Gremlin Nob","floor":8,"turns":5},{"damage":24,"enemies":"3 Sentries","floor":13,"turns":10},{"damage":1,"enemies":"Exordium Thugs","floor":14,"turns":5},{"damage":30,"enemies":"The Guardian","floor":16,"turns":9},{"damage":13,"enemies":"2 Thieves","floor":18,"turns":4},{"damage":0,"enemies":"Chosen","floor":21,"turns":4},{"damage":23,"enemies":"3 Cultists","floor":22,"turns":7},{"damage":0,"enemies":"Book of Stabbing","floor":24,"turns":6},{"damage":6,"enemies":"Snecko","floor":25,"turns":4},{"damage":3,"enemies":"Snake Plant","floor":27,"turns":3},{"damage":19,"enemies":"Slavers","floor":30,"turns":9},{"damage":22,"enemies":"Collector","floor":33,"turns":4},{"damage":15,"enemies":"Orb Walker","floor":35,"turns":4},{"damage":5,"enemies":"3 Shapes","floor":37,"turns":3},{"damage":49,"enemies":"Spire Growth","floor":38,"turns":5}],"seed_played":"-2086302045258523375","potions_obtained":[{"floor":1,"key":"Energy Potion"},{"floor":8,"key":"LiquidMemories"},{"floor":13,"key":"ColorlessPotion"},{"floor":22,"key":"SpeedPotion"},{"floor":24,"key":"Fire Potion"},{"floor":25,"key":"DistilledChaos"}],"is_trial":false,"path_per_floor":["M","?","M","?","M","R","R","E","T","R","R","$","E","M","R","B",null,"M","?","?","M","M","R","E","M","T","M","?","R","E","$","R","B",null,"M","$","M","M"],"character_chosen":"THE_SILENT","items_purchased":["Lantern","Noxious Fumes","Whetstone","PreservedInsect","HandDrill"],"campfire_rested":4,"item_purchase_floors":[12,31,31,36,36],"current_hp_per_floor":[61,46,46,46,46,46,46,21,21,39,39,39,15,14,32,12,50,37,37,37,37,14,32,37,31,31,28,28,46,39,39,39,22,58,43,43,43,0,0],"gold":33,"neow_bonus":"ONE_RARE_RELIC","is_daily":false,"chose_seed":false,"campfire_upgraded":4,"win_rate":0.0,"timestamp":1613983253,"path_taken":["M","?","M","?","M","R","R","E","T","R","R","?","E","M","R","BOSS","M","?","?","M","?","R","E","?","T","M","?","R","E","$","R","BOSS","M","$","M","M"],"items_purchased_type":["Relic","Card","Relic","Relic","Relic"],"build_version":"2020-12-22","purchased_purges":0,"victory":false,"max_hp_per_floor":[63,63,63,63,63,63,63,63,63,63,63,63,63,63,63,63,63,63,63,63,63,63,63,63,63,63,63,63,63,70,70,70,70,70,70,70,70,70,70],"card_choices":[{"not_picked":["Setup","Dagger Throw"],"picked":"Bane","floor":1},{"not_picked":["Escape Plan","Setup"],"picked":"Deadly Poison","floor":3},{"not_picked":["Poisoned Stab","Deadly Poison"],"picked":"Footwork","floor":5},{"not_picked":["Expertise","Concentrate","Deflect"],"picked":"SKIP","floor":8},{"not_picked":["Dagger Throw","Grand Finale","Slice"],"picked":"SKIP","floor":13},{"not_picked":["Outmaneuver","Cloak And Dagger"],"picked":"Footwork","floor":14},{"not_picked":["Doppelganger","Night Terror"],"picked":"Malaise","floor":16},{"not_picked":["Calculated Gamble+1","Bane"],"picked":"Skewer","floor":18},{"not_picked":["Blade Dance","Underhanded Strike"],"picked":"Bouncing Flask+1","floor":21},{"not_picked":["Deflect","Underhanded Strike","Infinite Blades"],"picked":"SKIP","floor":22},{"not_picked":["Quick Slash","Sucker Punch"],"picked":"Backflip","floor":24},{"not_picked":["Flechettes","Slice"],"picked":"Envenom","floor":25},{"not_picked":["Flying Knee","Caltrops"],"picked":"Catalyst+1","floor":27},{"not_picked":["Deadly Poison","Outmaneuver"],"picked":"Footwork","floor":29},{"not_picked":["Cloak And Dagger","All Out Attack"],"picked":"Dagger Spray","floor":30},{"not_picked":["Eviscerate+1","Cloak And Dagger","Dagger Throw+1"],"picked":"SKIP","floor":35},{"not_picked":["Masterful Stab+1","Sucker Punch+1","PiercingWail+1"],"picked":"SKIP","floor":37}],"player_experience":382672,"relics_obtained":[{"floor":8,"key":"Orichalcum"},{"floor":9,"key":"Toy Ornithopter"},{"floor":13,"key":"Shuriken"},{"floor":24,"key":"Dream Catcher"},{"floor":26,"key":"Matryoshka"},{"floor":30,"key":"Strawberry"}],"event_choices":[{"damage_healed":0,"gold_gain":0,"player_choice":"Take Damage","damage_taken":15,"relics_obtained":["Golden Idol"],"max_hp_gain":0,"max_hp_loss":0,"event_name":"Golden Idol","floor":2,"gold_loss":0},{"damage_healed":0,"gold_gain":0,"player_choice":"Ignored","damage_taken":0,"max_hp_gain":0,"max_hp_loss":0,"event_name":"Liars Game","floor":4,"gold_loss":0},{"damage_healed":0,"gold_gain":0,"player_choice":"Opened","damage_taken":0,"relics_obtained":["Akabeko"],"max_hp_gain":0,"max_hp_loss":0,"event_name":"The Mausoleum","floor":19,"gold_loss":0},{"damage_healed":0,"gold_gain":0,"cards_transformed":["Strike_G"],"player_choice":"Transformed","damage_taken":0,"max_hp_gain":0,"max_hp_loss":0,"event_name":"Transmorgrifier","floor":20,"gold_loss":0,"cards_obtained":["Flying Knee"]},{"damage_healed":0,"gold_gain":0,"player_choice":"2 cards matched","damage_taken":0,"max_hp_gain":0,"max_hp_loss":0,"event_name":"Match and Keep!","floor":28,"gold_loss":0,"cards_obtained":["Poisoned Stab","Adrenaline"]}],"is_beta":false,"boss_relics":[{"not_picked":["Busted Crown","Black Star"],"picked":"Velvet Choker"},{"not_picked":["Sozu","Runic Dome"],"picked":"Empty Cage"}],"items_purged_floors":[],"is_endless":false,"potions_floor_spawned":[1,8,13,22,24,25],"killed_by":"Spire Growth","ascension_level":5}}