{"host":"6nn4wuhmber0v4i4","time":1613997664,"event":{"mods":["BaseMod","Downfall","Hermit","Lobotomy","Minty Spire (QoL Compilation)","Quick Restart","Relic Stats","Replay The Spire","Spicy Shops","StSLib","The Cursed","The Poker Player"],"gold_per_floor":[116,135,135,152,167,199,199,209,209,224,224,224,224,224,224,328,328,346,356,556,585,585,585,597,290,316,333,106,106,120,135,135,232,232,251,58,58,8,1007,1007,1051,1060,1060,1077,1077,1101,1127,1166,1166,1166,1166,1166,11,42,42,42,42],"floor_reached":55,"language":"ZHS","playtime":4151,"items_purged":["PokerPlayerMod:Spade1","PokerPlayerMod:Club1","PokerPlayerMod:Club2","PokerPlayerMod:Heart2","PokerPlayerMod:Spade3","PokerPlayerMod:Diamond3","PokerPlayerMod:Diamond5"],"score":952,"play_id":"b138f4bf-8c7f-494f-b614-8878f9d17b06","local_time":"20210222204104","is_ascension_mode":false,"metric_token":790,"campfire_choices":[{"data":"PokerPlayerMod:HeartStrike","floor":7.0,"key":"SMITH"},{"data":"PokerPlayerMod:Mulligan","floor":11.0,"key":"SMITH"},{"data":"PokerPlayerMod:HeartStrike","floor":15.0,"key":"SMITH"},{"data":"PokerPlayerMod:WildCard","floor":23.0,"key":"SMITH"},{"data":"Normality","floor":32.0,"key":"PURGE"},{"data":"Normality","floor":40.0,"key":"PURGE"},{"floor":49.0,"key":"RECALL"},{"data":"PokerPlayerMod:Heart2","floor":52.0,"key":"PURGE"}],"circlet_count":0,"master_deck":["PokerPlayerMod:Diamond7","PokerPlayerMod:Spade4","PokerPlayerMod:TrumpStrike+1","PokerPlayerMod:BadJoker","PokerPlayerMod:Mulligan","PokerPlayerMod:Heart7","PokerPlayerMod:PoorCopy","PokerPlayerMod:HeartStrike+1","PokerPlayerMod:WasteCollection","PokerPlayerMod:Mulligan+1","PokerPlayerMod:Club4","PokerPlayerMod:Diamond10+","PokerPlayerMod:SecondChance+1","PokerPlayerMod:HeartStrike+1","PokerPlayerMod:WildCard+1","CurseOfTheBell","PokerPlayerMod:Diamond9","PokerPlayerMod:ClubDance","PokerPlayerMod:Spade9","PokerPlayerMod:ClubStrike+1","Necronomicurse","PokerPlayerMod:GamblerForm+1","PokerPlayerMod:ClubDance","PokerPlayerMod:ItsShowtime+1","PokerPlayerMod:Heart8","PokerPlayerMod:Heart8","PokerPlayerMod:Heart8","PokerPlayerMod:Diamond7","PokerPlayerMod:Duplicate+1","PokerPlayerMod:ClubDance","PokerPlayerMod:Diamond10+","PokerPlayerMod:Spade8","PokerPlayerMod:ClubShade+1"],"relics":["PokerPlayerMod:DeckCase","Lantern","Smiling Mask","Ring of Panic","ReplayTheSpireMod:Ring of Challenge","Pen Nib","Calling Bell","Replay:Baseball","Golden Egg","Peace Pipe","Red Mask","TheAbacus","Whetstone","Iron Hammer","Medical Kit","Necronomicon","Empty Cage","CeramicFish","Toy Ornithopter","Ice Cream","Strange Spoon","PokerPlayerMod:PenAndEraser","HornCleat","ReplayTheSpireMod:Shallot","Gambling Chip"],"acts_visited":["Exordium","TheCity","TheBeyond","TheEnding"],"potions_floor_usage":[],"damage_taken":[{"damage":6.0,"enemies":"Cultist","floor":1.0,"turns":3.0},{"damage":0.0,"enemies":"Small Slimes","floor":2.0,"turns":3.0},{"damage":0.0,"enemies":"2 Louse","floor":4.0,"turns":2.0},{"damage":4.0,"enemies":"Looter","floor":5.0,"turns":2.0},{"damage":13.0,"enemies":"3 Sentries","floor":6.0,"turns":4.0},{"damage":0.0,"enemies":"2 Fungi Beasts","floor":8.0,"turns":2.0},{"damage":10.0,"enemies":"3 Louse","floor":10.0,"turns":2.0},{"damage":52.0,"enemies":"Fading Forest","floor":16.0,"turns":11.0},{"damage":15.0,"enemies":"Chosen","floor":18.0,"turns":4.0},{"damage":10.0,"enemies":"Spheric Guardian","floor":19.0,"turns":3.0},{"damage":19.0,"enemies":"Masked Bandits","floor":21.0,"turns":3.0},{"damage":2.0,"enemies":"Cultist and Chosen","floor":24.0,"turns":4.0},{"damage":0.0,"enemies":"Chosen and Byrds","floor":27.0,"turns":3.0},{"damage":8.0,"enemies":"Snecko","floor":30.0,"turns":3.0},{"damage":10.0,"enemies":"Cultist and Chosen","floor":31.0,"turns":4.0},{"damage":79.0,"enemies":"Pondfish","floor":33.0,"turns":13.0},{"damage":13.0,"enemies":"Orb Walker","floor":35.0,"turns":3.0},{"damage":31.0,"enemies":"R_Hoarder","floor":41.0,"turns":7.0},{"damage":0.0,"enemies":"3 Darklings","floor":44.0,"turns":1.0},{"damage":12.0,"enemies":"Spire Growth","floor":46.0,"turns":3.0},{"damage":3.0,"enemies":"4 Shapes","floor":47.0,"turns":2.0},{"damage":54.0,"enemies":"Giant Head","floor":48.0,"turns":8.0},{"damage":116.0,"enemies":"Awakened One","floor":50.0,"turns":10.0},{"damage":51,"enemies":"Shield and Spear","floor":54,"turns":6},{"damage":91,"enemies":"The Heart","floor":55,"turns":6}],"seed_played":"-5812010736660092048","potions_obtained":[{"floor":4.0,"key":"Ancient Potion"},{"floor":8.0,"key":"Explosive Potion"},{"floor":10.0,"key":"FearPotion"},{"floor":19.0,"key":"FairyPotion"},{"floor":24.0,"key":"Elixir"},{"floor":30.0,"key":"Toxic Potion"},{"floor":47.0,"key":"FairyPotion"}],"is_trial":false,"path_per_floor":["M","M","?","M","M","E","R","M","T","M","R","T","?","?","R","B",null,"M","M","?","?","?","R","M","$","T","M","$","?","M","M","R","B",null,"M","$","?","$","?","R","E","?","T","M","?","M","M","E","R","B",null,"R","$","E","B"],"character_chosen":"THE_POKER_PLAYER","items_purchased":["TheAbacus","PokerPlayerMod:Spade8","PokerPlayerMod:ClubStrike+1","Iron Hammer","Medical Kit","PokerPlayerMod:Heart7","Strange Spoon","PokerPlayerMod:PenAndEraser","HornCleat","PokerPlayerMod:Diamond9","PokerPlayerMod:Spade7","PokerPlayerMod:ClubShade","ReplayTheSpireMod:Shallot"],"campfire_rested":0,"item_purchase_floors":[25,25,25,28,28,36,53,53,53,53,53,53,53],"current_hp_per_floor":[46,52,52,52,52,43,43,52,52,49,49,49,49,49,49,14,52,47,44,44,37,37,37,52,52,52,52,52,36,44,42,42,10,52,39,39,39,39,39,39,46,46,46,52,52,40,52,18,18,15,52,52,52,18,0,0,0],"gold":42,"neow_bonus":"RANDOM_EVENT","is_daily":false,"chose_seed":false,"campfire_upgraded":4,"win_rate":0.0,"timestamp":1613997664,"path_taken":["M","M","?","?","M","E","R","M","T","M","R","?","?","?","R","BOSS","M","M","?","?","?","R","M","$","T","M","$","?","M","M","R","BOSS","M","$","?","$","?","R","E","?","T","?","?","M","M","E","R","BOSS","R","$","E","BOSS"],"items_purchased_type":["Relic","Card","Card","Relic","Relic","Card","Relic","Relic","Relic","Card","Card","Card","Relic"],"build_version":"2020-12-22","purchased_purges":7,"victory":false,"max_hp_per_floor":[52,52,52,52,52,52,52,52,52,52,52,52,52,52,52,52,52,52,52,52,52,52,52,52,52,52,52,52,52,52,52,52,52,52,52,52,52,52,52,52,52,52,52,52,52,52,52,52,52,52,52,52,52,52,52,52,52],"relic_stats":{"counters":[25,112],"CeramicFish":72,"Pen Nib":[9],"Whetstone":["PokerPlayerMod:TrumpStrike","PokerPlayerMod:SecondChance"],"Smiling Mask":700,"Medical Kit":[0],"Peace Pipe":3,"Strange Spoon":[5],"TheAbacus":[66],"Gambling Chip":[4],"Necronomicon":[23],"obtain_stats":[{"Ice Cream":48,"Golden Egg":17,"Lantern":6,"PokerPlayerMod:PenAndEraser":53,"CeramicFish":41,"Whetstone":26,"Smiling Mask":9,"Empty Cage":34,"PokerPlayerMod:DeckCase":0,"TheAbacus":25,"HornCleat":53,"Gambling Chip":54,"Iron Hammer":28,"Red Mask":21,"Necronomicon":29,"Ring of Panic":13,"Pen Nib":14,"Medical Kit":28,"Calling Bell":17,"Peace Pipe":17,"Strange Spoon":53,"Replay:Baseball":17,"ReplayTheSpireMod:Shallot":53,"ReplayTheSpireMod:Ring of Challenge":13,"Toy Ornithopter":43},{"Ice Cream":22,"Golden Egg":8,"Lantern":5,"PokerPlayerMod:PenAndEraser":23,"CeramicFish":18,"Whetstone":12,"Smiling Mask":6,"Empty Cage":16,"PokerPlayerMod:DeckCase":0,"TheAbacus":12,"HornCleat":23,"Gambling Chip":24,"Iron Hammer":13,"Red Mask":11,"Necronomicon":13,"Ring of Panic":7,"Pen Nib":7,"Medical Kit":13,"Calling Bell":8,"Peace Pipe":8,"Strange Spoon":23,"Replay:Baseball":8,"ReplayTheSpireMod:Shallot":23,"ReplayTheSpireMod:Ring of Challenge":7,"Toy Ornithopter":18},{"Ice Cream":90,"Golden Egg":29,"Lantern":14,"PokerPlayerMod:PenAndEraser":100,"CeramicFish":76,"Whetstone":43,"Smiling Mask":16,"Empty Cage":66,"PokerPlayerMod:DeckCase":0,"TheAbacus":43,"HornCleat":100,"Gambling Chip":106,"Iron Hammer":46,"Red Mask":39,"Necronomicon":46,"Ring of Panic":18,"Pen Nib":18,"Medical Kit":46,"Calling Bell":29,"Peace Pipe":29,"Strange Spoon":100,"Replay:Baseball":29,"ReplayTheSpireMod:Shallot":100,"ReplayTheSpireMod:Ring of Challenge":18,"Toy Ornithopter":76}],"Toy Ornithopter":0},"card_choices":[{"not_picked":["PokerPlayerMod:Fold","PokerPlayerMod:Diamond2"],"picked":"PokerPlayerMod:PoorCopy","floor":1.0},{"not_picked":["PokerPlayerMod:Heart3","PokerPlayerMod:Spade4"],"picked":"PokerPlayerMod:HeartStrike","floor":2.0},{"not_picked":["PokerPlayerMod:Diamond3","PokerPlayerMod:CardPrinter"],"picked":"PokerPlayerMod:Club4","floor":4.0},{"not_picked":["PokerPlayerMod:Club3","PokerPlayerMod:Raise"],"picked":"PokerPlayerMod:Diamond10+","floor":5.0},{"not_picked":["PokerPlayerMod:HotShotCut","PokerPlayerMod:Configure","PokerPlayerMod:Spade4"],"picked":"SKIP","floor":6.0},{"not_picked":["PokerPlayerMod:Overdeal","PokerPlayerMod:Configure"],"picked":"PokerPlayerMod:SecondChance","floor":8.0},{"not_picked":["PokerPlayerMod:Raise","PokerPlayerMod:Configure"],"picked":"PokerPlayerMod:HeartStrike","floor":10.0},{"not_picked":["PokerPlayerMod:Diamond9","PokerPlayerMod:SecretDealer"],"picked":"PokerPlayerMod:WildCard","floor":16.0},{"not_picked":["PokerPlayerMod:Diamond4","PokerPlayerMod:Diamond6"],"picked":"PokerPlayerMod:Diamond9","floor":18.0},{"not_picked":["PokerPlayerMod:Spade1","PokerPlayerMod:Spade5"],"picked":"PokerPlayerMod:ClubDance","floor":19.0},{"not_picked":["PokerPlayerMod:SecondChance+1","PokerPlayerMod:ClubsClub","PokerPlayerMod:Diamond5"],"picked":"SKIP","floor":24.0},{"not_picked":["PokerPlayerMod:Spade4","PokerPlayerMod:Trickery+1","PokerPlayerMod:Diamond3"],"picked":"SKIP","floor":27.0},{"not_picked":["PokerPlayerMod:CardBurn","PokerPlayerMod:Spade6"],"picked":"PokerPlayerMod:GamblerForm","floor":30.0},{"not_picked":["PokerPlayerMod:Diamond1","PokerPlayerMod:Spade3"],"picked":"PokerPlayerMod:ClubDance","floor":31.0},{"not_picked":["PokerPlayerMod:GamblerForm","PokerPlayerMod:RoyalStrike"],"picked":"PokerPlayerMod:ItsShowtime","floor":33.0},{"not_picked":["PokerPlayerMod:Spade4","PokerPlayerMod:Heart1","PokerPlayerMod:Club2"],"picked":"SKIP","floor":35.0},{"not_picked":["PokerPlayerMod:FlyingCard","PokerPlayerMod:Fold"],"picked":"PokerPlayerMod:Heart8","floor":41.0},{"not_picked":["PokerPlayerMod:RiskyBet+1","PokerPlayerMod:Configure","PokerPlayerMod:Spade1"],"picked":"SKIP","floor":44.0},{"not_picked":["PokerPlayerMod:Diamond2","PokerPlayerMod:Fold+1"],"picked":"PokerPlayerMod:Diamond7","floor":46.0},{"not_picked":["PokerPlayerMod:Club1","PokerPlayerMod:Spade4"],"picked":"PokerPlayerMod:Duplicate","floor":47.0},{"not_picked":["PokerPlayerMod:ClubsClub","PokerPlayerMod:Spade1"],"picked":"PokerPlayerMod:ClubDance","floor":48.0},{"not_picked":["PokerPlayerMod:Diamond3","PokerPlayerMod:Heart2","PokerPlayerMod:FillThePot+1"],"picked":"SKIP","floor":54}],"player_experience":285374,"relics_obtained":[{"floor":6.0,"key":"Lantern"},{"floor":9.0,"key":"Smiling Mask"},{"floor":13.0,"key":"Ring of Panic"},{"floor":13.0,"key":"ReplayTheSpireMod:Ring of Challenge"},{"floor":17.0,"key":"Replay:Baseball"},{"floor":17.0,"key":"Golden Egg"},{"floor":17.0,"key":"Peace Pipe"},{"floor":21.0,"key":"Red Mask"},{"floor":26.0,"key":"Whetstone"},{"floor":29.0,"key":"Necronomicon"},{"floor":41.0,"key":"CeramicFish"},{"floor":43.0,"key":"Toy Ornithopter"},{"floor":48.0,"key":"Ice Cream"},{"floor":54,"key":"Gambling Chip"}],"event_choices":[{"damage_healed":0.0,"max_hp_gain":0.0,"max_hp_loss":0.0,"gold_gain":0.0,"cards_transformed":["PokerPlayerMod:Diamond1"],"event_name":"Living Wall","player_choice":"Change","floor":0.0,"gold_loss":0.0,"damage_taken":0.0,"cards_obtained":["PokerPlayerMod:Heart4"]},{"damage_healed":0.0,"max_hp_gain":0.0,"max_hp_loss":0.0,"gold_gain":0.0,"event_name":"Match and Keep!","player_choice":"3 cards matched","floor":3.0,"gold_loss":0.0,"damage_taken":0.0,"cards_obtained":["PokerPlayerMod:WasteCollection","PokerPlayerMod:HiddenCard","PokerPlayerMod:Mulligan"]},{"damage_healed":0.0,"max_hp_gain":0.0,"max_hp_loss":0.0,"gold_gain":0.0,"event_name":"Big Fish","player_choice":"Box","floor":14.0,"gold_loss":0.0,"damage_taken":0.0,"relics_obtained":["Pen Nib"],"cards_obtained":["Regret"]},{"damage_healed":0.0,"max_hp_gain":0.0,"max_hp_loss":0.0,"gold_gain":0.0,"event_name":"Masked Bandits","player_choice":"Fought Bandits","floor":21.0,"gold_loss":0.0,"damage_taken":0.0},{"cards_removed":["Regret"],"damage_healed":0.0,"max_hp_gain":0.0,"max_hp_loss":0.0,"gold_gain":0.0,"event_name":"PokerPlayerMod:BackToBasicsPoker","player_choice":"Elegance","floor":22.0,"gold_loss":0.0,"damage_taken":0.0},{"damage_healed":0.0,"max_hp_gain":0.0,"max_hp_loss":0.0,"gold_gain":0.0,"event_name":"Cursed Tome","player_choice":"Obtained Book","floor":29.0,"gold_loss":0.0,"damage_taken":16.0},{"damage_healed":0.0,"max_hp_gain":0.0,"max_hp_loss":0.0,"gold_gain":0.0,"event_name":"SensoryStone","player_choice":"Memory 1","floor":37.0,"gold_loss":0.0,"damage_taken":0.0},{"damage_healed":0.0,"max_hp_gain":0.0,"max_hp_loss":0.0,"gold_gain":999.0,"event_name":"MindBloom","player_choice":"Gold","floor":39.0,"gold_loss":0.0,"damage_taken":0.0,"cards_obtained":["Normality","Normality"]},{"damage_healed":0.0,"max_hp_gain":0.0,"max_hp_loss":0.0,"gold_gain":0.0,"cards_transformed":["PokerPlayerMod:HiddenCard"],"event_name":"Transmorgrifier","player_choice":"Transformed","floor":42.0,"gold_loss":0.0,"damage_taken":0.0,"cards_obtained":["PokerPlayerMod:Heart2"]},{"cards_removed":["Normality"],"damage_healed":0.0,"max_hp_gain":0.0,"max_hp_loss":0.0,"gold_gain":0.0,"event_name":"Fountain of Cleansing","player_choice":"Removed Curses","floor":45.0,"gold_loss":0.0,"damage_taken":0.0}],"is_beta":false,"boss_relics":[{"not_picked":["Cursed Key","Painkiller Herb"],"picked":"Calling Bell"},{"not_picked":["SacredBark","PokerPlayerMod:AceCard"],"picked":"Empty Cage"}],"items_purged_floors":[25,28,36,36,38,53,53],"is_endless":false,"potions_floor_spawned":[4,8,10,18,19,24,30,44,47],"killed_by":"The Heart","ascension_level":0}}