{"host":"27wa8ufp4ryspt1p","time":1613955784,"event":{"mods":["2.2 Compatiblity","A Penny For Your Troubles","Abigail Mod","Act Like it!","Aspiration","BaseMod","Better Altar","Better Match","Better Note","Better Skull","Better Third Choice","Colored Map","Conspire","Curses Come First","Dota2Spire","Downfall-Rebalance","Elementarium","Energized Spire","Fox Events","Friendly Minions","Gensokyo","GifTheSpireLib","Gold Saver","Halation","Hallownest","HololiveMod","Hubris","Humility","Infinite Spire","Keyboard Shortcuts","Menagerie","Mimic Mod","Minty Spire (QoL Compilation)","Pale of the Ancients","Poor People Problems","Quarter Circle Forward PUNCH!","Reimu??????","Relic Filter Mod","Relic Sorter","Relic Stats","Reliquary","Replay The Spire","Reworked Bosses","Ruina","Shop Mod","Spicy Shops","Spikes Relics","Spire Arcade","StSLib","Stuff the Spire","SuperFastMode","The Cursed","The Exalted","The Judge","The Necromancer","Trackpad","Waifu the Spire","Wandering Minibosses","[IsaacMod]????","??????REMEMod","????"],"gold_per_floor":[1833,1848,1848,1848,1169,1169,1187,1220,1252,1252,1262,1290,1221,953,953,930,930,943,943,955,871,788,788,624,624,624],"floor_reached":25,"language":"SPA","playtime":888,"items_purged":[],"score":512,"play_id":"e70ef253-108b-4405-9978-4733b96f16f6","local_time":"20210221190304","daily_mods":["SealedDeck","Colorless Cards","Heirloom","Elite Swarm","Lethality"],"is_ascension_mode":true,"campfire_choices":[{"data":"conspire:Banana","floor":6,"key":"SMITH"},{"data":"Bromod:Rejuvenation","floor":10,"key":"SMITH"},{"data":"Bromod:Rejuvenation","floor":15,"key":"SMITH"},{"data":"Echo Form","floor":23,"key":"SMITH"}],"circlet_count":0,"master_deck":["AscendersBane","EpicFetus","StuffTheSpire:PlasmaPulse","Rebound","Panic Button","Conserve Battery","Sunder","Discovery","conspire:Banana+1","Barrage","Cold Snap","conspire:SharedLibrary","Bromod:Rejuvenation+1","Fusion","REME_BodyOfCthun","Inflame","expansioncontent:DashGenerateEvil","Bromod:Rejuvenation+1","REME_AllRoundStrike","Core Surge","REME_EyeOfCthun","REME_Flogging","Amplify","Echo Form+1","Cold Snap","expansioncontent:Collect+1","Ball Lightning","ruina:Mimicry"],"relics":["HushsDoor","REME_ComplimentaryCards","infinitespire:Joker Card","Leech","Iron Core","hubris:Towel","Guardian:PocketSentry","MerchantsRug","wanderingMiniBosses:CarrionFlame","GuppysTail","Replay:Wax Seal","RollingBoulder","trackpad:ByrdBGone","DataDisk","Prayer Wheel","REME_HourglassOfDeath","hubris:RunicObelisk"],"acts_visited":["Menagerie:Menagerie","ruina:Briah"],"potions_floor_usage":[],"damage_taken":[{"damage":7,"enemies":"Menagerie:2_RABBITS","floor":1,"turns":2},{"damage":12,"enemies":"Menagerie:WhisperingWraith","floor":2,"turns":3},{"damage":0,"enemies":"Menagerie:StygianBoar","floor":7,"turns":7},{"damage":6,"enemies":"Menagerie:Hydra","floor":8,"turns":3},{"damage":9,"enemies":"Menagerie:KEEPER_AND_YOUNG_SUNEATER","floor":9,"turns":3},{"damage":15,"enemies":"Menagerie:KEEPER_AND_YOUNG_SUNEATER","floor":11,"turns":3},{"damage":21,"enemies":"Menagerie:VoidReaper","floor":12,"turns":4},{"damage":0,"enemies":"Menagerie:Hydra","floor":14,"turns":3},{"damage":14,"enemies":"Menagerie:AVATARS","floor":16,"turns":3},{"damage":16,"enemies":"ruina:2_Scarecrows","floor":18,"turns":2},{"damage":0,"enemies":"ruina:3_Bats","floor":20,"turns":1},{"damage":10,"enemies":"ruina:KingOfGreed","floor":21,"turns":3},{"damage":3,"enemies":"ruina:Woodsman","floor":22,"turns":2},{"damage":54,"enemies":"ruina:Mountain","floor":25,"turns":1}],"seed_played":"-3222494544701246714","potions_obtained":[{"floor":2,"key":"conspire:TimeTravelPotion"},{"floor":12,"key":"Block Potion"},{"floor":14,"key":"ZuzhouPotion:ReiMu"},{"floor":16,"key":"PowerPotion"}],"is_trial":true,"path_per_floor":["M","M","?","?","$","R","M","E","MIM","R","M","E","$","E","R","B",null,"M","?","M","M","M","R","$","E"],"character_chosen":"DEFECT","items_purchased":["Guardian:PocketSentry","MerchantsRug","Inflame","expansioncontent:DashGenerateEvil","DollysMirror","DataDisk","REME_Flogging","Prayer Wheel","ruina:Mimicry"],"campfire_rested":0,"item_purchase_floors":[5,5,5,5,5,13,13,13,24],"current_hp_per_floor":[59,51,51,51,51,51,61,59,53,53,44,30,30,35,35,25,75,60,60,61,54,53,53,53,0,0],"gold":624,"neow_bonus":"","is_daily":false,"chose_seed":false,"campfire_upgraded":4,"win_rate":0.0,"timestamp":1613955784,"path_taken":["?","?","?","?","$","R","?","E","MIM","R","M","E","$","E","R","BOSS","M","?","M","?","M","R","$","E"],"items_purchased_type":["Relic","Relic","Card","Card","Relic","Relic","Card","Relic","Card"],"build_version":"2020-12-22","purchased_purges":0,"victory":false,"max_hp_per_floor":[72,74,74,74,74,74,78,80,80,80,84,88,88,90,90,92,92,92,92,92,92,92,92,92,92,92],"relic_stats":{"counters":[14,40],"Prayer Wheel":8,"obtain_stats":[{"KeepersGift":0,"MerchantsRug":5,"GuppysTail":8,"Iron Core":3,"infinitespire:Joker Card":0,"trackpad:ByrdBGone":12,"Guardian:PocketSentry":5,"hubris:Towel":4,"hubris:RunicObelisk":17,"Leech":0,"Frozen Eye":18,"DataDisk":13,"wanderingMiniBosses:CarrionFlame":7,"REME_HourglassOfDeath":14,"DollysMirror":5,"RollingBoulder":9,"Prayer Wheel":13,"Replay:Wax Seal":9,"Cracked Core":0,"HushsDoor":0,"REME_ComplimentaryCards":0},{"KeepersGift":0,"MerchantsRug":2,"GuppysTail":4,"Iron Core":2,"infinitespire:Joker Card":0,"trackpad:ByrdBGone":7,"Guardian:PocketSentry":2,"hubris:Towel":2,"hubris:RunicObelisk":9,"Leech":0,"Frozen Eye":9,"DataDisk":7,"wanderingMiniBosses:CarrionFlame":3,"REME_HourglassOfDeath":8,"DollysMirror":2,"RollingBoulder":5,"Prayer Wheel":7,"Replay:Wax Seal":5,"Cracked Core":0,"HushsDoor":0,"REME_ComplimentaryCards":0},{"KeepersGift":0,"MerchantsRug":5,"GuppysTail":15,"Iron Core":5,"infinitespire:Joker Card":0,"trackpad:ByrdBGone":25,"Guardian:PocketSentry":5,"hubris:Towel":5,"hubris:RunicObelisk":31,"Leech":0,"Frozen Eye":31,"DataDisk":25,"wanderingMiniBosses:CarrionFlame":12,"REME_HourglassOfDeath":28,"DollysMirror":5,"RollingBoulder":18,"Prayer Wheel":25,"Replay:Wax Seal":18,"Cracked Core":0,"HushsDoor":0,"REME_ComplimentaryCards":0}]},"card_choices":[{"not_picked":[],"picked":"EpicFetus","floor":0},{"not_picked":["BasicCrystalCard","Turbo"],"picked":"Fusion","floor":1},{"not_picked":["Coolheaded","StuffTheSpire:Plugnplay"],"picked":"REME_BodyOfCthun","floor":2},{"not_picked":["Hologram","Degenerate","Anger"],"picked":"SKIP","floor":7},{"not_picked":["Master of Strategy","Biased Cognition"],"picked":"REME_AllRoundStrike","floor":8},{"not_picked":["Dramatic Entrance","Flex"],"picked":"Core Surge","floor":11},{"not_picked":["Master of Strategy","EpicFetus"],"picked":"REME_EyeOfCthun","floor":12},{"not_picked":["Master of Strategy","hubris:DoWhile"],"picked":"Amplify","floor":14},{"not_picked":["Feint","Double Tap"],"picked":"Echo Form","floor":16},{"not_picked":["Degenerate","Hologram"],"picked":"Cold Snap","floor":18},{"not_picked":["Stack","Hologram","Beam Cell"],"picked":"SKIP","floor":18},{"not_picked":["expansioncontent:SuperHexaguard+1","Self Repair+1"],"picked":"expansioncontent:Collect+1","floor":19},{"not_picked":["StuffTheSpire:LoadUp","StuffTheSpire:CleanHardDrive","Cold Snap"],"picked":"SKIP","floor":20},{"not_picked":["Dramatic Entrance","Finesse+1","Recycle"],"picked":"SKIP","floor":20},{"not_picked":["Genetic Algorithm","BasicCrystalCard"],"picked":"Ball Lightning","floor":21},{"not_picked":["REME_FirmDetermination","Master of Strategy","Beam Cell"],"picked":"SKIP","floor":21},{"not_picked":["Coolheaded","Lockon","REME_FirmDetermination"],"picked":"SKIP","floor":22},{"not_picked":["Leap","Biased Cognition","Go for the Eyes"],"picked":"SKIP","floor":22}],"player_experience":4050642,"relics_obtained":[{"floor":7,"key":"wanderingMiniBosses:CarrionFlame"},{"floor":8,"key":"GuppysTail"},{"floor":9,"key":"Replay:Wax Seal"},{"floor":9,"key":"RollingBoulder"},{"floor":12,"key":"trackpad:ByrdBGone"},{"floor":14,"key":"REME_HourglassOfDeath"}],"event_choices":[{"damage_healed":0,"gold_gain":0,"player_choice":"2","damage_taken":0,"max_hp_gain":0,"max_hp_loss":0,"event_name":"betterMatch:BetterMatch","floor":19,"gold_loss":0,"cards_obtained":["betterMatch:UncommonCard"]}],"is_beta":false,"boss_relics":[{"not_picked":["Nuclear Battery","conspire:RoyalGoblet"],"picked":"hubris:RunicObelisk"},{"not_picked":[]}],"items_purged_floors":[],"is_endless":false,"potions_floor_spawned":[2,12,14,16,18,21],"killed_by":"ruina:Mountain","ascension_level":20,"is_humility":true}}