{"host":"otnudku6n3tqcmrv","time":1613974146,"event":{"mods":["BaseMod","Colored Map","DeckTracker","Hermit","Keyboard Shortcuts","Minty Spire (QoL Compilation)","Quick Restart","StSLib","SuperFastMode","Waifu the Spire","everything is the same but u backflip on backflip"],"gold_per_floor":[116,116,131,306,9,40,40,68,93,93,112,129,159,84,84,181,181,181,181,147,2,2,2,2,2,2,2,2,2,2,2,2,2,2,2,2,0,0,0,0,0,0,0,0,0,0,0,0,0,0],"floor_reached":51,"language":"KOR","playtime":1081,"items_purged":["hermit:Strike_Hermit"],"score":1263,"play_id":"b2bfedad-cf5f-422a-a0cd-002dba8293c6","local_time":"20210222150906","is_ascension_mode":true,"campfire_choices":[{"data":"Apotheosis","floor":7,"key":"SMITH"},{"floor":10,"key":"REST"},{"data":"hermit:CursedWeapon","floor":15,"key":"SMITH"},{"data":"hermit:Combo","floor":23,"key":"SMITH"},{"data":"hermit:GoldenBullet","floor":25,"key":"SMITH"},{"data":"hermit:EyeOfTheStorm","floor":27,"key":"SMITH"},{"floor":32,"key":"REST"},{"floor":40,"key":"REST"},{"floor":45,"key":"REST"},{"data":"1","floor":49,"key":"LIFT"}],"circlet_count":0,"master_deck":["hermit:Strike_Hermit","hermit:Defend_Hermit","hermit:Defend_Hermit","hermit:Defend_Hermit","hermit:Defend_Hermit","hermit:Snapshot","hermit:Covet","hermit:GoldenBullet+1","Doubt","Apotheosis+1","hermit:CursedWeapon+1","hermit:EyeOfTheStorm+1","hermit:Deadeye","hermit:Roughhouse+1","hermit:Combo+1","hermit:Enervate","hermit:Dive","hermit:HeroicBravado"],"relics":["hermit:Momento","NeowsBlessing","Dream Catcher","Akabeko","Bag of Marbles","Centennial Puzzle","Ectoplasm","Lee\u0027s Waffle","Happy Flower","HornCleat","Bag of Preparation","Kunai","Fusion Hammer","Red Mask","Regal Pillow","StoneCalendar","Pantograph","Incense Burner","Girya","Unceasing Top"],"acts_visited":["Exordium","TheCity","TheBeyond"],"potions_floor_usage":[8,13,16,29],"damage_taken":[{"damage":0,"enemies":"Small Slimes","floor":1,"turns":1},{"damage":2,"enemies":"Jaw Worm","floor":3,"turns":2},{"damage":2,"enemies":"Gremlin Nob","floor":6,"turns":1},{"damage":30,"enemies":"Lagavulin","floor":8,"turns":6},{"damage":2,"enemies":"Cultist","floor":11,"turns":2},{"damage":2,"enemies":"Looter","floor":12,"turns":1},{"damage":7,"enemies":"3 Sentries","floor":13,"turns":4},{"damage":12,"enemies":"Slime Boss","floor":16,"turns":3},{"damage":2,"enemies":"Shell Parasite","floor":18,"turns":1},{"damage":2,"enemies":"Spheric Guardian","floor":24,"turns":1},{"damage":28,"enemies":"Gremlin Leader","floor":29,"turns":4},{"damage":2,"enemies":"Automaton","floor":33,"turns":6},{"damage":2,"enemies":"Orb Walker","floor":35,"turns":1},{"damage":2,"enemies":"3 Shapes","floor":36,"turns":1},{"damage":2,"enemies":"Sphere and 2 Shapes","floor":38,"turns":3},{"damage":2,"enemies":"Reptomancer","floor":41,"turns":3},{"damage":2,"enemies":"2 Orb Walkers","floor":42,"turns":2},{"damage":20,"enemies":"Mind Bloom Boss Battle","floor":44,"turns":6},{"damage":2,"enemies":"Nemesis","floor":46,"turns":3},{"damage":3,"enemies":"Writhing Mass","floor":47,"turns":3},{"damage":2,"enemies":"Giant Head","floor":48,"turns":3},{"damage":6,"enemies":"Time Eater","floor":50,"turns":7}],"seed_played":"-5853356155414761594","potions_obtained":[{"floor":3,"key":"Fruit Juice"},{"floor":8,"key":"Fire Potion"},{"floor":11,"key":"Explosive Potion"},{"floor":13,"key":"AttackPotion"},{"floor":18,"key":"Weak Potion"},{"floor":29,"key":"Swift Potion"},{"floor":35,"key":"Fire Potion"}],"is_trial":false,"path_per_floor":["M","?","M","?","$","E","R","E","T","R","M","M","E","$","R","B",null,"M","?","$","$","?","R","M","R","T","R","$","E","T","?","R","B",null,"M","M","?","M","?","R","E","?","T","?","R","E","M","E","R","B",null],"character_chosen":"HERMIT","items_purchased":["Apotheosis","hermit:CursedWeapon","hermit:EyeOfTheStorm","hermit:Combo","Lee\u0027s Waffle"],"campfire_rested":4,"item_purchase_floors":[5,5,5,20,21],"current_hp_per_floor":[75,68,66,66,66,64,64,39,39,63,61,59,52,52,52,40,70,68,68,68,87,87,87,85,85,85,85,85,57,57,57,83,81,86,84,82,82,80,70,87,85,83,83,67,87,85,82,80,80,81],"gold":0,"neow_bonus":"THREE_ENEMY_KILL","is_daily":false,"chose_seed":false,"campfire_upgraded":5,"win_rate":0.0,"timestamp":1613974146,"path_taken":["M","?","M","?","?","E","R","E","T","R","M","M","E","$","R","BOSS","M","?","?","$","?","R","M","R","T","R","$","E","?","?","R","BOSS","M","M","?","M","?","R","E","?","T","?","R","E","M","E","R","BOSS"],"items_purchased_type":["Card","Card","Card","Card","Relic"],"build_version":"2020-12-22","purchased_purges":1,"victory":true,"max_hp_per_floor":[75,75,75,75,75,75,75,80,80,80,80,80,80,80,80,80,80,80,80,80,87,87,87,87,87,87,87,87,87,87,87,87,87,87,87,87,87,87,87,87,87,87,87,87,87,87,87,87,87,87],"card_choices":[{"not_picked":["hermit:Desperado","hermit:Headshot"],"picked":"hermit:GoldenBullet","floor":1},{"not_picked":["hermit:SprayPray","hermit:Snipe","hermit:Grudge"],"picked":"SKIP","floor":3},{"not_picked":["hermit:SprayPray","hermit:FromBeyond","hermit:ItchyTrigger"],"picked":"SKIP","floor":6},{"not_picked":["hermit:CalledShot","hermit:Quickdraw","hermit:Glare"],"picked":"SKIP","floor":8},{"not_picked":["hermit:CalledShot","hermit:Quickdraw","hermit:Glare"],"picked":"SKIP","floor":8},{"not_picked":["hermit:Glare","hermit:Misfire"],"picked":"hermit:Deadeye","floor":10},{"not_picked":["hermit:WideOpen","hermit:Roulette","hermit:Showdown"],"picked":"SKIP","floor":11},{"not_picked":["hermit:Midnight","hermit:Horror","hermit:Brawl"],"picked":"SKIP","floor":12},{"not_picked":["hermit:CalledShot","hermit:Maintenance","hermit:Snipe"],"picked":"SKIP","floor":13},{"not_picked":["hermit:Adapt","hermit:Dissolve"],"picked":"hermit:Roughhouse","floor":16},{"not_picked":["hermit:Snipe+1","hermit:EyeOfTheStorm","hermit:HighCaliber"],"picked":"SKIP","floor":18},{"not_picked":["hermit:CalledShot","hermit:SprayPray"],"picked":"hermit:Enervate","floor":24},{"not_picked":["hermit:EyeOfTheStorm","hermit:CalledShot","hermit:GoldenBullet+1"],"picked":"SKIP","floor":29},{"not_picked":["hermit:Scavenge","hermit:PistolWhip"],"picked":"hermit:Dive","floor":32},{"not_picked":["hermit:Adapt","hermit:Purgatory"],"picked":"hermit:HeroicBravado","floor":33},{"not_picked":["hermit:Ricochet+1","hermit:LowProfile","hermit:Spite"],"picked":"SKIP","floor":35},{"not_picked":["hermit:Quickdraw","hermit:Deadeye","hermit:LoneWolf"],"picked":"SKIP","floor":36},{"not_picked":["hermit:CalledShot+1","hermit:HighCaliber","hermit:DeadOrAlive"],"picked":"SKIP","floor":38},{"not_picked":["hermit:Showdown","hermit:GhostlyPresence","hermit:Virtue"],"picked":"SKIP","floor":41},{"not_picked":["hermit:HoleUp","hermit:LoneWolf","hermit:Malice"],"picked":"SKIP","floor":46},{"not_picked":["hermit:Vantage+1","hermit:SprayPray+1","hermit:Misfire"],"picked":"SKIP","floor":47},{"not_picked":["hermit:CursedWeapon+1","hermit:Roulette+1","hermit:Dive"],"picked":"SKIP","floor":48}],"player_experience":1327247,"relics_obtained":[{"floor":6,"key":"Dream Catcher"},{"floor":8,"key":"Akabeko"},{"floor":9,"key":"Bag of Marbles"},{"floor":13,"key":"Centennial Puzzle"},{"floor":26,"key":"HornCleat"},{"floor":29,"key":"Bag of Preparation"},{"floor":30,"key":"Kunai"},{"floor":41,"key":"Regal Pillow"},{"floor":42,"key":"StoneCalendar"},{"floor":43,"key":"Pantograph"},{"floor":44,"key":"Incense Burner"},{"floor":46,"key":"Girya"},{"floor":48,"key":"Unceasing Top"}],"event_choices":[{"cards_removed":["hermit:Strike_Hermit"],"damage_healed":0,"gold_gain":0,"player_choice":"Card Removal","damage_taken":7,"max_hp_gain":0,"max_hp_loss":0,"event_name":"Golden Wing","floor":2,"gold_loss":0},{"damage_healed":0,"gold_gain":175,"player_choice":"AGREE","damage_taken":0,"max_hp_gain":0,"max_hp_loss":0,"event_name":"Liars Game","floor":4,"gold_loss":0,"cards_obtained":["Doubt"]},{"cards_removed":["hermit:Strike_Hermit"],"damage_healed":0,"gold_gain":0,"player_choice":"Offered Basic","damage_taken":0,"max_hp_gain":0,"max_hp_loss":0,"event_name":"Bonfire Elementals","floor":19,"gold_loss":0},{"damage_healed":0,"gold_gain":0,"player_choice":"Opened","damage_taken":0,"relics_obtained":["Happy Flower"],"max_hp_gain":0,"max_hp_loss":0,"event_name":"The Mausoleum","floor":22,"gold_loss":0},{"damage_healed":0,"gold_gain":0,"player_choice":"Upgraded","damage_taken":0,"max_hp_gain":0,"max_hp_loss":0,"event_name":"Upgrade Shrine","floor":31,"gold_loss":0,"cards_upgraded":["hermit:Roughhouse"]},{"damage_healed":0,"gold_gain":0,"player_choice":"Paid","damage_taken":0,"relics_obtained":["Red Mask"],"max_hp_gain":0,"max_hp_loss":0,"event_name":"Tomb of Lord Red Mask","floor":37,"gold_loss":2},{"damage_healed":0,"gold_gain":0,"player_choice":"Memory 3","damage_taken":10,"max_hp_gain":0,"max_hp_loss":0,"event_name":"SensoryStone","floor":39,"gold_loss":0},{"damage_healed":0,"gold_gain":0,"player_choice":"Fight","damage_taken":0,"max_hp_gain":0,"max_hp_loss":0,"event_name":"Mysterious Sphere","floor":42,"gold_loss":0},{"damage_healed":0,"gold_gain":0,"player_choice":"Fight","damage_taken":0,"max_hp_gain":0,"max_hp_loss":0,"event_name":"MindBloom","floor":44,"gold_loss":0}],"is_beta":false,"boss_relics":[{"not_picked":["Snecko Eye","Busted Crown"],"picked":"Ectoplasm"},{"not_picked":["Tiny House","hermit:DentedPlate"],"picked":"Fusion Hammer"}],"items_purged_floors":[14],"is_endless":false,"potions_floor_spawned":[3,8,11,13,18,29,35,38,42,44,47],"ascension_level":5}}