{"host":"37dk0reb6x0du8wx","time":1613998041,"event":{"mods":["BaseMod","Colored Map","DeckTracker","Minty Spire (QoL Compilation)","Quick Restart","StSLib"],"gold_per_floor":[114,114,114,127,52,52,84,104,104,104,165,115,133,146,146,146,146],"floor_reached":16,"language":"KOR","playtime":419,"items_purged":["Strike_R"],"score":131,"play_id":"1b373114-5799-4503-8ebf-620c98e88d7f","local_time":"20210222214721","is_ascension_mode":true,"campfire_choices":[{"data":"Bash","floor":6.0,"key":"SMITH"},{"data":"Defend_R","floor":10.0,"key":"SMITH"},{"floor":15.0,"key":"REST"}],"circlet_count":0,"master_deck":["Strike_R","Strike_R","Strike_R","Defend_R","Defend_R","Defend_R","Defend_R+1","Bash+1","Inflame","Pummel"],"relics":["Burning Blood","NeowsBlessing","Singing Bowl","HornCleat","Self Forming Clay","Gambling Chip"],"acts_visited":["Exordium"],"potions_floor_usage":[16],"damage_taken":[{"damage":0.0,"enemies":"Jaw Worm","floor":1.0,"turns":1.0},{"damage":0.0,"enemies":"2 Louse","floor":4.0,"turns":1.0},{"damage":0.0,"enemies":"3 Sentries","floor":7.0,"turns":2.0},{"damage":5.0,"enemies":"Small Slimes","floor":8.0,"turns":6.0},{"damage":52.0,"enemies":"Lagavulin Event","floor":11.0,"turns":10.0},{"damage":3.0,"enemies":"Exordium Wildlife","floor":13.0,"turns":4.0},{"damage":23.0,"enemies":"Gremlin Gang","floor":14.0,"turns":6.0},{"damage":51,"enemies":"Hexaghost","floor":16,"turns":11}],"seed_played":"3353117929890818046","potions_obtained":[{"floor":8.0,"key":"Swift Potion"},{"floor":14.0,"key":"ElixirPotion"}],"is_trial":false,"path_per_floor":["M","?","?","M","$","R","E","M","T","R","?","?","M","M","R","B"],"character_chosen":"IRONCLAD","items_purchased":[],"campfire_rested":1,"item_purchase_floors":[],"current_hp_per_floor":[80,85,82,87,87,87,89,91,91,91,45,45,50,33,60,9,9],"gold":146,"neow_bonus":"THREE_ENEMY_KILL","is_daily":false,"chose_seed":false,"campfire_upgraded":2,"win_rate":0.0,"timestamp":1613998041,"path_taken":["M","?","?","?","$","R","E","M","T","R","?","?","M","M","R","BOSS"],"items_purchased_type":[],"build_version":"2020-12-22","purchased_purges":1,"victory":false,"max_hp_per_floor":[80,85,85,87,87,87,89,91,91,91,91,91,93,93,93,93,93],"card_choices":[{"not_picked":["Body Slam","Searing Blow","Sword Boomerang"],"picked":"SKIP","floor":1.0},{"not_picked":["Thunderclap","Seeing Red","Rage"],"picked":"Singing Bowl","floor":4.0},{"not_picked":["Perfected Strike","Clash","Offering"],"picked":"Singing Bowl","floor":7.0},{"not_picked":["Body Slam","Flame Barrier","Warcry"],"picked":"Singing Bowl","floor":8.0},{"not_picked":["Rage","Blood for Blood"],"picked":"Inflame","floor":11.0},{"not_picked":["True Grit","Carnage","Shockwave"],"picked":"Singing Bowl","floor":13.0},{"not_picked":["Armaments","Evolve"],"picked":"Pummel","floor":14.0}],"player_experience":238852,"relics_obtained":[{"floor":7.0,"key":"HornCleat"},{"floor":9.0,"key":"Self Forming Clay"},{"floor":11.0,"key":"Gambling Chip"}],"event_choices":[{"damage_healed":0.0,"max_hp_gain":5.0,"max_hp_loss":0.0,"gold_gain":0.0,"event_name":"Big Fish","player_choice":"Donut","floor":2.0,"gold_loss":0.0,"damage_taken":0.0},{"damage_healed":0.0,"max_hp_gain":0.0,"max_hp_loss":0.0,"gold_gain":0.0,"event_name":"Scrap Ooze","player_choice":"Success","floor":3.0,"gold_loss":0.0,"damage_taken":3.0,"relics_obtained":["Singing Bowl"]},{"damage_healed":0.0,"max_hp_gain":0.0,"max_hp_loss":0.0,"gold_gain":0.0,"event_name":"Dead Adventurer","player_choice":"Searched \u00271\u0027 times","floor":11.0,"gold_loss":0.0,"damage_taken":0.0},{"cards_removed":["Strike_R"],"damage_healed":0.0,"max_hp_gain":0.0,"max_hp_loss":0.0,"gold_gain":0.0,"event_name":"The Cleric","player_choice":"Card Removal","floor":12.0,"gold_loss":50.0,"damage_taken":0.0}],"is_beta":false,"boss_relics":[],"items_purged_floors":[5],"is_endless":false,"potions_floor_spawned":[8,14],"killed_by":"Hexaghost","ascension_level":1}}