{"host":"yn8e34lr4ydjr5xp","time":1613981780,"event":{"mods":["100% Spire Juice","Act Like it!","Arknights","BaseMod","Decade(王小明)","Dota2Spire","Gensokyo","GungeonMod","Hallownest","KomeijiMod","Marisa（F雨　魔理沙）","Minty Spire (QoL Compilation)","MostiFishMod","Pale of the Ancients","Reimu（博丽灵梦）","Reliquary","Replay The Spire","SIMod","StSLib","The Blackbeard","The Bug Knight","The Gatherer","The Hierophant","The Servant 0.9.4","WarShipGirlsR/战舰少女R mod"],"gold_per_floor":[111,130,130,160,160,160,189,200,200,200,227,227,245,245,245,344,344,355,369,369,145,212,239,90,102,149,149,149,175,194,212,212,310,310,330,340,354,64,80,111,111,36,87,87,87,87,87,107,107,107],"floor_reached":51,"language":"ZHS","playtime":3068,"items_purged":["Defend_Komeiji","Strike_Komeiji"],"score":1183,"play_id":"9522a0fc-2806-40a1-b41f-b4bebade2b0f","local_time":"20210222161620","is_ascension_mode":false,"campfire_choices":[{"data":"NingyouShinki+1","floor":6,"key":"SWEEP"},{"data":"NingyouSP+1","floor":10,"key":"SWEEP"},{"floor":12,"key":"REST"},{"data":"Delirium","floor":15,"key":"PURGE"},{"floor":32,"key":"REST"},{"data":"MostiFishMod:PerfectForm","floor":41,"key":"SMITH"},{"data":"ShanghaiNingyou","floor":47,"key":"SMITH"},{"data":"MiraiBunraku","floor":49,"key":"SMITH"}],"circlet_count":0,"master_deck":["Strike_Komeiji","Strike_Komeiji","Strike_Komeiji+1","Defend_Komeiji","Defend_Komeiji","Defend_Komeiji","Dash_Komeiji+1","SeekerWire+1","NingyouSP+1","OoedoNingyou+1","NingyouKisou+1","NingyouSP+1","HelanNingyou","HisouTensoku","NingyouSousou+1","NingyouSousou+1","NingyouChiyari+1","MiraiBunraku+1","NingyouOkisou+1","SeekerDolls+1","ShanghaiNingyou+1","NingyouYunhei+1","RikonNoKama+1","CS_Komachi","Sabishigari+1","MostiFishMod:PerfectForm+1","RikonNoKama+1","Gensokyo:BlemishedSteel"],"relics":["KomeijisEye","SpellCardsRule","MusicBox","DaveBox","BirthdayGift-Tetrahedron","DemoMod:GlassGuonStoneRelic","SynthV:TestCard","Ring of Misfortune","Ring of Searing","CrystalOfMemory","Dota2Spire:LinkenSphere","ReplayTheSpireMod:Ninjato","DemoMod:PoisonVial","Gensokyo:CelestialsFlawlessClothing","reliquary:RedCape","Juzu Bracelet","Potion Belt","reliquary:TuningFork","Civilization","Nunchaku","Gensokyo:MosesMiracle","Happy Flower","FeatherPendant","HornCleat","ReplayTheSpireMod:TigerMarble","reliquary:GummyVitamins"],"acts_visited":["Gensokyo:Gensokyo","Gensokyo:Gensokyoer","Gensokyo:Gensokyoest"],"potions_floor_usage":[],"damage_taken":[{"damage":2,"enemies":"Gensokyo:3_Fairies","floor":1,"turns":2},{"damage":3,"enemies":"Gensokyo:Gryphon","floor":2,"turns":2},{"damage":14,"enemies":"Gensokyo:Mamizou","floor":4,"turns":5},{"damage":0,"enemies":"Gensokyo:Cirno","floor":7,"turns":4},{"damage":7,"enemies":"Gensokyo:Python","floor":8,"turns":2},{"damage":2,"enemies":"Gensokyo:Mamizou","floor":11,"turns":3},{"damage":10,"enemies":"Gensokyo:3_Kodama","floor":13,"turns":3},{"damage":7,"enemies":"Gensokyo:Yukari","floor":16,"turns":6},{"damage":3,"enemies":"Gensokyo:CosmicMonolith","floor":18,"turns":2},{"damage":14,"enemies":"Gensokyo:3_Dogs","floor":19,"turns":3},{"damage":3,"enemies":"Gensokyo:Reisen","floor":23,"turns":3},{"damage":4,"enemies":"Gensokyo:Swordslinger","floor":25,"turns":3},{"damage":4,"enemies":"Gensokyo:Koishi","floor":29,"turns":3},{"damage":4,"enemies":"Gensokyo:Wraith","floor":30,"turns":3},{"damage":3,"enemies":"Gensokyo:Chomper_and_Gloop","floor":31,"turns":3},{"damage":6,"enemies":"Gensokyo:Eternal_Rivals","floor":33,"turns":4},{"damage":2,"enemies":"Gensokyo:AncientGuardian","floor":35,"turns":2},{"damage":7,"enemies":"Gensokyo:3_Bats","floor":36,"turns":2},{"damage":7,"enemies":"Gensokyo:Dusk_and_Dawn","floor":37,"turns":2},{"damage":9,"enemies":"Gensokyo:Rafflesia","floor":39,"turns":3},{"damage":2,"enemies":"Gensokyo:Marisa","floor":40,"turns":2},{"damage":1,"enemies":"Gensokyo:3_Boulders","floor":48,"turns":1},{"damage":7,"enemies":"Gensokyo:Shinki","floor":50,"turns":5}],"seed_played":"6065941200391039548","potions_obtained":[{"floor":1,"key":"PowerPotion"},{"floor":7,"key":"CalmPotion"},{"floor":11,"key":"DuplicationPotion"},{"floor":22,"key":"Milkshake"},{"floor":22,"key":"UndeadPotion"}],"is_trial":false,"path_per_floor":["M","M","?","?","?","R","E","M","T","R","E","R","M","?","R","B",null,"M","M","?","$","?","E","$","M","T","?","?","E","M","M","R","B",null,"M","M","M","$","M","E","R","COS","T","?","?","T","R","M","R","B",null],"character_chosen":"KomeijiSatori","items_purchased":["Juzu Bracelet","Civilization","MostiFishMod:PerfectForm"],"campfire_rested":2,"item_purchase_floors":[21,24,38],"current_hp_per_floor":[53,50,50,36,36,41,43,36,36,41,39,55,45,32,32,25,55,52,38,38,38,38,35,35,32,32,32,32,30,29,31,50,49,71,74,72,70,70,66,69,69,69,69,69,69,69,69,73,73,79],"gold":107,"neow_bonus":"TEN_PERCENT_HP_BONUS","is_daily":false,"chose_seed":false,"campfire_upgraded":3,"win_rate":0.0,"timestamp":1613981780,"path_taken":["M","M","?","?","?","R","E","?","T","R","E","R","M","?","R","BOSS","M","M","?","$","?","E","$","M","T","?","?","E","M","M","R","BOSS","M","M","M","$","M","E","R","COS","T","?","?","?","R","M","R","BOSS"],"items_purchased_type":["Relic","Relic","Card"],"build_version":"2020-12-22","purchased_purges":2,"victory":true,"max_hp_per_floor":[55,55,55,55,55,55,55,55,55,55,55,55,55,55,55,55,55,55,55,55,55,55,55,55,56,56,56,56,58,61,66,66,71,71,76,81,86,86,91,96,96,96,96,96,96,96,96,101,101,106],"card_choices":[{"not_picked":["SenyouGoraku+1","FreezeTouchMe"],"picked":"SeekerWire+1","floor":1},{"not_picked":["NingyouKisou+1","KeiseiJin+1","ShyakuBuku","AbyssNova"],"picked":"NingyouSP+1","floor":2},{"not_picked":["Agarareta+1","ShanghaiNingyou","KeiseiJin+1","JyouchiJin+1"],"picked":"NingyouSP+1","floor":4},{"not_picked":["NingyouSP+1","KinbakuJin+1","HagoromoMizu","HagoromoKu"],"picked":"OoedoNingyou+1","floor":7},{"not_picked":["DemonsDinnerFork","Sabishigari+1","HenyouMirume","HagoromoKu"],"picked":"NingyouKisou+1","floor":8},{"not_picked":["JyouchiJin+1","AbyssNova","MakuraSeki","NingyouShinki+1"],"picked":"NingyouMusou+1","floor":11},{"not_picked":["KinbakuJin+1","NingyouKisou+1","RikonNoKama+1","DemonLordCradle"],"picked":"HelanNingyou","floor":13},{"not_picked":["YuumeiNoKurin","WumiGaWareru","JigokuNoTaiyou","LunaticRedEyes"],"picked":"HisouTensoku","floor":16},{"not_picked":["NingyouShinki+1","NingyouChiyari+1","SeekerWire+1","ShyakuBuku+1"],"picked":"NingyouSousou+1","floor":18},{"not_picked":["JyouchiJin+1","Sabishigari+1","Agarareta+1","SeekerDolls"],"picked":"NingyouSousou+1","floor":19},{"not_picked":["LunaDial","DemonLordCradle","NingyouSP+1","NingyouSousou+1"],"picked":"NingyouChiyari+1","floor":23},{"not_picked":["MusuNoYume+1","MunenMusou","JyouchiJin+1","Mishyaguji+1","Sabishigari+1"],"picked":"SKIP","floor":25},{"not_picked":["NingyouShinki+1","WumiGaWareru","YoukiSo+1","RikonNoKama+1"],"picked":"NingyouOkisou+1","floor":29},{"not_picked":["HagoromoMizu","SenyouGoraku+1","Sabishigari+1","NingyouSousou+1"],"picked":"SeekerDolls+1","floor":30},{"not_picked":["SeekerWire+1","GroundStardust+1","KinbakuJin+1","AbyssNova","NingyouFukuhei+1"],"picked":"SKIP","floor":31},{"not_picked":["HelanNingyou","MunenMusou","AbyssNova","TerribleSouvenir"],"picked":"ShanghaiNingyou","floor":33},{"not_picked":["RikonNoKama+1","KeiseiJin+1","SenseofElegance","DemonsDinnerFork+1"],"picked":"NingyouYunhei+1","floor":35},{"not_picked":["FreezeTouchMe","Sabishigari+1","Mishyaguji+1","KeiseiJin+1"],"picked":"RikonNoKama+1","floor":36},{"not_picked":["ArtfulChanter+1","Agarareta+1","SelfTokamak","NingyouSousou+1"],"picked":"Sabishigari+1","floor":37},{"not_picked":["NingyouShinki+1","RoshinSou+1","KinbakuJin+1","MusuNoYume+1","HisouNoKen+1"],"picked":"SKIP","floor":39},{"not_picked":["KouPou+1","MakuraSeki","HenyouMirume","NingyouFukuhei+1"],"picked":"RikonNoKama+1","floor":40},{"not_picked":["NingyouShinki+1","DemonLordCradle","HagoromoMizu+1","NingyouSP+1","KeiseiJin+1"],"picked":"SKIP","floor":48}],"player_experience":198406,"relics_obtained":[{"floor":1,"key":"SynthV:TestCard"},{"floor":3,"key":"Ring of Misfortune"},{"floor":3,"key":"Ring of Searing"},{"floor":4,"key":"CrystalOfMemory"},{"floor":7,"key":"Dota2Spire:LinkenSphere"},{"floor":9,"key":"ReplayTheSpireMod:Ninjato"},{"floor":11,"key":"DemoMod:PoisonVial"},{"floor":22,"key":"Potion Belt"},{"floor":23,"key":"reliquary:TuningFork"},{"floor":26,"key":"Nunchaku"},{"floor":29,"key":"Happy Flower"},{"floor":31,"key":"Gensokyo:MosesMiracle"},{"floor":40,"key":"HornCleat"},{"floor":43,"key":"ReplayTheSpireMod:TigerMarble"},{"floor":46,"key":"reliquary:GummyVitamins"}],"event_choices":[],"is_beta":false,"boss_relics":[{"not_picked":["reliquary:WritOfMandamus","reliquary:Craggleroot"],"picked":"reliquary:RedCape"},{"not_picked":["Philosopher\u0027s Stone","FixedStarFall"],"picked":"FeatherPendant"}],"items_purged_floors":[21,38],"is_endless":false,"potions_floor_spawned":[1,7,11,13,18,25,29,30,48],"ascension_level":0}}