{"host":"l3lzhw5qete3bz2v","time":1613985550,"event":{"mods":["BaseMod","Colored Map","Colored Powertips","Minty Spire (QoL Compilation)","StSLib","SuperFastMode"],"gold_per_floor":[117,192,210,227,243,243,278,278,287,312,312,157,107,133,133,238,238,258,258,279,279,94,94,117,117,126,154,181,224,23,66,66,175,175,199,199,218,240,260,260,150,167,167,202,226,249,249,283,283,283],"floor_reached":51,"language":"JPN","playtime":4188,"items_purged":["Doubt","Writhe","Strike_P"],"score":1274,"play_id":"70cf8c9e-b99b-4708-a85e-22a5f3c62a16","local_time":"20210222181910","is_ascension_mode":true,"campfire_choices":[{"data":"EmptyFist","floor":6.0,"key":"SMITH"},{"data":"SashWhip","floor":8.0,"key":"SMITH"},{"data":"Vigilance","floor":15.0,"key":"SMITH"},{"data":"Blasphemy","floor":23.0,"key":"SMITH"},{"data":"SandsOfTime","floor":25.0,"key":"SMITH"},{"data":"Vengeance","floor":32.0,"key":"SMITH"},{"floor":40.0,"key":"REST"},{"floor":47,"key":"REST"},{"floor":49,"key":"REST"}],"circlet_count":0,"master_deck":["Strike_P+1","Strike_P+1","Defend_P+1","Defend_P+1","Defend_P+1","Eruption+1","Vigilance+1","Protect","EmptyFist+1","Vengeance+1","SashWhip+1","Wireheading+1","Halt+1","Blasphemy+1","Meditate+1","FlurryOfBlows+1","SandsOfTime+1","Conclude+1","Wallop+1","EmptyBody+1","FearNoEvil+1","LessonLearned+1","EmptyMind+1","SandsOfTime+1","CutThroughFate+1","FlurryOfBlows+1","Adaptation","Halt+1","WaveOfTheHand+1","Protect+1","WheelKick"],"relics":["Cursed Key","CeramicFish","Dream Catcher","White Beast Statue","SacredBark","FossilizedHelix","Membership Card","Toxic Egg 2","Gambling Chip","Meat on the Bone","Omamori","Lee\u0027s Waffle","Red Mask","Fusion Hammer","Mango","PreservedInsect","Art of War"],"acts_visited":["Exordium","TheCity","TheBeyond"],"potions_floor_usage":[50,50,50],"damage_taken":[{"damage":3.0,"enemies":"2 Louse","floor":1.0,"turns":3.0},{"damage":3.0,"enemies":"Small Slimes","floor":3.0,"turns":4.0},{"damage":0.0,"enemies":"Jaw Worm","floor":4.0,"turns":2.0},{"damage":1.0,"enemies":"2 Fungi Beasts","floor":5.0,"turns":3.0},{"damage":0.0,"enemies":"Gremlin Nob","floor":7.0,"turns":2.0},{"damage":12.0,"enemies":"Lagavulin","floor":10.0,"turns":5.0},{"damage":0.0,"enemies":"Large Slime","floor":14.0,"turns":3.0},{"damage":0.0,"enemies":"Slime Boss","floor":16.0,"turns":4.0},{"damage":0.0,"enemies":"Spheric Guardian","floor":18.0,"turns":5.0},{"damage":7.0,"enemies":"Chosen","floor":20.0,"turns":4.0},{"damage":0.0,"enemies":"Snecko","floor":24.0,"turns":4.0},{"damage":0.0,"enemies":"Slavers","floor":27.0,"turns":3.0},{"damage":5.0,"enemies":"Shelled Parasite and Fungi","floor":28.0,"turns":3.0},{"damage":7.0,"enemies":"Book of Stabbing","floor":29.0,"turns":4.0},{"damage":0.0,"enemies":"Masked Bandits","floor":31.0,"turns":3.0},{"damage":2.0,"enemies":"Champ","floor":33.0,"turns":10.0},{"damage":0.0,"enemies":"3 Shapes","floor":35.0,"turns":3.0},{"damage":0.0,"enemies":"Orb Walker","floor":37.0,"turns":3.0},{"damage":0.0,"enemies":"Sphere and 2 Shapes","floor":38.0,"turns":5.0},{"damage":0.0,"enemies":"4 Shapes","floor":39.0,"turns":4.0},{"damage":0.0,"enemies":"Jaw Worm Horde","floor":42.0,"turns":4.0},{"damage":0,"enemies":"Giant Head","floor":44,"turns":7},{"damage":0,"enemies":"Maw","floor":45,"turns":6},{"damage":11,"enemies":"Spire Growth","floor":46,"turns":5},{"damage":9,"enemies":"Nemesis","floor":48,"turns":3},{"damage":0,"enemies":"Awakened One","floor":50,"turns":10}],"seed_played":"-2790020114575703139","potions_obtained":[{"floor":3.0,"key":"AttackPotion"},{"floor":4.0,"key":"FearPotion"},{"floor":10.0,"key":"SteroidPotion"},{"floor":14.0,"key":"AttackPotion"},{"floor":16.0,"key":"SpeedPotion"},{"floor":18.0,"key":"SkillPotion"},{"floor":20.0,"key":"SneckoOil"},{"floor":24.0,"key":"LiquidBronze"},{"floor":27.0,"key":"Regen Potion"},{"floor":28.0,"key":"FearPotion"},{"floor":29.0,"key":"BlessingOfTheForge"},{"floor":31.0,"key":"SteroidPotion"},{"floor":33.0,"key":"SkillPotion"},{"floor":35.0,"key":"AttackPotion"},{"floor":37.0,"key":"Explosive Potion"},{"floor":38.0,"key":"Dexterity Potion"},{"floor":46,"key":"Ancient Potion"},{"floor":48,"key":"SpeedPotion"}],"is_trial":false,"path_per_floor":["M","?","M","M","M","R","E","R","T","E","?","$","?","M","R","B",null,"M","?","M","?","$","R","M","R","T","E","M","E","$","?","R","B",null,"M","?","M","M","M","R","$","M","T","E","M","M","R","E","R","B",null],"character_chosen":"WATCHER","items_purchased":["Wireheading","Dexterity Potion","Membership Card","SandsOfTime","Omamori","Lee\u0027s Waffle","Adaptation","Halt+1"],"campfire_rested":3,"item_purchase_floors":[12,12,22,22,30,30,41,41],"current_hp_per_floor":[62,51,48,48,47,47,47,47,47,35,40,40,40,40,40,40,68,68,54,47,47,47,47,47,47,47,47,42,35,89,89,89,87,89,89,89,89,89,89,89,89,89,103,103,103,92,103,94,103,103],"gold":283,"neow_bonus":"BOSS_RELIC","is_daily":false,"chose_seed":false,"campfire_upgraded":6,"win_rate":0.0,"timestamp":1613985550,"path_taken":["M","?","M","M","M","R","E","R","T","E","?","$","?","M","R","BOSS","M","?","M","?","?","R","M","R","T","E","M","E","$","?","R","BOSS","M","?","M","?","M","R","$","M","T","E","M","M","R","E","R","BOSS"],"items_purchased_type":["Card","Potion","Relic","Card","Relic","Relic","Card","Card"],"build_version":"2020-12-22","purchased_purges":3,"victory":true,"max_hp_per_floor":[72,72,72,72,72,72,72,72,72,72,77,77,77,77,77,77,77,77,82,82,82,82,82,82,82,82,82,82,82,89,89,89,89,89,89,89,89,89,89,89,89,89,103,103,103,103,103,103,103,103],"card_choices":[{"not_picked":["Evaluate","Crescendo"],"picked":"Protect","floor":1.0},{"not_picked":["ThirdEye","Fasting2","Evaluate"],"picked":"SKIP","floor":3.0},{"not_picked":["SashWhip","FlurryOfBlows"],"picked":"EmptyFist","floor":4.0},{"not_picked":["Swivel","EmptyBody"],"picked":"Vengeance","floor":5.0},{"not_picked":["DeceiveReality","Pray"],"picked":"SashWhip","floor":7.0},{"not_picked":["DeceiveReality","FlyingSleeves","PathToVictory"],"picked":"SKIP","floor":10.0},{"not_picked":["ForeignInfluence","Nirvana"],"picked":"Halt","floor":14.0},{"not_picked":["DevaForm","Alpha"],"picked":"Blasphemy","floor":16.0},{"not_picked":["Prostrate+1","FearNoEvil"],"picked":"Meditate+1","floor":18.0},{"not_picked":["Consecrate","Protect+1"],"picked":"FlurryOfBlows+1","floor":20.0},{"not_picked":["FlyingSleeves+1","Study+1"],"picked":"Conclude+1","floor":24.0},{"not_picked":["Fasting2+1","Crescendo+1","JustLucky+1"],"picked":"SKIP","floor":27.0},{"not_picked":["FlurryOfBlows","DeceiveReality+1"],"picked":"Wallop+1","floor":28.0},{"not_picked":["FollowUp","WheelKick"],"picked":"EmptyBody+1","floor":29.0},{"not_picked":["CutThroughFate+1","BowlingBash+1"],"picked":"FearNoEvil+1","floor":31.0},{"not_picked":["Scrawl+1","Establishment"],"picked":"LessonLearned","floor":33.0},{"not_picked":["Consecrate","CutThroughFate+1"],"picked":"EmptyMind+1","floor":35.0},{"not_picked":["Crescendo+1","Evaluate+1"],"picked":"SandsOfTime+1","floor":37.0},{"not_picked":["Swivel+1","WreathOfFlame+1"],"picked":"CutThroughFate+1","floor":38.0},{"not_picked":["EmptyFist+1","FearNoEvil+1"],"picked":"FlurryOfBlows+1","floor":39.0},{"not_picked":["ThirdEye+1","CarveReality+1","LikeWater+1"],"picked":"SKIP","floor":42.0},{"not_picked":["Fasting2","ReachHeaven+1","EmptyBody+1"],"picked":"SKIP","floor":44},{"not_picked":["DevaForm","Evaluate+1"],"picked":"WaveOfTheHand+1","floor":45},{"not_picked":["FlurryOfBlows+1","BattleHymn+1"],"picked":"Protect+1","floor":46},{"not_picked":["EmptyBody+1","Collect+1"],"picked":"WheelKick","floor":48}],"player_experience":145694,"relics_obtained":[{"floor":7.0,"key":"CeramicFish"},{"floor":9.0,"key":"Dream Catcher"},{"floor":10.0,"key":"White Beast Statue"},{"floor":26.0,"key":"Toxic Egg 2"},{"floor":27.0,"key":"Gambling Chip"},{"floor":29.0,"key":"Meat on the Bone"},{"floor":31.0,"key":"Red Mask"},{"floor":43.0,"key":"Mango"},{"floor":44,"key":"PreservedInsect"},{"floor":48,"key":"Art of War"}],"event_choices":[{"damage_healed":0.0,"max_hp_gain":0.0,"max_hp_loss":0.0,"gold_gain":75.0,"event_name":"World of Goop","player_choice":"Gather Gold","floor":2.0,"gold_loss":0.0,"damage_taken":11.0},{"damage_healed":0.0,"max_hp_gain":5.0,"max_hp_loss":0.0,"gold_gain":0.0,"event_name":"Big Fish","player_choice":"Donut","floor":11.0,"gold_loss":0.0,"damage_taken":0.0},{"cards_removed":["Defend_P"],"damage_healed":0.0,"max_hp_gain":0.0,"max_hp_loss":0.0,"gold_gain":0.0,"event_name":"The Cleric","player_choice":"Card Removal","floor":13.0,"gold_loss":50.0,"damage_taken":0.0},{"damage_healed":0.0,"max_hp_gain":5.0,"max_hp_loss":0.0,"gold_gain":0.0,"event_name":"Forgotten Altar","player_choice":"Shed Blood","floor":19.0,"gold_loss":0.0,"damage_taken":19.0},{"damage_healed":0.0,"max_hp_gain":0.0,"max_hp_loss":0.0,"gold_gain":0.0,"event_name":"The Mausoleum","player_choice":"Opened","floor":21.0,"gold_loss":0.0,"damage_taken":0.0,"relics_obtained":["FossilizedHelix"]},{"damage_healed":0.0,"max_hp_gain":0.0,"max_hp_loss":0.0,"gold_gain":0.0,"event_name":"Masked Bandits","player_choice":"Fought Bandits","floor":31.0,"gold_loss":0.0,"damage_taken":0.0},{"cards_removed":["Strike_P"],"damage_healed":0.0,"max_hp_gain":0.0,"max_hp_loss":0.0,"gold_gain":0.0,"event_name":"Bonfire Elementals","player_choice":"Offered Basic","floor":36.0,"gold_loss":0.0,"damage_taken":0.0}],"is_beta":false,"boss_relics":[{"not_picked":["Pandora\u0027s Box","VioletLotus"],"picked":"SacredBark"},{"not_picked":["Sozu","Runic Pyramid"],"picked":"Fusion Hammer"}],"items_purged_floors":[12,30,41],"is_endless":false,"potions_floor_spawned":[3,4,10,14,16,18,20,24,27,28,29,31,33,35,37,38,39,42,44,45,46,48],"ascension_level":7}}