{"host":"cd7awanv0x2msn9z","time":1613997424,"event":{"mods":["BaseMod","Downfall","Minty Spire (QoL Compilation)","Replay The Spire","StSLib","SuperFastMode"],"gold_per_floor":[110,120,120,138,155,155,188,188,188,203,218,17,17,30,30,126,126,141,141,155,254,271,20,53,53,53,68,68,87,12,45,45,45,45],"floor_reached":33,"language":"ZHS","playtime":39178,"items_purged":["Pain"],"score":330,"play_id":"decebb86-49d5-494a-95f5-eadcadcfe122","local_time":"20210222203704","is_ascension_mode":true,"campfire_choices":[{"data":"Tools of the Trade","floor":6.0,"key":"SMITH"},{"data":"Acrobatics","floor":8.0,"key":"SMITH"},{"floor":13.0,"key":"REST"},{"data":"Blade Dance","floor":15.0,"key":"SMITH"},{"data":"Infinite Blades","floor":25.0,"key":"SMITH"},{"data":"ReplayTheSpireMod:The Works","floor":28.0,"key":"SMITH"},{"floor":32.0,"key":"REST"}],"circlet_count":0,"master_deck":["Strike_G","Strike_G","Strike_G","Strike_G","Strike_G","Defend_G","Defend_G","Defend_G","Defend_G","Defend_G","Survivor","Neutralize","sneckomod:Strike","Defend_B","Tools of the Trade+1","Hidden Blade","Acrobatics+1","Underhanded Strike","Glass Knife","Leg Sweep","Blade Dance+1","Hidden Blade","Adrenaline","Acrobatics+1","Masterful Stab","Infinite Blades+1","ReplayTheSpireMod:The Works+1","Finisher+1"],"relics":["Ring of the Snake","WarpedTongs","White Beast Statue","Bottled Lightning","Anchor","Philosopher\u0027s Stone","Replay:Bottled Flurry","Onion Ring","Replay:Multitool","Molten Egg 2","InkBottle"],"acts_visited":["Exordium","TheCity"],"potions_floor_usage":[33,33],"damage_taken":[{"damage":0.0,"enemies":"Cultist","floor":1.0,"turns":4.0},{"damage":10.0,"enemies":"Small Slimes","floor":2.0,"turns":4.0},{"damage":7.0,"enemies":"Jaw Worm","floor":4.0,"turns":4.0},{"damage":24.0,"enemies":"2 Fungi Beasts","floor":5.0,"turns":4.0},{"damage":16.0,"enemies":"Lagavulin","floor":7.0,"turns":8.0},{"damage":7.0,"enemies":"3 Louse","floor":10.0,"turns":3.0},{"damage":0.0,"enemies":"Exordium Thugs","floor":11.0,"turns":2.0},{"damage":4.0,"enemies":"Large Slime","floor":14.0,"turns":5.0},{"damage":11.0,"enemies":"Hexaghost","floor":16.0,"turns":10.0},{"damage":14.0,"enemies":"Chosen","floor":18.0,"turns":5.0},{"damage":9.0,"enemies":"3 Byrds","floor":20.0,"turns":5.0},{"damage":18.0,"enemies":"Snecko","floor":22.0,"turns":5.0},{"damage":2.0,"enemies":"Slavers","floor":24.0,"turns":3.0},{"damage":22.0,"enemies":"Snake Plant","floor":27.0,"turns":4.0},{"damage":5.0,"enemies":"3 Cultists","floor":29.0,"turns":3.0},{"damage":0.0,"enemies":"Book of Stabbing","floor":31.0,"turns":4.0},{"damage":33,"enemies":"Automaton","floor":33,"turns":4}],"seed_played":"-3851746870309591316","potions_obtained":[{"floor":1.0,"key":"Strength Potion"},{"floor":2.0,"key":"Fire Potion"},{"floor":10.0,"key":"PowerPotion"},{"floor":11.0,"key":"Fruit Juice"},{"floor":14.0,"key":"Energy Potion"},{"floor":16.0,"key":"Adrenaline Potion"},{"floor":18.0,"key":"Explosive Potion"},{"floor":20.0,"key":"bronze:BurnAndBuffPotion"},{"floor":22.0,"key":"Strength Potion"},{"floor":24.0,"key":"Weak Potion"},{"floor":27.0,"key":"BlessingOfTheForge"},{"floor":29.0,"key":"GamblersBrew"},{"floor":31.0,"key":"Cursed Concoction"}],"is_trial":false,"path_per_floor":["M","M","?","M","M","R","E","R","T","M","M","$","R","M","R","B",null,"M","?","M","?","M","$","E","R","T","M","R","M","$","E","R","B"],"character_chosen":"THE_SILENT","items_purchased":["Anchor","Blade Dance","Onion Ring"],"campfire_rested":2,"item_purchase_floors":[12,12,23],"current_hp_per_floor":[70,60,60,53,29,29,13,13,13,6,6,6,27,28,28,17,75,61,61,52,52,34,34,32,32,32,10,10,5,5,5,27,0,0],"gold":45,"neow_bonus":"THREE_RARE_CARDS","is_daily":false,"chose_seed":false,"campfire_upgraded":5,"win_rate":0.0,"timestamp":1613997424,"path_taken":["M","?","?","M","M","R","E","R","T","M","?","$","R","M","R","BOSS","M","?","?","?","M","$","E","R","T","M","R","M","$","E","R","BOSS"],"items_purchased_type":["Relic","Card","Relic"],"build_version":"2020-12-22","purchased_purges":1,"victory":false,"max_hp_per_floor":[70,70,70,70,70,70,70,70,70,70,70,70,70,75,75,75,75,75,75,75,75,75,75,75,75,75,75,75,75,75,75,75,75,75],"card_choices":[{"not_picked":["Adrenaline","Glass Knife"],"picked":"Tools of the Trade","floor":0.0},{"not_picked":["Reflex","Sucker Punch"],"picked":"Hidden Blade","floor":1.0},{"not_picked":["Dagger Spray","Deflect"],"picked":"Acrobatics","floor":2.0},{"not_picked":["Calculated Gamble","Dodge and Roll","Outmaneuver"],"picked":"SKIP","floor":4.0},{"not_picked":["Deadly Poison","Prepared"],"picked":"Underhanded Strike","floor":5.0},{"not_picked":["Sucker Punch","Poisoned Stab"],"picked":"Glass Knife","floor":7.0},{"not_picked":["Hidden Blade","Terror"],"picked":"Leg Sweep","floor":10.0},{"not_picked":["Dodge and Roll","ReplayTheSpireMod:Speed Training","Dagger Throw"],"picked":"SKIP","floor":11.0},{"not_picked":["Dodge and Roll","Cloak And Dagger"],"picked":"Hidden Blade","floor":14.0},{"not_picked":["Phantasmal Killer","A Thousand Cuts"],"picked":"Adrenaline","floor":16.0},{"not_picked":["Toxin Wave","Cloak And Dagger"],"picked":"Acrobatics+1","floor":18.0},{"not_picked":["Dodge and Roll+1","Distraction","Acrobatics"],"picked":"SKIP","floor":20.0},{"not_picked":["Bouncing Flask","Toxin Wave"],"picked":"Masterful Stab","floor":22.0},{"not_picked":["Cloak And Dagger","Underhanded Strike"],"picked":"Infinite Blades","floor":24.0},{"not_picked":["Catalyst","Quick Slash+1"],"picked":"ReplayTheSpireMod:The Works","floor":27.0},{"not_picked":["Escape Plan+1","Deflect","Blade Dance"],"picked":"SKIP","floor":29.0},{"not_picked":["Underhanded Strike+1","Quick Slash+1"],"picked":"Finisher+1","floor":31.0}],"player_experience":96760,"relics_obtained":[{"floor":7.0,"key":"White Beast Statue"},{"floor":9.0,"key":"Bottled Lightning"},{"floor":24.0,"key":"Replay:Multitool"},{"floor":26.0,"key":"Molten Egg 2"},{"floor":31.0,"key":"InkBottle"}],"event_choices":[{"damage_healed":0.0,"max_hp_gain":0.0,"max_hp_loss":0.0,"gold_gain":0.0,"event_name":"Accursed Blacksmith","player_choice":"Rummage","floor":3.0,"gold_loss":0.0,"damage_taken":0.0,"relics_obtained":["WarpedTongs"],"cards_obtained":["Pain"]},{"damage_healed":0.0,"max_hp_gain":0.0,"max_hp_loss":0.0,"gold_gain":0.0,"event_name":"WeMeetAgain","player_choice":"Gave Potion","floor":19.0,"gold_loss":0.0,"damage_taken":0.0,"relics_obtained":["Replay:Bottled Flurry"]},{"damage_healed":0.0,"max_hp_gain":0.0,"max_hp_loss":0.0,"gold_gain":99.0,"event_name":"Nest","player_choice":"Stole From Cult","floor":21.0,"gold_loss":0.0,"damage_taken":0.0}],"is_beta":false,"boss_relics":[{"not_picked":["ReplayTheSpireMod:DimensionalGlitch","Sozu"],"picked":"Philosopher\u0027s Stone"}],"items_purged_floors":[30],"is_endless":false,"potions_floor_spawned":[1,2,10,11,14,16,18,20,22,24,27,29,31],"killed_by":"Automaton","ascension_level":1}}