{"host":"xpnapoz7r05b4ck7","time":1613954920,"event":{"mods":["Act Like it!","Arknights","BaseMod","Minty Spire (QoL Compilation)","StSLib","The Alterego","The Animator"],"gold_per_floor":[110,110,125,300,113,145,145,161,187,198,233,233,251,251,251,251,251],"floor_reached":16,"language":"ENG","playtime":957,"items_purged":[],"score":135,"play_id":"8b3c0933-4cbc-4f6b-a92e-b7e44bcb54c6","local_time":"20210221194840","is_ascension_mode":false,"campfire_choices":[{"data":"ats:Closed Bolt Burst Fire","floor":7,"key":"SMITH"},{"floor":15,"key":"REST"}],"circlet_count":0,"master_deck":["ats:Strike C","ats:Strike G+1","ats:Strike S","ats:Strike V","ats:Armor Crushing Shot","ats:Defend","ats:Defend","ats:Defend","ats:Defend","ats:Emotion Absorption","ats:Consecutive Shot Auto","ats:Thermite Blade","ats:Thermite Blade","ats:Blood Oath","ats:Very Hot Blade","ats:Soul Rend","ats:Sunburst","Doubt","Panache","ats:Closed Bolt Burst Fire+1","ats:Cat Scratch","ats:Leaping Hammer+1","ats:Ignite","ats:Demon Strength"],"relics":["ats:Sanity","NeowsBlessing","ats:Originium","Akabeko","Vajra","Omamori","Golden Idol"],"acts_visited":["Exordium"],"potions_floor_usage":[11,11,16],"damage_taken":[{"damage":0,"enemies":"Small Slimes","floor":1,"turns":1},{"damage":0,"enemies":"Jaw Worm","floor":3,"turns":1},{"damage":0,"enemies":"Gremlin Nob","floor":6,"turns":1},{"damage":0,"enemies":"2 Louse","floor":8,"turns":2},{"damage":16,"enemies":"Large Slime","floor":10,"turns":4},{"damage":21,"enemies":"Lagavulin","floor":11,"turns":4},{"damage":5,"enemies":"Exordium Wildlife","floor":13,"turns":4},{"damage":67,"enemies":"The Guardian","floor":16,"turns":8}],"seed_played":"6173713211005499385","potions_obtained":[{"floor":8,"key":"ats:Burn Small Potion"},{"floor":10,"key":"ColorlessPotion"},{"floor":13,"key":"DuplicationPotion"}],"is_trial":false,"path_per_floor":["M","?","M","?","$","E","R","M","T","M","E","?","M","?","R","B"],"character_chosen":"DOCTOR_CLASS","items_purchased":["Panache"],"campfire_rested":1,"item_purchase_floors":[5],"current_hp_per_floor":[72,72,72,72,72,72,72,72,72,58,46,32,32,32,53,0,0],"gold":251,"neow_bonus":"THREE_ENEMY_KILL","is_daily":false,"chose_seed":false,"campfire_upgraded":1,"win_rate":0.0,"timestamp":1613954920,"path_taken":["M","?","M","?","$","E","R","M","T","M","E","?","?","?","R","BOSS"],"items_purchased_type":["Card"],"build_version":"2020-12-22","purchased_purges":0,"victory":false,"max_hp_per_floor":[72,72,72,72,72,72,72,72,72,72,72,72,72,72,72,72,72],"card_choices":[{"not_picked":["ats:Very Hot Blade","ats:Flexible Camouflage"],"picked":"ats:Consecutive Shot Auto","floor":1},{"not_picked":["ats:Consecutive Shot Auto","ats:Assault Order"],"picked":"ats:Sunburst","floor":3},{"not_picked":["ats:Assault Order","ats:Sashimi Platter"],"picked":"ats:Closed Bolt Burst Fire","floor":6},{"not_picked":["ats:Calcification","ats:Flexible Camouflage"],"picked":"ats:Cat Scratch","floor":8},{"not_picked":["ats:Curse Doll","ats:Mental Burst"],"picked":"ats:Leaping Hammer","floor":10},{"not_picked":["ats:Spore Proliferation","ats:Flexible Camouflage"],"picked":"ats:Ignite","floor":11},{"not_picked":["ats:Soul Absorption","ats:Explosion Area Strengthen"],"picked":"ats:Demon Strength","floor":13}],"player_experience":758383,"relics_obtained":[{"floor":6,"key":"ats:Originium"},{"floor":6,"key":"Akabeko"},{"floor":9,"key":"Vajra"},{"floor":11,"key":"ats:Originium"},{"floor":11,"key":"Omamori"}],"event_choices":[{"damage_healed":0,"gold_gain":175,"player_choice":"AGREE","damage_taken":0,"max_hp_gain":0,"max_hp_loss":0,"event_name":"Liars Game","floor":4,"gold_loss":0,"cards_obtained":["Doubt"]},{"damage_healed":0,"gold_gain":0,"player_choice":"Entered Light","damage_taken":14,"max_hp_gain":0,"max_hp_loss":0,"event_name":"Shining Light","floor":12,"gold_loss":0,"cards_upgraded":["ats:Leaping Hammer","ats:Strike G"]},{"damage_healed":0,"gold_gain":0,"player_choice":"Take Wound","damage_taken":0,"relics_obtained":["Golden Idol"],"max_hp_gain":0,"max_hp_loss":0,"event_name":"Golden Idol","floor":14,"gold_loss":0,"cards_obtained":["Injury"]}],"is_beta":false,"boss_relics":[],"items_purged_floors":[],"is_endless":false,"potions_floor_spawned":[8,10,13],"killed_by":"The Guardian","ascension_level":0}}