{"host":"nwjx7hbomubpmo86","time":1613999641,"event":{"mods":["AchievementEnabler","BaseMod","Better Note","Downfall","Hubris","Minty Spire (QoL Compilation)","Replay The Spire","StSLib","The Death Knight","slay the spire mod where everything is the same but ironclad has a cowboy hat"],"gold_per_floor":[117,117,135,152,2,27,27,61,88,88,106,106,106],"floor_reached":12,"language":"ENG","playtime":439,"items_purged":[],"score":101,"play_id":"492e832c-4dde-491b-89ab-7668eaa6f336","local_time":"20210222141401","is_ascension_mode":true,"campfire_choices":[{"floor":7,"key":"REST"}],"circlet_count":0,"master_deck":["Strike_P","Strike_P","Strike_P","Defend_P","Defend_P","Defend_P","Defend_P","Eruption","Vigilance","WreathOfFlame","FearNoEvil","Nirvana","Conclude","FollowUp","Worship"],"relics":["PureWater","Bronze Scales","ReplayFunnel","StoneCalendar","Yang","Damaru"],"acts_visited":[],"potions_floor_usage":[11,12,12],"damage_taken":[{"damage":0,"enemies":"2 Louse","floor":1,"turns":2},{"damage":0,"enemies":"Cultist","floor":3,"turns":3},{"damage":0,"enemies":"Small Slimes","floor":4,"turns":3},{"damage":46,"enemies":"3 Sentries","floor":6,"turns":13},{"damage":40,"enemies":"Lagavulin","floor":8,"turns":7},{"damage":0,"enemies":"3 Louse","floor":11,"turns":1},{"damage":42,"enemies":"Replay:BlueRogue","floor":12,"turns":4}],"seed_played":"5245034089134776411","potions_obtained":[{"floor":1,"key":"Explosive Potion"},{"floor":8,"key":"ColorlessPotion"},{"floor":10,"key":"Explosive Potion"},{"floor":10,"key":"DuplicationPotion"}],"is_trial":false,"path_per_floor":["M","?","M","M","$","E","R","E","T","?","M","E"],"character_chosen":"WATCHER","items_purchased":["ReplayFunnel"],"campfire_rested":1,"item_purchase_floors":[5],"current_hp_per_floor":[72,72,72,72,72,26,47,7,7,7,7,0,0],"gold":106,"neow_bonus":"RANDOM_EVENT","is_daily":false,"chose_seed":false,"campfire_upgraded":0,"win_rate":0.0,"timestamp":1613999641,"path_taken":["M","?","?","M","$","E","R","E","T","?","?","E"],"items_purchased_type":["Relic"],"build_version":"2020-12-22","purchased_purges":0,"victory":false,"max_hp_per_floor":[72,72,72,72,72,72,72,72,72,72,72,72,72],"card_choices":[{"not_picked":["FlyingSleeves","Consecrate"],"picked":"WreathOfFlame","floor":1},{"not_picked":["Replay:BluntJabs","ThirdEye"],"picked":"FearNoEvil","floor":3},{"not_picked":["Fasting2","EmptyFist"],"picked":"Nirvana","floor":4},{"not_picked":["Replay:AllIn","Collect"],"picked":"Conclude","floor":6},{"not_picked":["ConjureBlade","Replay:BluntJabs"],"picked":"FollowUp","floor":8},{"not_picked":["Swivel","WindmillStrike"],"picked":"Worship","floor":11}],"player_experience":574807,"relics_obtained":[{"floor":6,"key":"StoneCalendar"},{"floor":8,"key":"Yang"},{"floor":9,"key":"Damaru"}],"event_choices":[{"cards_removed":["Strike_P"],"damage_healed":0,"gold_gain":0,"player_choice":"Forget","damage_taken":0,"max_hp_gain":0,"max_hp_loss":0,"event_name":"Living Wall","floor":0,"gold_loss":0},{"damage_healed":0,"gold_gain":0,"player_choice":"Gave Potion","damage_taken":0,"relics_obtained":["Bronze Scales"],"max_hp_gain":0,"max_hp_loss":0,"event_name":"WeMeetAgain","floor":2,"gold_loss":0},{"damage_healed":0,"gold_gain":0,"player_choice":"Got Potions","damage_taken":0,"max_hp_gain":0,"max_hp_loss":0,"event_name":"Lab","floor":10,"gold_loss":0}],"is_beta":false,"boss_relics":[],"items_purged_floors":[],"is_endless":false,"potions_floor_spawned":[1,8],"killed_by":"Replay:BlueRogue","ascension_level":3}}