{"host":"aapp7ew3jk5k1bvd","time":1613999964,"event":{"mods":["AchievementEnabler","BaseMod","Colored Map","Custom Start","Keyboard Shortcuts","Minty Spire (QoL Compilation)","Permanent Neow","Quick Restart","StSLib","SuperFastMode"],"gold_per_floor":[126,138,150,178,201,213,256,223,258,270,282,313,325,337,349,459,471,496,527,169,181,181,181,151,151,151,167,23,23,123,141,141,141,141],"floor_reached":33,"language":"KOR","playtime":1100,"items_purged":["Strike_G"],"score":392,"play_id":"1ffd321a-a138-4060-94f2-7273f1b3ebf4","local_time":"20210222221924","is_ascension_mode":true,"campfire_choices":[{"floor":6,"key":"REST"},{"floor":11,"key":"REST"},{"floor":15,"key":"REST"},{"floor":23,"key":"REST"},{"data":"After Image","floor":25,"key":"SMITH"},{"floor":32,"key":"REST"}],"circlet_count":0,"master_deck":["AscendersBane","Defend_G","Defend_G","Defend_G","Defend_G","Survivor","Neutralize","Acrobatics","Dodge and Roll","Sucker Punch","Accuracy","Noxious Fumes","After Image+1","Leg Sweep+1","Reflex+1","Corpse Explosion+1","Cloak And Dagger","Blade Dance","Escape Plan","Footwork","Slice","Noxious Fumes+1"],"relics":["Ring of the Snake","MawBank","Ancient Tea Set","Juzu Bracelet","Astrolabe","Question Card","Singing Bowl"],"acts_visited":["Exordium","TheCity"],"potions_floor_usage":[14,33],"damage_taken":[{"damage":0,"enemies":"Small Slimes","floor":1,"turns":3},{"damage":14,"enemies":"Jaw Worm","floor":4,"turns":6},{"damage":0,"enemies":"2 Louse","floor":5,"turns":5},{"damage":35,"enemies":"3 Sentries","floor":7,"turns":15},{"damage":5,"enemies":"Looter","floor":8,"turns":5},{"damage":5,"enemies":"2 Fungi Beasts","floor":12,"turns":5},{"damage":0,"enemies":"Gremlin Nob","floor":14,"turns":1},{"damage":48,"enemies":"The Guardian","floor":16,"turns":18},{"damage":4,"enemies":"Shell Parasite","floor":18,"turns":12},{"damage":24,"enemies":"3 Byrds","floor":19,"turns":5},{"damage":7,"enemies":"Centurion and Healer","floor":21,"turns":8},{"damage":10,"enemies":"Shelled Parasite and Fungi","floor":27,"turns":11},{"damage":7,"enemies":"Snake Plant","floor":31,"turns":7},{"damage":46,"enemies":"Champ","floor":33,"turns":15}],"seed_played":"6785985863142384684","potions_obtained":[{"floor":4,"key":"SmokeBomb"},{"floor":7,"key":"GamblersBrew"},{"floor":18,"key":"SpeedPotion"},{"floor":24,"key":"Poison Potion"},{"floor":27,"key":"PowerPotion"}],"is_trial":false,"path_per_floor":["M","?","?","M","M","R","E","M","T","?","R","M","?","E","R","B",null,"M","M","$","M","?","R","?","R","T","M","$","?","?","M","R","B"],"character_chosen":"THE_SILENT","items_purchased":["Cloak And Dagger","Question Card","Escape Plan","Footwork"],"campfire_rested":5,"item_purchase_floors":[20,20,28,28],"current_hp_per_floor":[63,68,61,47,47,69,34,29,29,29,51,46,46,46,68,20,61,57,33,33,26,26,48,48,48,48,40,40,40,40,33,56,10,10],"gold":141,"neow_bonus":"RANDOM_COMMON_RELIC","is_daily":false,"chose_seed":false,"campfire_upgraded":1,"win_rate":0.0,"timestamp":1613999964,"path_taken":["M","?","?","M","M","R","E","M","T","?","R","M","?","E","R","BOSS","M","M","$","M","?","R","?","R","T","M","$","?","?","M","R","BOSS"],"items_purchased_type":["Card","Relic","Card","Card"],"build_version":"2020-12-22","purchased_purges":1,"victory":false,"max_hp_per_floor":[70,75,75,75,75,75,75,75,75,75,75,75,75,75,75,75,75,75,75,75,75,75,75,75,75,75,77,77,77,77,77,77,77,77],"card_choices":[{"not_picked":["Slice","Bane"],"picked":"Acrobatics","floor":1},{"not_picked":["Slice","Bane"],"picked":"Dodge and Roll","floor":4},{"not_picked":["Deflect","Riddle With Holes"],"picked":"Sucker Punch","floor":5},{"not_picked":["Grand Finale","Cloak And Dagger"],"picked":"Accuracy","floor":7},{"not_picked":["Poisoned Stab","Expertise"],"picked":"Noxious Fumes","floor":8},{"not_picked":["Flying Knee","Poisoned Stab","Calculated Gamble"],"picked":"SKIP","floor":12},{"not_picked":["Tools of the Trade","Malaise"],"picked":"After Image","floor":16},{"not_picked":["PiercingWail","Eviscerate+1","Deadly Poison"],"picked":"SKIP","floor":18},{"not_picked":["Sucker Punch+1","Flying Knee","Deflect"],"picked":"SKIP","floor":19},{"not_picked":["All Out Attack","Terror","Riddle With Holes","Outmaneuver"],"picked":"SKIP","floor":21},{"not_picked":["Reflex","Prepared","Dagger Throw+1","Outmaneuver"],"picked":"Singing Bowl","floor":27},{"not_picked":["Crippling Poison","Venomology","Infinite Blades"],"picked":"Noxious Fumes+1","floor":31}],"player_experience":1056781,"relics_obtained":[{"floor":7,"key":"Ancient Tea Set"},{"floor":9,"key":"Juzu Bracelet"},{"floor":26,"key":"Singing Bowl"}],"event_choices":[{"damage_healed":0,"gold_gain":0,"player_choice":"Donut","damage_taken":0,"max_hp_gain":5,"max_hp_loss":0,"event_name":"Big Fish","floor":2,"gold_loss":0},{"cards_removed":["Strike_G"],"damage_healed":0,"gold_gain":0,"player_choice":"Card Removal","damage_taken":7,"max_hp_gain":0,"max_hp_loss":0,"event_name":"Golden Wing","floor":3,"gold_loss":0},{"damage_healed":0,"gold_gain":0,"player_choice":"Fled","damage_taken":0,"max_hp_gain":0,"max_hp_loss":0,"event_name":"Scrap Ooze","floor":10,"gold_loss":0},{"damage_healed":0,"gold_gain":0,"player_choice":"Ignored","damage_taken":0,"max_hp_gain":0,"max_hp_loss":0,"event_name":"Shining Light","floor":13,"gold_loss":0},{"damage_healed":0,"gold_gain":0,"player_choice":"Read","damage_taken":0,"max_hp_gain":0,"max_hp_loss":0,"event_name":"The Library","floor":22,"gold_loss":0,"cards_obtained":["Blade Dance"]},{"damage_healed":0,"gold_gain":0,"player_choice":"Bought 2 Potions","damage_taken":0,"max_hp_gain":0,"max_hp_loss":0,"event_name":"The Woman in Blue","floor":24,"gold_loss":0},{"damage_healed":0,"gold_gain":0,"cards_transformed":["Strike_G"],"player_choice":"Transformed","damage_taken":0,"max_hp_gain":0,"max_hp_loss":0,"event_name":"Transmorgrifier","floor":29,"gold_loss":0,"cards_obtained":["Slice"]},{"damage_healed":0,"gold_gain":100,"player_choice":"Pray","damage_taken":0,"max_hp_gain":0,"max_hp_loss":0,"event_name":"Golden Shrine","floor":30,"gold_loss":0}],"is_beta":false,"boss_relics":[{"not_picked":["Busted Crown","Velvet Choker"],"picked":"Astrolabe"}],"items_purged_floors":[20],"is_endless":false,"potions_floor_spawned":[4,7,14,18,27,31],"killed_by":"Champ","ascension_level":11}}