{"host":"h18ghvg9w8zr1me3","time":1613979138,"event":{"mods":["Act Like it!","BaseMod","Hallownest","Minty Spire (QoL Compilation)","StSLib"],"gold_per_floor":[119,194,12,12,23,23,23,23,23,40,74,74,172,210,210,323,323,333,362,56,71,80,116,116,161,187,187,187,287,62,80,80,191,200,213,213,173,28,53,89,89,142,189,189,189,189,189],"floor_reached":46,"language":"ZHS","playtime":2549,"items_purged":["Shame"],"score":678,"play_id":"514b3181-6005-4360-8d83-29cd49f5de17","local_time":"20210222153218","is_ascension_mode":true,"campfire_choices":[{"data":"Transmutation","floor":6,"key":"SMITH"},{"data":"Good Instincts","floor":8,"key":"SMITH"},{"floor":12,"key":"RECALL"},{"data":"Entrench","floor":15,"key":"SMITH"},{"floor":24,"key":"DIG"},{"floor":28,"key":"DIG"},{"floor":32,"key":"REST"},{"floor":41,"key":"DIG"},{"floor":44,"key":"DIG"}],"circlet_count":0,"master_deck":["Defend_R","Defend_R","Defend_R+1","Defend_R","Bash","Good Instincts+1","Shrug It Off+1","Transmutation+1","Flame Barrier","Entrench+1","Demon Form","Anger","Body Slam","Bite","Bite","Bite","Bite","Bite","Barricade+1","CurseOfTheBell","Shrug It Off+1","Inflame"],"relics":["Burning Blood","CeramicFish","Mercury Hourglass","Gremlin Horn","Self Forming Clay","Fusion Hammer","Shovel","Ginger","Juzu Bracelet","Bag of Preparation","Darkstone Periapt","Boot","Thread and Needle","Mummified Hand","Chemical X","Calling Bell","PreservedInsect","Toxic Egg 2","Peace Pipe","Lantern","Omamori","FossilizedHelix","Meat on the Bone","Regal Pillow","Bottled Lightning"],"acts_visited":["Exordium","TheCity","TheBeyond"],"potions_floor_usage":[11,19,23,39,39,39,46],"damage_taken":[{"damage":0,"enemies":"Cultist","floor":1,"turns":3},{"damage":4,"enemies":"Jaw Worm","floor":5,"turns":2},{"damage":0,"enemies":"Small Slimes","floor":10,"turns":4},{"damage":3,"enemies":"Lagavulin","floor":11,"turns":9},{"damage":16,"enemies":"Gremlin Nob","floor":13,"turns":3},{"damage":72,"enemies":"Gremlin Nob","floor":14,"turns":6},{"damage":12,"enemies":"The Guardian","floor":16,"turns":14},{"damage":21,"enemies":"Spheric Guardian","floor":18,"turns":8},{"damage":0,"enemies":"Shell Parasite","floor":19,"turns":7},{"damage":15,"enemies":"Centurion and Healer","floor":21,"turns":7},{"damage":40,"enemies":"Slavers","floor":23,"turns":7},{"damage":9,"enemies":"Colosseum Slavers","floor":29,"turns":5},{"damage":28,"enemies":"Colosseum Nobs","floor":29,"turns":4},{"damage":16,"enemies":"Shelled Parasite and Fungi","floor":31,"turns":8},{"damage":45,"enemies":"Automaton","floor":33,"turns":11},{"damage":0,"enemies":"Orb Walker","floor":35,"turns":2},{"damage":14,"enemies":"3 Darklings","floor":39,"turns":8},{"damage":2,"enemies":"Reptomancer","floor":40,"turns":3},{"damage":0,"enemies":"Nemesis","floor":42,"turns":5},{"damage":77,"enemies":"Donu and Deca","floor":46,"turns":10}],"seed_played":"6892162228897600252","potions_obtained":[{"floor":10,"key":"Weak Potion"},{"floor":11,"key":"FairyPotion"},{"floor":16,"key":"Block Potion"},{"floor":19,"key":"BlessingOfTheForge"},{"floor":31,"key":"Fire Potion"},{"floor":33,"key":"LiquidMemories"},{"floor":35,"key":"Explosive Potion"},{"floor":39,"key":"LiquidBronze"},{"floor":40,"key":"Ancient Potion"}],"is_trial":false,"path_per_floor":["M","?","$","?","M","R","?","R","T","M","E","R","?","E","R","B",null,"M","M","$","M","?","E","R","?","T","T","R","?","$","M","R","B",null,"M","?","?","$","M","E","R","E","T","R","?","B"],"character_chosen":"IRONCLAD","items_purchased":["Transmutation","Shovel","Chemical X","Lantern"],"campfire_rested":1,"item_purchase_floors":[3,20,30,38],"current_hp_per_floor":[80,69,69,53,55,55,55,55,55,61,64,64,54,30,30,24,80,65,71,71,62,62,28,28,28,28,28,28,17,17,23,39,29,62,62,62,62,62,62,62,62,62,62,62,62,0,0],"gold":189,"neow_bonus":"RANDOM_COLORLESS","is_daily":false,"chose_seed":false,"campfire_upgraded":3,"win_rate":0.0,"timestamp":1613979138,"path_taken":["M","?","$","?","M","R","?","R","T","?","E","R","?","E","R","BOSS","M","M","$","M","?","E","R","?","T","?","R","?","$","M","R","BOSS","M","?","?","$","M","E","R","E","T","R","?","BOSS"],"items_purchased_type":["Card","Relic","Relic","Relic"],"build_version":"2020-12-22","purchased_purges":1,"victory":false,"max_hp_per_floor":[80,80,80,80,80,80,80,80,80,80,80,80,80,80,80,80,80,80,80,80,80,80,80,80,56,56,56,56,56,56,56,56,56,62,62,62,62,62,62,62,62,62,62,62,62,62,62],"card_choices":[{"not_picked":["Purity","Deep Breath"],"picked":"Good Instincts","floor":0},{"not_picked":["Iron Wave","Flex"],"picked":"Shrug It Off","floor":1},{"not_picked":["Evolve","Body Slam","Uppercut"],"picked":"SKIP","floor":5},{"not_picked":["Pommel Strike","Heavy Blade","Clothesline"],"picked":"SKIP","floor":10},{"not_picked":["Sword Boomerang","Wild Strike","Searing Blow"],"picked":"SKIP","floor":11},{"not_picked":["Dropkick","Dark Embrace"],"picked":"Flame Barrier","floor":13},{"not_picked":["Flex","Second Wind"],"picked":"Entrench","floor":14},{"not_picked":["Feed","Double Tap"],"picked":"Demon Form","floor":16},{"not_picked":["Headbutt","Cleave","Intimidate"],"picked":"SKIP","floor":18},{"not_picked":["Headbutt","Sword Boomerang+1"],"picked":"Anger","floor":19},{"not_picked":["Feel No Pain","Cleave+1","Shrug It Off"],"picked":"SKIP","floor":21},{"not_picked":["Feel No Pain","Headbutt+1"],"picked":"Body Slam","floor":23},{"not_picked":["Twin Strike","Demon Form","Feel No Pain+1"],"picked":"SKIP","floor":31},{"not_picked":["Offering","Demon Form"],"picked":"Barricade","floor":33},{"not_picked":["Anger+1","Thunderclap+1","Wild Strike+1"],"picked":"SKIP","floor":35},{"not_picked":["Hemokinesis","Bludgeon"],"picked":"Shrug It Off+1","floor":39},{"not_picked":["Armaments+1","Reckless Charge"],"picked":"Inflame","floor":40},{"not_picked":["Combust","Seeing Red+1","Headbutt"],"picked":"SKIP","floor":42}],"player_experience":94653,"relics_obtained":[{"floor":9,"key":"CeramicFish"},{"floor":11,"key":"Mercury Hourglass"},{"floor":14,"key":"Self Forming Clay"},{"floor":23,"key":"Juzu Bracelet"},{"floor":24,"key":"Bag of Preparation"},{"floor":27,"key":"Darkstone Periapt"},{"floor":28,"key":"Boot"},{"floor":29,"key":"Thread and Needle"},{"floor":29,"key":"Mummified Hand"},{"floor":34,"key":"PreservedInsect"},{"floor":34,"key":"Toxic Egg 2"},{"floor":34,"key":"Peace Pipe"},{"floor":40,"key":"Omamori"},{"floor":41,"key":"FossilizedHelix"},{"floor":42,"key":"Meat on the Bone"},{"floor":43,"key":"Regal Pillow"},{"floor":44,"key":"Bottled Lightning"}],"event_choices":[{"damage_healed":0,"gold_gain":75,"player_choice":"Gather Gold","damage_taken":11,"max_hp_gain":0,"max_hp_loss":0,"event_name":"World of Goop","floor":2,"gold_loss":0},{"damage_healed":0,"gold_gain":0,"player_choice":"Entered Light","damage_taken":16,"max_hp_gain":0,"max_hp_loss":0,"event_name":"Shining Light","floor":4,"gold_loss":0,"cards_upgraded":["Shrug It Off","Defend_R"]},{"cards_removed":["Strike_R"],"damage_healed":0,"gold_gain":0,"player_choice":"Offered Basic","damage_taken":0,"max_hp_gain":0,"max_hp_loss":0,"event_name":"Bonfire Elementals","floor":7,"gold_loss":0},{"damage_healed":0,"gold_gain":0,"player_choice":"Searched \u00272\u0027 times","damage_taken":0,"relics_obtained":["Gremlin Horn"],"max_hp_gain":0,"max_hp_loss":0,"event_name":"Dead Adventurer","floor":13,"gold_loss":0},{"damage_healed":0,"gold_gain":0,"player_choice":"Stole Relic","damage_taken":0,"relics_obtained":["Ginger"],"max_hp_gain":0,"max_hp_loss":0,"event_name":"Addict","floor":22,"gold_loss":0,"cards_obtained":["Shame"]},{"damage_healed":0,"gold_gain":0,"player_choice":"Became a vampire","damage_taken":0,"max_hp_gain":0,"max_hp_loss":24,"event_name":"Vampires","floor":25,"gold_loss":0,"cards_obtained":["Bite","Bite","Bite","Bite","Bite"]},{"damage_healed":0,"gold_gain":0,"player_choice":"Fight","damage_taken":0,"max_hp_gain":0,"max_hp_loss":0,"event_name":"Colosseum","floor":29,"gold_loss":0},{"damage_healed":0,"gold_gain":0,"player_choice":"Fought Nobs","damage_taken":0,"max_hp_gain":0,"max_hp_loss":0,"event_name":"Colosseum","floor":29,"gold_loss":0},{"damage_healed":0,"gold_gain":0,"player_choice":"Ignored","damage_taken":0,"max_hp_gain":0,"max_hp_loss":0,"event_name":"Tomb of Lord Red Mask","floor":36,"gold_loss":0},{"damage_healed":0,"gold_gain":0,"player_choice":"Upgrade","damage_taken":0,"max_hp_gain":0,"max_hp_loss":0,"event_name":"Designer","floor":37,"gold_loss":40,"cards_upgraded":["Barricade"]},{"damage_healed":0,"gold_gain":0,"player_choice":"Took Portal","damage_taken":0,"max_hp_gain":0,"max_hp_loss":0,"event_name":"SecretPortal","floor":45,"gold_loss":0}],"is_beta":false,"boss_relics":[{"not_picked":["Velvet Choker","Ectoplasm"],"picked":"Fusion Hammer"},{"not_picked":["SlaversCollar","Runic Cube"],"picked":"Calling Bell"}],"items_purged_floors":[30],"is_endless":false,"potions_floor_spawned":[10,11,16,19,31,33,35,39,40],"killed_by":"Donu and Deca","ascension_level":2}}