{"host":"nptej036rrbiurf5","time":1613956070,"event":{"mods":["BaseMod","Colored Map","Colored Powertips","DeckTracker","Minty Spire (QoL Compilation)","StSLib","SuperFastMode"],"gold_per_floor":[110,110,125,50,30,30,30,30,30,48,73,84,111,124,124,201,201,211,224,241,156,169,169,197,197,197,223,252,252,287,737,737,810,810,820,542,552,570,349,349,374,374,442,460,490,536,758,785,785,785,785,785,785,88,113,113],"floor_reached":57,"language":"KOR","playtime":3592,"items_purged":["Strike_G","Strike_G","Strike_G","Defend_G"],"score":3237,"play_id":"0a32cc18-2db8-4b2c-9429-4dea6af3af21","local_time":"20210222100750","is_ascension_mode":true,"campfire_choices":[{"data":"Blade Dance","floor":6.0,"key":"SMITH"},{"data":"After Image","floor":8.0,"key":"SMITH"},{"data":"Reflex","floor":15.0,"key":"SMITH"},{"data":"Well Laid Plans","floor":23.0,"key":"SMITH"},{"data":"Concentrate","floor":25.0,"key":"SMITH"},{"data":"Prepared","floor":29.0,"key":"SMITH"},{"data":"Adrenaline","floor":32.0,"key":"SMITH"},{"data":"Prepared","floor":40.0,"key":"SMITH"},{"floor":42.0,"key":"RECALL"},{"data":"Acrobatics","floor":49,"key":"SMITH"},{"data":"Footwork","floor":53,"key":"SMITH"}],"circlet_count":0,"master_deck":["AscendersBane","Strike_G","Strike_G","Defend_G","Defend_G","Defend_G","Defend_G","Survivor","Neutralize","After Image+1","Blade Dance+1","Endless Agony","Grand Finale","Prepared+1","Well Laid Plans+1","Reflex+1","Adrenaline+1","Acrobatics+1","Concentrate+1","Backflip","Venomology","Prepared+1","Blur","Footwork+1","Tactician+1","Acrobatics+1","Calculated Gamble","Infinite Blades","Choke","Prepared"],"relics":["Ring of the Snake","Shuriken","White Beast Statue","Tough Bandages","Gambling Chip","SacredBark","Smiling Mask","Snake Skull","Pear","Red Mask","Omamori","Kunai","Runic Pyramid","OrangePellets","Centennial Puzzle","Happy Flower","Lizard Tail","Bottled Tornado","Lee\u0027s Waffle","Gremlin Horn","Toy Ornithopter"],"acts_visited":["Exordium","TheCity","TheBeyond","TheEnding"],"potions_floor_usage":[48,51,55,55,55,56],"damage_taken":[{"damage":0.0,"enemies":"Cultist","floor":1.0,"turns":5.0},{"damage":7.0,"enemies":"Small Slimes","floor":3.0,"turns":3.0},{"damage":0.0,"enemies":"2 Louse","floor":10.0,"turns":2.0},{"damage":9.0,"enemies":"Lagavulin","floor":11.0,"turns":6.0},{"damage":1.0,"enemies":"Blue Slaver","floor":12.0,"turns":3.0},{"damage":6.0,"enemies":"Gremlin Nob","floor":13.0,"turns":3.0},{"damage":6.0,"enemies":"Large Slime","floor":14.0,"turns":5.0},{"damage":0.0,"enemies":"Hexaghost","floor":16.0,"turns":6.0},{"damage":0.0,"enemies":"3 Byrds","floor":18.0,"turns":5.0},{"damage":14.0,"enemies":"2 Thieves","floor":19.0,"turns":4.0},{"damage":8.0,"enemies":"Centurion and Healer","floor":20.0,"turns":3.0},{"damage":1.0,"enemies":"Snake Plant","floor":22.0,"turns":2.0},{"damage":0.0,"enemies":"Book of Stabbing","floor":24.0,"turns":3.0},{"damage":0.0,"enemies":"Masked Bandits","floor":27.0,"turns":2.0},{"damage":19.0,"enemies":"Gremlin Leader","floor":28.0,"turns":6.0},{"damage":0.0,"enemies":"Book of Stabbing","floor":30.0,"turns":5.0},{"damage":7.0,"enemies":"Automaton","floor":33.0,"turns":7.0},{"damage":5.0,"enemies":"3 Shapes","floor":35.0,"turns":2.0},{"damage":14.0,"enemies":"Orb Walker","floor":37.0,"turns":6.0},{"damage":0.0,"enemies":"Sphere and 2 Shapes","floor":38.0,"turns":4.0},{"damage":0.0,"enemies":"Giant Head","floor":41.0,"turns":6.0},{"damage":0.0,"enemies":"Jaw Worm Horde","floor":44.0,"turns":3.0},{"damage":0.0,"enemies":"Reptomancer","floor":45.0,"turns":7.0},{"damage":0.0,"enemies":"2 Orb Walkers","floor":46.0,"turns":7.0},{"damage":16,"enemies":"Nemesis","floor":48,"turns":15},{"damage":9,"enemies":"Awakened One","floor":50,"turns":10},{"damage":0,"enemies":"Donu and Deca","floor":51,"turns":5},{"damage":18,"enemies":"Shield and Spear","floor":55,"turns":11},{"damage":59,"enemies":"The Heart","floor":56,"turns":10}],"seed_played":"-428651286979947750","potions_obtained":[{"floor":1.0,"key":"Weak Potion"},{"floor":3.0,"key":"Poison Potion"},{"floor":10.0,"key":"LiquidBronze"},{"floor":11.0,"key":"SkillPotion"},{"floor":13.0,"key":"LiquidMemories"},{"floor":14.0,"key":"AttackPotion"},{"floor":16.0,"key":"Regen Potion"},{"floor":18.0,"key":"Dexterity Potion"},{"floor":19.0,"key":"LiquidMemories"},{"floor":24.0,"key":"Regen Potion"},{"floor":27.0,"key":"SpeedPotion"},{"floor":28.0,"key":"FearPotion"},{"floor":30.0,"key":"Regen Potion"},{"floor":33.0,"key":"Poison Potion"},{"floor":37.0,"key":"BlessingOfTheForge"},{"floor":38.0,"key":"CunningPotion"},{"floor":41.0,"key":"Swift Potion"},{"floor":46,"key":"DistilledChaos"},{"floor":55,"key":"AttackPotion"}],"is_trial":false,"path_per_floor":["M","T","M","$","?","R","$","R","T","M","E","M","E","M","R","B",null,"M","M","M","?","M","R","E","R","T","?","E","R","E","?","R","B",null,"M","$","M","M","$","R","E","R","T","M","E","?","?","E","R","B","B",null,"R","$","E","B",null],"character_chosen":"THE_SILENT","items_purchased":["Blur","Footwork","Fruit Juice","OrangePellets","Calculated Gamble","Lee\u0027s Waffle","Infinite Blades","Choke","Gremlin Horn"],"campfire_rested":0,"item_purchase_floors":[36,36,36,39,54,54,54,54,54],"current_hp_per_floor":[59,59,52,52,52,52,52,52,52,52,43,42,36,30,30,30,57,57,43,35,35,34,34,53,53,63,63,71,71,71,25,25,63,73,68,78,64,64,64,64,64,64,64,64,64,86,86,70,70,61,61,80,80,93,75,21],"gold":113,"neow_bonus":"ONE_RANDOM_RARE_CARD","is_daily":false,"chose_seed":false,"campfire_upgraded":10,"win_rate":0.0,"timestamp":1613956070,"path_taken":["M","?","?","?","?","R","$","R","T","M","E","M","E","M","R","BOSS","M","M","?","?","M","R","E","R","T","?","E","R","E","?","R","BOSS","M","$","M","?","$","R","E","R","T","M","E","?","?","E","R","BOSS","BOSS","R","$","E","BOSS"],"items_purchased_type":["Card","Card","Potion","Relic","Card","Relic","Card","Card","Relic"],"build_version":"2020-12-22","purchased_purges":4,"victory":true,"max_hp_per_floor":[66,66,66,66,66,66,66,66,66,66,66,66,66,66,66,66,66,66,66,66,66,66,66,66,66,76,76,76,76,76,76,76,76,76,76,86,86,86,86,86,86,86,86,86,86,86,86,86,86,86,86,86,86,93,93,93],"card_choices":[{"not_picked":["Slice","Deadly Poison"],"picked":"Blade Dance","floor":1.0},{"not_picked":["Prepared","Bane","Underhanded Strike"],"picked":"SKIP","floor":3.0},{"not_picked":["PiercingWail","Quick Slash"],"picked":"Endless Agony","floor":10.0},{"not_picked":["Dagger Throw","Malaise"],"picked":"Grand Finale","floor":11.0},{"not_picked":["Expertise","Slice"],"picked":"Prepared","floor":12.0},{"not_picked":["Glass Knife","Leg Sweep"],"picked":"Well Laid Plans","floor":13.0},{"not_picked":["Slice","Quick Slash"],"picked":"Reflex","floor":14.0},{"not_picked":["Phantasmal Killer","Wraith Form v2"],"picked":"Adrenaline","floor":16.0},{"not_picked":["Caltrops+1","Quick Slash","Underhanded Strike+1"],"picked":"SKIP","floor":18.0},{"not_picked":["Dodge and Roll","Flechettes+1"],"picked":"Acrobatics+1","floor":19.0},{"not_picked":["Expertise","Sucker Punch","Heel Hook"],"picked":"SKIP","floor":20.0},{"not_picked":["Setup","Deflect"],"picked":"Concentrate","floor":22.0},{"not_picked":["Dagger Spray+1","Eviscerate"],"picked":"Backflip","floor":24.0},{"not_picked":["Burst","Flying Knee","Deflect"],"picked":"SKIP","floor":28.0},{"not_picked":["Dash","Deflect+1","Slice"],"picked":"SKIP","floor":30.0},{"not_picked":["Bullet Time","Corpse Explosion"],"picked":"Venomology","floor":33.0},{"not_picked":["Sucker Punch+1","Catalyst"],"picked":"Prepared","floor":35.0},{"not_picked":["Terror","Backflip","Bouncing Flask"],"picked":"SKIP","floor":37.0},{"not_picked":["Poisoned Stab","Dagger Throw"],"picked":"Tactician+1","floor":38.0},{"not_picked":["Blade Dance+1","Underhanded Strike","Unload"],"picked":"SKIP","floor":41.0},{"not_picked":["Blade Dance+1","Underhanded Strike","Unload"],"picked":"SKIP","floor":41.0},{"not_picked":["Blade Dance+1","Underhanded Strike","Unload"],"picked":"SKIP","floor":41.0},{"not_picked":["Leg Sweep+1","Deadly Poison","Bane"],"picked":"SKIP","floor":44.0},{"not_picked":["PiercingWail","Malaise","Outmaneuver"],"picked":"SKIP","floor":45.0},{"not_picked":["Footwork","Quick Slash"],"picked":"Acrobatics","floor":48},{"not_picked":["Skewer+1","Outmaneuver"],"picked":"Prepared","floor":55}],"player_experience":995013,"relics_obtained":[{"floor":2.0,"key":"Shuriken"},{"floor":9.0,"key":"White Beast Statue"},{"floor":11.0,"key":"Tough Bandages"},{"floor":13.0,"key":"Gambling Chip"},{"floor":24.0,"key":"Snake Skull"},{"floor":26.0,"key":"Pear"},{"floor":27.0,"key":"Red Mask"},{"floor":28.0,"key":"Omamori"},{"floor":30.0,"key":"Kunai"},{"floor":41.0,"key":"Centennial Puzzle"},{"floor":45.0,"key":"Happy Flower"},{"floor":46,"key":"Lizard Tail"},{"floor":48,"key":"Bottled Tornado"},{"floor":55,"key":"Toy Ornithopter"}],"event_choices":[{"damage_healed":0.0,"max_hp_gain":0.0,"max_hp_loss":0.0,"gold_gain":0.0,"event_name":"The Woman in Blue","player_choice":"Bought 1 Potion","floor":5.0,"gold_loss":0.0,"damage_taken":0.0},{"damage_healed":0.0,"max_hp_gain":0.0,"max_hp_loss":0.0,"gold_gain":0.0,"event_name":"Addict","player_choice":"Obtained Relic","floor":21.0,"gold_loss":85.0,"damage_taken":0.0,"relics_obtained":["Smiling Mask"]},{"damage_healed":0.0,"max_hp_gain":0.0,"max_hp_loss":0.0,"gold_gain":0.0,"event_name":"Masked Bandits","player_choice":"Fought Bandits","floor":27.0,"gold_loss":0.0,"damage_taken":0.0},{"damage_healed":0.0,"max_hp_gain":0.0,"max_hp_loss":0.0,"gold_gain":450.0,"event_name":"Knowing Skull","player_choice":"GOLD GOLD GOLD GOLD GOLD ","floor":31.0,"potions_obtained":[],"gold_loss":0.0,"damage_taken":46.0,"cards_obtained":[]},{"damage_healed":0.0,"max_hp_gain":0.0,"max_hp_loss":0.0,"gold_gain":0.0,"event_name":"Mysterious Sphere","player_choice":"Fight","floor":46.0,"gold_loss":0.0,"damage_taken":0.0},{"damage_healed":0,"gold_gain":222,"player_choice":"Wore Mask","damage_taken":0,"max_hp_gain":0,"max_hp_loss":0,"event_name":"Tomb of Lord Red Mask","floor":47,"gold_loss":0}],"is_beta":false,"boss_relics":[{"not_picked":["Black Star","Philosopher\u0027s Stone"],"picked":"SacredBark"},{"not_picked":["Sozu","Astrolabe"],"picked":"Runic Pyramid"}],"items_purged_floors":[4,36,39,54],"is_endless":false,"potions_floor_spawned":[1,3,10,11,12,13,14,16,18,19,20,22,24,27,28,30,33,35,37,38,41,44,45,46,48,55],"ascension_level":20}}