{"host":"h5acbxt0wmjo1kpm","time":1613970647,"event":{"mods":["2.2 Compatiblity","Act Like it!","AlwaysNeverKeys","Aspiration","Bard","Bartender","BaseMod","Better Third Choice","Colored Map","Elementarium","Gensokyo","GifTheSpireLib","Hallownest","Marisa????????","Menagerie","Minty Spire (QoL Compilation)","Permanent Neow","Potionbrewer","Quick Restart","Relic Filter","Reliquary","Replay The Spire","Robot Space Explorer","Ruina","RumiaBox-????????","Shade Mod","Shapeshifter Mod","Spicy Shops","StSLib","Strawberry Spire","The Blackbeard","The Dragon Tamer","The Gatherer","The Hayseed","The Problem Sleuth","The Servant 0.9.4","Wandering Minibosses","Wide Potions"],"gold_per_floor":[117,137,237,77,96,96,9,9,9,9,9,9,20,0,0,102,102,52,52,52,65,82,114,114,3,3],"floor_reached":25,"language":"ENG","playtime":1203,"items_purged":[],"score":209,"play_id":"bc8c8b25-bd39-4d7a-ac70-6b3f8836f125","local_time":"20210221211047","is_ascension_mode":false,"campfire_choices":[{"data":"strawberrySpire:Neurons","floor":6.0,"key":"SMITH"},{"data":"StSShapeShifter:BurstingSpore","floor":8.0,"key":"SMITH"},{"data":"StSShapeShifter:Hunt","floor":11.0,"key":"SMITH"},{"data":"StSShapeShifter:Flourish","floor":15.0,"key":"SMITH"}],"circlet_count":0,"master_deck":["StSShapeShifter:ShapeShifter_Strike","StSShapeShifter:ShapeShifter_Strike","StSShapeShifter:ShapeShifter_Defend","StSShapeShifter:ShapeShifter_Defend","StSShapeShifter:ShapeShifter_Defend","StSShapeShifter:ShapeShifter_Defend","StSShapeShifter:ShapeShifter_Defend","StSShapeShifter:Tortoise_Form","StSShapeShifter:Lynx_Form","strawberrySpire:Neurons+1","StSShapeShifter:PorcupineForm","StSShapeShifter:Hunt+1","StSShapeShifter:BurstingSpore+1","Heel Hook","Strike_G","Eviscerate","StSShapeShifter:Flourish+1","StSShapeShifter:SkullBash","Shame","StSShapeShifter:BarkSkin+1","Hallownest:pwrSporeShroom"],"relics":["StSShapeShifter:AnimalHeart","StSShapeShifter:TheShapeShiftersMagnolia","Enchiridion","Replay:Wax Seal","SecretRecord","AddBug","WarpedTongs","Bird Faced Urn"],"acts_visited":["Gensokyo:Gensokyo","Hallownest:CityofTears"],"potions_floor_usage":[23],"damage_taken":[{"damage":8.0,"enemies":"Gensokyo:Gryphon","floor":1.0,"turns":5.0},{"damage":3.0,"enemies":"Gensokyo:2_Kodama","floor":2.0,"turns":4.0},{"damage":6.0,"enemies":"Gensokyo:Python","floor":5.0,"turns":3.0},{"damage":9.0,"enemies":"Gensokyo:VengefulSpirit","floor":13.0,"turns":3.0},{"damage":13.0,"enemies":"Gensokyo:Kokoro","floor":16.0,"turns":7.0},{"damage":17.0,"enemies":"Hallownest:2_Mistakes","floor":18.0,"turns":11.0},{"damage":6.0,"enemies":"Hallownest:Guard_and_Sentry","floor":21.0,"turns":4.0},{"damage":5.0,"enemies":"Hallownest:3_Mistakes","floor":22.0,"turns":7.0},{"damage":8,"enemies":"Hallownest:Nosk","floor":23,"turns":8},{"damage":50,"enemies":"Hallownest:2_Flukemon","floor":25,"turns":5}],"seed_played":"4912452023877654515","potions_obtained":[{"floor":1.0,"key":"potionbrewer:ToxicPotion"},{"floor":16.0,"key":"potionbrewer:MidasPotion"},{"floor":22.0,"key":"potionbrewer:FreezingPotion"},{"floor":23,"key":"Reflective Coating"}],"is_trial":false,"path_per_floor":["M","M","?","?","M","R","$","R","T","$","R","?","M","?","R","B",null,"M","?","?","M","M","E","?","M"],"character_chosen":"SHAPESHIFTER","items_purchased":["Replay:Wax Seal","SecretRecord","StSShapeShifter:BurstingSpore"],"campfire_rested":0,"item_purchase_floors":[7,7,7],"current_hp_per_floor":[49,46,46,46,42,42,42,42,42,42,42,42,33,43,43,30,78,61,61,61,55,50,42,42,0,0],"gold":3,"neow_bonus":"RANDOM_COLORLESS_2","is_daily":false,"chose_seed":false,"campfire_upgraded":4,"win_rate":0.0,"timestamp":1613970647,"path_taken":["M","M","?","?","M","R","$","R","T","?","R","?","?","?","R","BOSS","M","?","?","M","M","E","?","?"],"items_purchased_type":["Relic","Relic","Card"],"build_version":"2020-12-22","purchased_purges":0,"victory":false,"max_hp_per_floor":[78,78,78,78,78,78,78,78,78,78,78,78,78,78,78,78,78,78,78,78,78,78,78,78,78,78],"card_choices":[{"not_picked":["Sadistic Nature","ReplayTheSpireMod:Brewmster"],"picked":"strawberrySpire:Neurons","floor":0.0},{"not_picked":["StSShapeShifter:ThornToss","StSShapeShifter:FesteringBite"],"picked":"StSShapeShifter:PorcupineForm","floor":1.0},{"not_picked":["StSShapeShifter:PantherForm","StSShapeShifter:FesteringBite"],"picked":"StSShapeShifter:Hunt","floor":2.0},{"not_picked":["StSShapeShifter:Consume","StSShapeShifter:Rest","StSShapeShifter:Guard"],"picked":"SKIP","floor":5.0},{"not_picked":["StSShapeShifter:HummingbirdForm","StSShapeShifter:RatForm"],"picked":"StSShapeShifter:Flourish","floor":13.0},{"not_picked":["StSShapeShifter:Tornado","StSShapeShifter:BurrBomb"],"picked":"StSShapeShifter:SkullBash","floor":16.0},{"not_picked":["StSShapeShifter:BladeOfGrass","StSShapeShifter:FallingLeaves","StSShapeShifter:Sapling+1"],"picked":"SKIP","floor":18.0},{"not_picked":["StSShapeShifter:FallingLeaves","StSShapeShifter:MultiSpiritedStrike","StSShapeShifter:Maul"],"picked":"SKIP","floor":21.0},{"not_picked":["StSShapeShifter:MonkeyForm","StSShapeShifter:ThornedSkin"],"picked":"StSShapeShifter:BarkSkin+1","floor":22.0},{"not_picked":["StSShapeShifter:Guard+1","StSShapeShifter:BladeOfGrass","StSShapeShifter:SquirrelForm"],"picked":"SKIP","floor":23}],"player_experience":2302477,"relics_obtained":[{"floor":23,"key":"Bird Faced Urn"}],"event_choices":[],"is_beta":false,"boss_relics":[{"not_picked":["SlaversCollar","aspiration:SecretTechniqueScroll"],"picked":"AddBug"}],"items_purged_floors":[],"is_endless":false,"potions_floor_spawned":[1,2,16,22,23],"killed_by":"Hallownest:2_Flukemon","ascension_level":0}}