{"host":"kdt6w7ix8lwe69i9","time":1613975931,"event":{"mods":["100% Spire Juice","BaseMod","ChefMod","Evolution","Koishi","Minty Spire (QoL Compilation)","Poor People Problems","Reimu（博丽灵梦）","Robot Space Explorer","Shade Mod","Shapeshifter Mod","StSLib","The Druid","The Gatherer","The Poker Player","The Servant 0.9.4","TheSurvivalist"],"gold_per_floor":[109,109,136,136,152,152,180,193,193,193,227,237,248,308,308,412,412,425,525,216,131,142,142,174,174,174,185,185,202,202,234,234,337,337,357,357,357,407,421,454,454,467,467,501,501,515,535,535,535,535,535],"floor_reached":50,"language":"ENG","playtime":7128,"items_purged":[],"score":748,"play_id":"449b55eb-463b-4767-bbbc-c6b347540fc7","local_time":"20210222013851","is_ascension_mode":false,"campfire_choices":[{"data":"StSShapeShifter:SquirrelForm","floor":6,"key":"SMITH"},{"data":"StSShapeShifter:DeerForm","floor":10,"key":"SMITH"},{"data":"StSShapeShifter:HippoForm","floor":15,"key":"SMITH"},{"data":"StSShapeShifter:DragonForm","floor":23,"key":"SMITH"},{"data":"StSShapeShifter:Spring","floor":25,"key":"SMITH"},{"data":"StSShapeShifter:Sap_Burst","floor":32,"key":"SMITH"},{"floor":41,"key":"RECALL"},{"floor":49,"key":"REST"}],"circlet_count":0,"master_deck":["StSShapeShifter:ThornToss","StSShapeShifter:ThornToss","StSShapeShifter:ThornToss","StSShapeShifter:ThornToss","StSShapeShifter:FallingLeaves","StSShapeShifter:FallingLeaves","StSShapeShifter:FallingLeaves","StSShapeShifter:BulwarkOfDiscovery+1","StSShapeShifter:SquirrelForm+1","StSShapeShifter:Roar","StSShapeShifter:DeerForm+1","StSShapeShifter:Forgiveness","StSShapeShifter:BarkSkin","StSShapeShifter:HummingbirdForm","StSShapeShifter:HippoForm+1","StSShapeShifter:DragonForm+1","StSShapeShifter:Tornado+1","StSShapeShifter:ForestFire+1","StSShapeShifter:WolfsBane+1","StSShapeShifter:BurstingSpore","StSShapeShifter:PoisonIvy","StSShapeShifter:Rabid+1","StSShapeShifter:FesteringBite","StSShapeShifter:PhoenixForm","StSShapeShifter:Rabid","StSShapeShifter:ReplenishingNectar","StSShapeShifter:Spring+1","StSShapeShifter:EntForm+1","StSShapeShifter:WolfForm+1","StSShapeShifter:Sap_Burst+1","StSShapeShifter:RhinoCalfForm+1","StSShapeShifter:ClimbTree+1","Sadistic Nature","Madness+1","Madness+1","Madness+1","Madness+1","StSShapeShifter:ReplenishingNectar+1","StSShapeShifter:EntForm+1","StSShapeShifter:Roar+1","StSShapeShifter:Garden+1","StSShapeShifter:PoisonIvy+1","StSShapeShifter:PoisonIvy+1","StSShapeShifter:MooseForm+1","StSShapeShifter:StormGryphonForm+1"],"relics":["StSShapeShifter:AnimalHeart","StSShapeShifter:TheShapeShiftersMagnolia","EVO:Axolotl","StSShapeShifter:DruidicMedallion","Lantern","Question Card","Oddly Smooth Stone","StSShapeShifter:FrogOfVitality","Strawberry","Blue Candle","Astrolabe","PreservedInsect","Orrery","Blood Vial","Juzu Bracelet","Toxic Egg 2","Nunchaku","MutagenicStrength","StSShapeShifter:ThornsOfSummi","SacredBark","Incense Burner","StrikeDummy","StSShapeShifter:WristwrapsOfDiscovery","Peace Pipe"],"acts_visited":["Exordium","TheCity","TheBeyond"],"potions_floor_usage":[11,22,29,29,35,42,46,50,50],"damage_taken":[{"damage":0,"enemies":"2 Louse","floor":1,"turns":2},{"damage":2,"enemies":"Jaw Worm","floor":5,"turns":3},{"damage":0,"enemies":"3 Sentries","floor":7,"turns":5},{"damage":0,"enemies":"Small Slimes","floor":8,"turns":2},{"damage":0,"enemies":"Gremlin Nob","floor":11,"turns":2},{"damage":0,"enemies":"2 Fungi Beasts","floor":12,"turns":2},{"damage":0,"enemies":"3 Louse","floor":13,"turns":2},{"damage":0,"enemies":"Gremlin Nob","floor":14,"turns":3},{"damage":7,"enemies":"The Guardian","floor":16,"turns":10},{"damage":0,"enemies":"2 Thieves","floor":18,"turns":4},{"damage":1,"enemies":"Shell Parasite","floor":22,"turns":4},{"damage":20,"enemies":"Slavers","floor":24,"turns":3},{"damage":0,"enemies":"Snake Plant","floor":27,"turns":2},{"damage":3,"enemies":"Cultist and Chosen","floor":29,"turns":6},{"damage":41,"enemies":"Book of Stabbing","floor":31,"turns":6},{"damage":33,"enemies":"Champ","floor":33,"turns":16},{"damage":10,"enemies":"3 Shapes","floor":35,"turns":12},{"damage":22,"enemies":"Mind Bloom Boss Battle","floor":38,"turns":6},{"damage":2,"enemies":"Orb Walker","floor":39,"turns":4},{"damage":0,"enemies":"Nemesis","floor":40,"turns":7},{"damage":21,"enemies":"Sphere and 2 Shapes","floor":42,"turns":8},{"damage":46,"enemies":"Reptomancer","floor":44,"turns":7},{"damage":3,"enemies":"Maw","floor":46,"turns":9},{"damage":35,"enemies":"Spire Growth","floor":47,"turns":6},{"damage":120,"enemies":"Awakened One","floor":50,"turns":9}],"seed_played":"6344446992991448682","potions_obtained":[{"floor":1,"key":"ColorlessPotion"},{"floor":16,"key":"Energy Potion"},{"floor":18,"key":"ColorlessPotion"},{"floor":24,"key":"FearPotion"},{"floor":29,"key":"FearPotion"},{"floor":33,"key":"Strength Potion"},{"floor":38,"key":"Swift Potion"},{"floor":39,"key":"AttackPotion"},{"floor":44,"key":"LiquidMemories"}],"is_trial":false,"path_per_floor":["M","?","T","?","M","R","E","M","T","R","E","M","M","?","R","B",null,"M","?","$","?","M","R","E","R","T","M","?","M","?","E","R","B",null,"M","?","?","?","M","E","R","M","T","E","?","M","M","?","R","B"],"character_chosen":"SHAPESHIFTER","items_purchased":["PreservedInsect","Orrery"],"campfire_rested":1,"item_purchase_floors":[20,20],"current_hp_per_floor":[86,86,86,79,77,77,77,77,77,77,85,88,88,88,88,98,100,100,100,100,100,100,100,92,92,92,99,99,100,100,67,67,76,103,104,94,81,76,80,82,82,80,80,45,45,79,63,53,84,0,0],"gold":535,"neow_bonus":"RANDOM_COMMON_RELIC","is_daily":false,"chose_seed":false,"campfire_upgraded":6,"win_rate":0.0,"timestamp":1613975931,"path_taken":["M","?","?","?","M","R","E","M","T","R","E","M","M","?","R","BOSS","M","?","?","?","M","R","E","R","T","M","?","M","?","E","R","BOSS","M","?","?","?","M","E","R","M","T","E","?","M","M","?","R","BOSS"],"items_purchased_type":["Relic","Relic"],"build_version":"2020-12-22","purchased_purges":0,"victory":false,"max_hp_per_floor":[86,86,86,86,86,86,86,86,86,86,94,97,97,97,97,100,100,100,100,100,100,101,101,102,102,102,102,102,102,102,102,102,103,103,104,104,104,104,104,104,104,104,104,104,104,104,104,104,104,104,104],"card_choices":[{"not_picked":["StSShapeShifter:CursedApple","StSShapeShifter:Maul"],"picked":"StSShapeShifter:BulwarkOfDiscovery","floor":1},{"not_picked":["StSShapeShifter:MonkeyForm","StSShapeShifter:EntForm","StSShapeShifter:PoisonIvy"],"picked":"StSShapeShifter:SquirrelForm","floor":5},{"not_picked":["StSShapeShifter:LeapingSlash","StSShapeShifter:BaskInBloom","StSShapeShifter:FallingLeaves"],"picked":"StSShapeShifter:Roar","floor":7},{"not_picked":["StSShapeShifter:Consume","StSShapeShifter:BladeOfGrass","StSShapeShifter:MonkeyForm"],"picked":"StSShapeShifter:DeerForm","floor":8},{"not_picked":["StSShapeShifter:RitualOfTheExtinct","StSShapeShifter:HippoForm","StSShapeShifter:AdaptiveStrikes"],"picked":"StSShapeShifter:Forgiveness","floor":11},{"not_picked":["StSShapeShifter:SunflowerShuriken","StSShapeShifter:ShiftingStrike","StSShapeShifter:OakBlade"],"picked":"StSShapeShifter:BarkSkin","floor":12},{"not_picked":["StSShapeShifter:BulwarkOfDiscovery","StSShapeShifter:VileMushroom","StSShapeShifter:MonkeyForm"],"picked":"StSShapeShifter:HummingbirdForm","floor":13},{"not_picked":["StSShapeShifter:BulwarkOfDiscovery","StSShapeShifter:BurstingSpore","StSShapeShifter:BladeOfGrass"],"picked":"StSShapeShifter:HippoForm","floor":14},{"not_picked":["StSShapeShifter:Winter","StSShapeShifter:Spring","StSShapeShifter:SkullBash"],"picked":"StSShapeShifter:DragonForm","floor":16},{"not_picked":["StSShapeShifter:SquirrelForm","StSShapeShifter:FlowerShield","StSShapeShifter:OpportuneSwoop+1"],"picked":"StSShapeShifter:BurstingSpore","floor":18},{"not_picked":["StSShapeShifter:SquirrelForm","StSShapeShifter:ClimbTree","StSShapeShifter:ThrashAbout"],"picked":"StSShapeShifter:PoisonIvy","floor":20},{"not_picked":["StSShapeShifter:BarkSkin","StSShapeShifter:FlowerShield","StSShapeShifter:TopazSkin+1"],"picked":"StSShapeShifter:Rabid+1","floor":20},{"not_picked":["StSShapeShifter:OakBlade","StSShapeShifter:FallingLeaves+1","StSShapeShifter:Consume"],"picked":"StSShapeShifter:FesteringBite","floor":20},{"not_picked":["StSShapeShifter:ThornToss","StSShapeShifter:Sapling","StSShapeShifter:CursedApple"],"picked":"StSShapeShifter:PhoenixForm","floor":20},{"not_picked":["StSShapeShifter:VileMushroom","StSShapeShifter:HummingbirdForm","StSShapeShifter:OpportuneSwoop"],"picked":"StSShapeShifter:Rabid","floor":20},{"not_picked":["StSShapeShifter:OakBlade","StSShapeShifter:Guard","StSShapeShifter:EmbraceTheCycle"],"picked":"StSShapeShifter:ReplenishingNectar","floor":22},{"not_picked":["StSShapeShifter:BloomingSlash+1","StSShapeShifter:FallingLeaves+1","StSShapeShifter:MonkeyForm+1"],"picked":"StSShapeShifter:Spring","floor":24},{"not_picked":["StSShapeShifter:FesteringBite","StSShapeShifter:MonkeyForm+1","StSShapeShifter:OakBlade"],"picked":"StSShapeShifter:EntForm+1","floor":27},{"not_picked":["StSShapeShifter:DeerForm+1","StSShapeShifter:OwlForm+1","StSShapeShifter:SquirrelForm+1"],"picked":"StSShapeShifter:WolfForm+1","floor":29},{"not_picked":["StSShapeShifter:SunflowerShuriken","StSShapeShifter:LeapingSlash","StSShapeShifter:FlowerShield+1"],"picked":"StSShapeShifter:Sap_Burst","floor":31},{"not_picked":["StSShapeShifter:Vengeance","StSShapeShifter:RitualOfTheElders+1","StSShapeShifter:Earthquake"],"picked":"StSShapeShifter:RhinoCalfForm+1","floor":33},{"not_picked":["StSShapeShifter:BloomingSlash","StSShapeShifter:ThornToss","StSShapeShifter:Rest+1"],"picked":"StSShapeShifter:ClimbTree+1","floor":35},{"not_picked":["Finesse+1","PanicButton+1","Transmutation+1"],"picked":"Sadistic Nature","floor":36},{"not_picked":["Jack Of All Trades+1","Panache","Dramatic Entrance"],"picked":"Madness+1","floor":36},{"not_picked":["Transmutation+1","Panacea+1","Swift Strike"],"picked":"Madness+1","floor":36},{"not_picked":["StSShapeShifter:Evolution","StSShapeShifter:Guard+1","StSShapeShifter:Consume+1"],"picked":"StSShapeShifter:ReplenishingNectar+1","floor":38},{"not_picked":["StSShapeShifter:VileMushroom+1","StSShapeShifter:FlowerShield+1","StSShapeShifter:SpiritOfTheEarth+1"],"picked":"StSShapeShifter:EntForm+1","floor":39},{"not_picked":["StSShapeShifter:BloomingSlash","StSShapeShifter:FlowerShield+1","StSShapeShifter:RockSlide"],"picked":"StSShapeShifter:Roar+1","floor":40},{"not_picked":["StSShapeShifter:HippoForm+1","StSShapeShifter:SunflowerShuriken+1","StSShapeShifter:BloomingSlash+1"],"picked":"StSShapeShifter:Garden+1","floor":42},{"not_picked":["StSShapeShifter:ThrashAbout","StSShapeShifter:DeerForm+1","StSShapeShifter:BladeOfGrass"],"picked":"StSShapeShifter:PoisonIvy+1","floor":44},{"not_picked":["StSShapeShifter:MagicMushrooms+1","StSShapeShifter:BarkSkin+1","StSShapeShifter:FallingLeaves+1"],"picked":"StSShapeShifter:PoisonIvy+1","floor":46},{"not_picked":["StSShapeShifter:AdaptiveStrikes","StSShapeShifter:HippoForm+1","StSShapeShifter:BurstingSpore"],"picked":"StSShapeShifter:MooseForm+1","floor":47}],"player_experience":1756962,"relics_obtained":[{"floor":3,"key":"Lantern"},{"floor":7,"key":"Oddly Smooth Stone"},{"floor":9,"key":"StSShapeShifter:FrogOfVitality"},{"floor":11,"key":"Strawberry"},{"floor":14,"key":"Blue Candle"},{"floor":24,"key":"Juzu Bracelet"},{"floor":26,"key":"Toxic Egg 2"},{"floor":31,"key":"StSShapeShifter:ThornsOfSummi"},{"floor":38,"key":"Incense Burner"},{"floor":40,"key":"StrikeDummy"},{"floor":43,"key":"StSShapeShifter:WristwrapsOfDiscovery"},{"floor":44,"key":"Peace Pipe"}],"event_choices":[{"damage_healed":0,"gold_gain":0,"player_choice":"Grow","damage_taken":0,"max_hp_gain":0,"max_hp_loss":0,"event_name":"Living Wall","floor":2,"gold_loss":0,"cards_upgraded":["StSShapeShifter:BulwarkOfDiscovery"]},{"damage_healed":0,"gold_gain":0,"player_choice":"Success","damage_taken":7,"relics_obtained":["Question Card"],"max_hp_gain":0,"max_hp_loss":0,"event_name":"Scrap Ooze","floor":4,"gold_loss":0},{"damage_healed":0,"gold_gain":0,"player_choice":"Searched \u00271\u0027 times","damage_taken":0,"max_hp_gain":0,"max_hp_loss":0,"event_name":"Dead Adventurer","floor":14,"gold_loss":0},{"damage_healed":0,"gold_gain":100,"player_choice":"Pray","damage_taken":0,"max_hp_gain":0,"max_hp_loss":0,"event_name":"Golden Shrine","floor":19,"gold_loss":0},{"damage_healed":0,"gold_gain":0,"player_choice":"Obtained Relic","damage_taken":0,"relics_obtained":["Blood Vial"],"max_hp_gain":0,"max_hp_loss":0,"event_name":"Addict","floor":21,"gold_loss":85},{"damage_healed":0,"gold_gain":0,"player_choice":"Opened","damage_taken":0,"relics_obtained":["Nunchaku"],"max_hp_gain":0,"max_hp_loss":0,"event_name":"The Mausoleum","floor":28,"gold_loss":0},{"damage_healed":0,"gold_gain":0,"player_choice":"Inject Mutagens","damage_taken":0,"relics_obtained":["MutagenicStrength"],"max_hp_gain":0,"max_hp_loss":0,"event_name":"Drug Dealer","floor":30,"gold_loss":0},{"damage_healed":0,"gold_gain":0,"player_choice":"Memory 3","damage_taken":10,"max_hp_gain":0,"max_hp_loss":0,"event_name":"SensoryStone","floor":36,"gold_loss":0},{"damage_healed":0,"gold_gain":0,"player_choice":"Embrace Madness","damage_taken":13,"max_hp_gain":0,"max_hp_loss":0,"event_name":"Winding Halls","floor":37,"gold_loss":0,"cards_obtained":["Madness","Madness"]},{"damage_healed":0,"gold_gain":0,"player_choice":"Fight","damage_taken":0,"max_hp_gain":0,"max_hp_loss":0,"event_name":"MindBloom","floor":38,"gold_loss":0},{"damage_healed":0,"gold_gain":0,"player_choice":"Ignored","damage_taken":0,"max_hp_gain":0,"max_hp_loss":0,"event_name":"Tomb of Lord Red Mask","floor":45,"gold_loss":0}],"is_beta":false,"boss_relics":[{"not_picked":["Snecko Eye","SlaversCollar"],"picked":"Astrolabe"},{"not_picked":["Tiny House","Cursed Key"],"picked":"SacredBark"}],"items_purged_floors":[],"is_endless":false,"potions_floor_spawned":[1,5,8,16,18,24,29,33,38,39,44],"killed_by":"Awakened One","ascension_level":0}}