{"host":"ymrxmazrubg7ht5t","time":1613970387,"event":{"mods":["2.2 Compatiblity","Act Like it!","Arknights","Bartender","BaseMod","Better Match","Better Note","Colored Powertips","Conspire","Evolution","Gensokyo","HololiveMod","Infinite Spire","Jorbs\u0027s Wanderer Trilogy","Lobotomy","LobotomyExtend","Marisa????????","Minty Spire (QoL Compilation)","Relic Stats","Replay The Spire","Ruina","StSLib","The Cursed","The Marked"],"gold_per_floor":[122,47,58,58,58,58,58,90,90,121,121,121,147,147,72,92,92,194,194,214,214,214,214,51,51,79,79,79,79,95,111,111],"floor_reached":31,"language":"ENG","playtime":2238,"items_purged":["Normality"],"score":310,"play_id":"456f4127-8333-4b99-ba28-1f1e2b1851f2","local_time":"20210222010627","is_ascension_mode":true,"campfire_choices":[{"data":"stsjorbsmod:MagicMirror","floor":9,"key":"SMITH"},{"floor":14,"key":"REST"},{"data":"stsjorbsmod:Rediscovery","floor":17,"key":"SMITH"},{"data":"stsjorbsmod:Mending","floor":25,"key":"SMITH"},{"data":"stsjorbsmod:MistyStep","floor":27,"key":"SMITH"}],"circlet_count":0,"master_deck":["stsjorbsmod:ForbiddenGrimoire+1","stsjorbsmod:Strike_Wanderer+1","stsjorbsmod:Strike_Wanderer+1","stsjorbsmod:Strike_Wanderer+1","stsjorbsmod:Defend_Wanderer","stsjorbsmod:Defend_Wanderer","stsjorbsmod:Defend_Wanderer","stsjorbsmod:Defend_Wanderer","stsjorbsmod:FreshAdventure","stsjorbsmod:EyeOfTheStorm","stsjorbsmod:MagicMirror+1","stsjorbsmod:Pyromancy+1","stsjorbsmod:Hibernate+1","stsjorbsmod:TrueStrike","stsjorbsmod:Prestidigitation","stsjorbsmod:MistyStep+1","stsjorbsmod:Withdraw","stsjorbsmod:Thorns+1","stsjorbsmod:Mending+1","stsjorbsmod:TinyHut"],"relics":["stsjorbsmod:GrimoireRelic","EVO:Axolotl","Ring of Misfortune","ReplayTheSpireMod:Ring of Exchange","Singing Bowl","Pantograph","Power_Wrist","Hololive_LightStick","Membership Card","ruina:Prescript","infinitespire:Midas Blood","infinitespire:ShieldingShard","Whetstone"],"acts_visited":["Gensokyo:Gensokyo","ruina:Briah"],"potions_floor_usage":[13,20,26],"damage_taken":[{"damage":1,"enemies":"Gensokyo:Python","floor":1,"turns":4},{"damage":3,"enemies":"Gensokyo:2_Kodama","floor":3,"turns":5},{"damage":15,"enemies":"Gensokyo:Aya","floor":8,"turns":4},{"damage":10,"enemies":"Gensokyo:Cirno","floor":10,"turns":6},{"damage":6,"enemies":"Gensokyo:Aya","floor":13,"turns":4},{"damage":0,"enemies":"Gensokyo:Gryphon","floor":16,"turns":3},{"damage":0,"enemies":"Gensokyo:Kokoro","floor":18,"turns":10},{"damage":0,"enemies":"ruina:BadWolf","floor":20,"turns":5},{"damage":23,"enemies":"ruina:3_Bats","floor":26,"turns":6},{"damage":14,"enemies":"ruina:KingOfGreed","floor":30,"turns":7},{"damage":81,"enemies":"ruina:ServantOfWrath","floor":31,"turns":6}],"seed_played":"-8014501462967031546","potions_obtained":[{"floor":8,"key":"FearPotion"},{"floor":13,"key":"Weak Potion"},{"floor":18,"key":"LifebloodPotion"},{"floor":26,"key":"DuplicationPotion"},{"floor":30,"key":"SteroidPotion"}],"is_trial":false,"path_per_floor":["M","?","M","PTL","PTL","?","?","E","R","E","T","?","E","R","$","M","R","B",null,"M","?","?","T","$","R","M","R","T","?","M","E"],"character_chosen":"WANDERER","items_purchased":["stsjorbsmod:Mending","infinitespire:ShieldingShard"],"campfire_rested":1,"item_purchase_floors":[24,24],"current_hp_per_floor":[74,74,73,73,73,73,73,61,61,53,53,53,50,72,72,74,74,76,76,76,76,76,76,76,76,62,62,62,76,70,0,0],"gold":111,"neow_bonus":"TEN_PERCENT_HP_BONUS","is_daily":false,"chose_seed":false,"campfire_upgraded":4,"win_rate":0.0,"timestamp":1613970387,"path_taken":["M","?","?","PTL","PTL","?","?","E","R","E","T","?","E","R","$","M","R","BOSS","M","?","?","?","$","R","M","R","T","?","M","E"],"items_purchased_type":["Card","Relic"],"build_version":"2020-12-22","purchased_purges":1,"victory":false,"max_hp_per_floor":[74,74,74,74,74,74,74,76,76,76,76,76,76,76,76,76,76,76,76,76,76,76,76,76,76,76,76,76,76,78,78,78],"relic_stats":{"Singing Bowl":4,"counters":[11,60],"Pantograph":2,"Whetstone":["stsjorbsmod:Strike_Wanderer","stsjorbsmod:Strike_Wanderer"],"obtain_stats":[{"ReplayTheSpireMod:Ring of Exchange":6,"Singing Bowl":8,"stsjorbsmod:GrimoireRelic":0,"EVO:Axolotl":0,"Whetstone":28,"Power_Wrist":11,"Hololive_LightStick":13,"infinitespire:ShieldingShard":24,"Ring of Misfortune":6,"Pantograph":10,"ruina:Prescript":21,"Membership Card":19,"infinitespire:Midas Blood":23},{"ReplayTheSpireMod:Ring of Exchange":2,"Singing Bowl":3,"stsjorbsmod:GrimoireRelic":0,"EVO:Axolotl":0,"Whetstone":9,"Power_Wrist":4,"Hololive_LightStick":5,"infinitespire:ShieldingShard":8,"Ring of Misfortune":2,"Pantograph":4,"ruina:Prescript":8,"Membership Card":7,"infinitespire:Midas Blood":8},{"ReplayTheSpireMod:Ring of Exchange":9,"Singing Bowl":13,"stsjorbsmod:GrimoireRelic":0,"EVO:Axolotl":0,"Whetstone":47,"Power_Wrist":19,"Hololive_LightStick":23,"infinitespire:ShieldingShard":41,"Ring of Misfortune":9,"Pantograph":19,"ruina:Prescript":41,"Membership Card":36,"infinitespire:Midas Blood":41}]},"card_choices":[{"not_picked":["stsjorbsmod:Materialize","stsjorbsmod:DoubleCheck"],"picked":"stsjorbsmod:MagicMirror","floor":1},{"not_picked":["stsjorbsmod:IvoryTower+1","stsjorbsmod:Banish+1"],"picked":"stsjorbsmod:Pyromancy+1","floor":2},{"not_picked":["stsjorbsmod:Hurt+1","stsjorbsmod:WanderingMind+1"],"picked":"stsjorbsmod:Hibernate+1","floor":2},{"not_picked":["stsjorbsmod:Thorns","stsjorbsmod:Index"],"picked":"stsjorbsmod:TrueStrike","floor":3},{"not_picked":["stsjorbsmod:Index","stsjorbsmod:WeightOfMemory","stsjorbsmod:TrueStrike"],"picked":"Singing Bowl","floor":8},{"not_picked":["stsjorbsmod:UnseenServant","stsjorbsmod:WeightOfMemory"],"picked":"stsjorbsmod:Prestidigitation","floor":10},{"not_picked":["stsjorbsmod:MistyStep","stsjorbsmod:ChainLightning"],"picked":"stsjorbsmod:Rediscovery","floor":13},{"not_picked":["stsjorbsmod:Channel","stsjorbsmod:TrueStrike"],"picked":"stsjorbsmod:MistyStep","floor":16},{"not_picked":["stsjorbsmod:DeathThroes","stsjorbsmod:ThirstingSword"],"picked":"stsjorbsmod:Withdraw","floor":18},{"not_picked":["stsjorbsmod:Hurt","stsjorbsmod:Prepare"],"picked":"stsjorbsmod:Thorns+1","floor":20},{"not_picked":["stsjorbsmod:FindFamiliar+1","stsjorbsmod:BlackTentacles"],"picked":"stsjorbsmod:TinyHut","floor":26},{"not_picked":["stsjorbsmod:Fear","stsjorbsmod:Patron+1","stsjorbsmod:ChainLightning+1"],"picked":"Singing Bowl","floor":30}],"player_experience":483906,"relics_obtained":[{"floor":6,"key":"Ring of Misfortune"},{"floor":6,"key":"ReplayTheSpireMod:Ring of Exchange"},{"floor":8,"key":"Singing Bowl"},{"floor":10,"key":"Pantograph"},{"floor":11,"key":"Power_Wrist"},{"floor":13,"key":"Hololive_LightStick"},{"floor":23,"key":"infinitespire:Midas Blood"},{"floor":28,"key":"Whetstone"}],"event_choices":[{"damage_healed":0,"gold_gain":0,"player_choice":"2","damage_taken":0,"max_hp_gain":0,"max_hp_loss":0,"event_name":"betterMatch:BetterMatch","floor":2,"gold_loss":0,"cards_obtained":["betterMatch:RareCard","betterMatch:CommonCard"]},{"damage_healed":0,"gold_gain":0,"player_choice":"Leave","damage_taken":0,"max_hp_gain":0,"max_hp_loss":0,"event_name":"conspire:Investor","floor":22,"gold_loss":0}],"is_beta":false,"boss_relics":[{"not_picked":["SacredBark","Replay:Ancient Bell"],"picked":"Membership Card"}],"items_purged_floors":[15],"is_endless":false,"potions_floor_spawned":[8,13,18,26,30],"killed_by":"ruina:ServantOfWrath","ascension_level":1}}