{"host":"2se5dq1do2gp0x9k","time":1613960322,"event":{"mods":["AchievementEnabler","BaseMod","Block Reminder","Colored Map","Colored Powertips","Minty Spire (QoL Compilation)","Relic Stats","StSLib","SuperFastMode"],"gold_per_floor":[10,22,34,34,48,48,74,74,74,74,74,74],"floor_reached":11,"language":"ENG","playtime":337,"items_purged":[],"score":139,"play_id":"96ac1544-275b-4692-92b7-af95451faafb","local_time":"20210221181842","is_ascension_mode":true,"campfire_choices":[{"data":"Thinking Ahead","floor":6,"key":"SMITH"},{"floor":8,"key":"REST"},{"data":"MentalFortress","floor":10,"key":"SMITH"}],"circlet_count":0,"master_deck":["AscendersBane","Strike_P","Strike_P","Strike_P","Defend_P","Defend_P","Defend_P","Defend_P","Eruption","Vigilance","Thinking Ahead+1","FlurryOfBlows","FearNoEvil","CarveReality","ClearTheMind","BowlingBash","MentalFortress+1"],"relics":["PureWater","WingedGreaves","Du-Vu Doll"],"acts_visited":["Exordium"],"potions_floor_usage":[11],"damage_taken":[{"damage":0.0,"enemies":"2 Louse","floor":1.0,"turns":2.0},{"damage":2.0,"enemies":"Cultist","floor":2.0,"turns":4.0},{"damage":7.0,"enemies":"Jaw Worm","floor":3.0,"turns":5.0},{"damage":31,"enemies":"Exordium Thugs","floor":5,"turns":5},{"damage":11,"enemies":"Gremlin Nob","floor":7,"turns":3},{"damage":40,"enemies":"Lagavulin","floor":11,"turns":7}],"seed_played":"8299916571507043637","potions_obtained":[{"floor":3.0,"key":"PowerPotion"},{"floor":7,"key":"EssenceOfSteel"}],"is_trial":false,"path_per_floor":["M","M","M","?","M","R","E","R","T","R","E"],"character_chosen":"WATCHER","items_purchased":[],"campfire_rested":1,"item_purchase_floors":[],"current_hp_per_floor":[61,59,52,52,21,21,10,30,30,30,0,0],"gold":74,"neow_bonus":"RANDOM_COLORLESS_2","is_daily":false,"chose_seed":false,"campfire_upgraded":2,"win_rate":0.0,"timestamp":1613960322,"path_taken":["M","M","M","?","?","R","E","R","T","R","E"],"items_purchased_type":[],"build_version":"2020-12-22","purchased_purges":0,"victory":false,"max_hp_per_floor":[68,68,68,68,68,68,68,68,68,68,68,68],"relic_stats":{"counters":[6,26],"obtain_stats":[{"Du-Vu Doll":9,"WingedGreaves":7,"PureWater":0},{"Du-Vu Doll":5,"WingedGreaves":5,"PureWater":0},{"Du-Vu Doll":19,"WingedGreaves":19,"PureWater":0}]},"card_choices":[{"not_picked":["Transmutation","Secret Weapon"],"picked":"Thinking Ahead","floor":0.0},{"not_picked":["Prostrate","BattleHymn"],"picked":"FlurryOfBlows","floor":1.0},{"not_picked":["FlurryOfBlows","SashWhip"],"picked":"FearNoEvil","floor":2.0},{"not_picked":["ClearTheMind","Meditate"],"picked":"CarveReality","floor":3.0},{"not_picked":["WindmillStrike","Nirvana"],"picked":"BowlingBash","floor":5},{"not_picked":["Indignation","CarveReality"],"picked":"MentalFortress","floor":7}],"player_experience":4109495,"relics_obtained":[{"floor":7,"key":"WingedGreaves"},{"floor":9,"key":"Du-Vu Doll"}],"event_choices":[{"damage_healed":0.0,"max_hp_gain":0.0,"max_hp_loss":0.0,"gold_gain":0.0,"cards_transformed":["Strike_P"],"event_name":"Transmorgrifier","player_choice":"Transformed","floor":4.0,"gold_loss":0.0,"damage_taken":0.0,"cards_obtained":["ClearTheMind"]}],"is_beta":false,"boss_relics":[],"items_purged_floors":[],"is_endless":false,"potions_floor_spawned":[3,7],"killed_by":"Lagavulin","ascension_level":18}}