{"host":"qwv9nni2x0umspiu","time":1613960686,"event":{"mods":["BaseMod","Downfall","Minty Spire (QoL Compilation)","Replay The Spire","StSLib","The Hierophant","Wandering Minibosses"],"gold_per_floor":[115,115,40,40,58,58,84,114,150,172,184,210,242,254,266,268,268],"floor_reached":16,"language":"ENG","playtime":598,"items_purged":[],"score":258,"play_id":"58863d58-7403-4e75-8317-86a731a6099a","local_time":"20210221182446","is_ascension_mode":true,"campfire_choices":[{"data":"hierophant:ChurchCoffers","floor":6,"key":"SMITH"},{"data":"hierophant:Punish","floor":11,"key":"SMITH"},{"data":"hierophant:Exaltation","floor":15,"key":"SMITH"}],"circlet_count":0,"master_deck":["AscendersBane","hierophant:Strike_Hierophant","hierophant:Strike_Hierophant","hierophant:Strike_Hierophant","hierophant:Punish+1","hierophant:Defend_Hierophant","hierophant:Defend_Hierophant","hierophant:Defend_Hierophant","hierophant:Defend_Hierophant","hierophant:ChurchCoffers+1","hierophant:Zeal","hierophant:Shelter","hierophant:Alms","hierophant:Exaltation+1"],"relics":["hierophant:PropheticMaskRelic","NeowsBlessing","MawBank"],"acts_visited":["Exordium"],"potions_floor_usage":[16,16],"damage_taken":[{"damage":0,"enemies":"Small Slimes","floor":1,"turns":1},{"damage":0,"enemies":"Jaw Worm","floor":5,"turns":1},{"damage":0,"enemies":"3 Sentries","floor":7,"turns":1},{"damage":0,"enemies":"Cultist","floor":8,"turns":3},{"damage":12,"enemies":"Large Slime","floor":10,"turns":10},{"damage":3,"enemies":"3 Louse","floor":12,"turns":2},{"damage":7,"enemies":"Exordium Wildlife","floor":13,"turns":4},{"damage":18,"enemies":"Large Slime","floor":14,"turns":6},{"damage":25,"enemies":"Slime Boss","floor":16,"turns":4}],"seed_played":"-8834405826499346437","potions_obtained":[{"floor":7,"key":"SmokeBomb"},{"floor":10,"key":"Swift Potion"},{"floor":13,"key":"FearPotion"}],"is_trial":false,"path_per_floor":["M","?","?","$","M","R","E","M","T","M","R","M","M","M","R","B"],"character_chosen":"HIEROPHANT","items_purchased":[],"campfire_rested":0,"item_purchase_floors":[],"current_hp_per_floor":[68,68,68,68,68,68,68,68,68,56,56,53,46,28,28,3,3],"gold":268,"neow_bonus":"THREE_ENEMY_KILL","is_daily":false,"chose_seed":false,"campfire_upgraded":3,"win_rate":0.0,"timestamp":1613960686,"path_taken":["M","?","?","?","M","R","E","M","T","M","R","M","M","M","R","BOSS"],"items_purchased_type":[],"build_version":"2020-12-22","purchased_purges":0,"victory":false,"max_hp_per_floor":[75,75,75,75,75,75,75,75,75,75,75,75,75,75,75,75,75],"card_choices":[{"not_picked":["hierophant:Sermon","hierophant:Blessing"],"picked":"hierophant:Zeal","floor":1},{"not_picked":["hierophant:FaithHealing","hierophant:Refuge"],"picked":"hierophant:Shelter","floor":5},{"not_picked":["hierophant:ThreeLashes","hierophant:Generosity"],"picked":"hierophant:Alms","floor":7},{"not_picked":["hierophant:Encroach","hierophant:FieryStrike"],"picked":"hierophant:Exaltation","floor":8},{"not_picked":["hierophant:Martyrdom","hierophant:RepressedViolence","hierophant:Doomsaying"],"picked":"SKIP","floor":10},{"not_picked":["hierophant:MorningPrayer","hierophant:Rebuild","hierophant:Zeal"],"picked":"SKIP","floor":12},{"not_picked":["hierophant:FaithHealing","hierophant:Blessing","hierophant:ThreeLashes"],"picked":"SKIP","floor":13},{"not_picked":["hierophant:Sermon","hierophant:Empathy","hierophant:Bribe"],"picked":"SKIP","floor":14}],"player_experience":1377993,"relics_obtained":[{"floor":7,"key":"MawBank"}],"event_choices":[{"cards_removed":["hierophant:AuricBeam"],"damage_healed":0,"gold_gain":0,"player_choice":"Card Removal","damage_taken":0,"max_hp_gain":0,"max_hp_loss":0,"event_name":"The Cleric","floor":3,"gold_loss":75}],"is_beta":false,"boss_relics":[],"items_purged_floors":[],"is_endless":false,"potions_floor_spawned":[7,10,13,14],"killed_by":"Slime Boss","ascension_level":20}}