{"host":"2se5dq1do2gp0x9k","time":1613957539,"event":{"mods":["AchievementEnabler","BaseMod","Block Reminder","Colored Map","Colored Powertips","Minty Spire (QoL Compilation)","Relic Stats","StSLib","SuperFastMode"],"gold_per_floor":[114,127,28,42,58,58,89,89,114,114,140,140,151,179,179,256,256,267,267,192,192,192],"floor_reached":21,"language":"ENG","playtime":681,"items_purged":["Strike_P"],"score":612,"play_id":"1436291c-9b6e-4697-8b04-b77ac1fe14a2","local_time":"20210221173219","is_ascension_mode":true,"campfire_choices":[{"floor":6.0,"key":"REST"},{"data":"Adaptation","floor":8.0,"key":"SMITH"},{"data":"Ragnarok","floor":12.0,"key":"SMITH"},{"data":"Discovery","floor":15.0,"key":"SMITH"}],"circlet_count":0,"master_deck":["AscendersBane","Strike_P+1","Strike_P+1","Defend_P","Defend_P","Defend_P","Defend_P","Eruption+1","Vigilance","FollowUp","Adaptation+1","Discovery+1","FlurryOfBlows","Ragnarok+1","FollowUp","Evaluate","Omniscience","Evaluate+1"],"relics":["PureWater","FossilizedHelix","Whetstone","Anchor","PreservedInsect","Lantern","Velvet Choker"],"acts_visited":["Exordium","TheCity"],"potions_floor_usage":[],"damage_taken":[{"damage":0.0,"enemies":"Jaw Worm","floor":1.0,"turns":2.0},{"damage":0.0,"enemies":"Cultist","floor":2.0,"turns":3.0},{"damage":0.0,"enemies":"Small Slimes","floor":4.0,"turns":2.0},{"damage":27.0,"enemies":"Exordium Thugs","floor":5.0,"turns":4.0},{"damage":0.0,"enemies":"Lagavulin","floor":7.0,"turns":4.0},{"damage":0.0,"enemies":"Gremlin Nob","floor":11.0,"turns":2.0},{"damage":0.0,"enemies":"Looter","floor":13.0,"turns":2.0},{"damage":0.0,"enemies":"Lagavulin","floor":14.0,"turns":3.0},{"damage":0.0,"enemies":"Slime Boss","floor":16.0,"turns":4.0},{"damage":0.0,"enemies":"Chosen","floor":18.0,"turns":2.0},{"damage":0,"enemies":"Shell Parasite","floor":21,"turns":3}],"seed_played":"-1996008957220626983","potions_obtained":[{"floor":2.0,"key":"GamblersBrew"},{"floor":4.0,"key":"BlessingOfTheForge"},{"floor":5.0,"key":"BottledMiracle"},{"floor":16.0,"key":"Regen Potion"}],"is_trial":false,"path_per_floor":["M","M","$","M","M","R","E","R","T","?","E","R","M","E","R","B",null,"M","?","$","M"],"character_chosen":"WATCHER","items_purchased":["Discovery"],"campfire_rested":1,"item_purchase_floors":[3],"current_hp_per_floor":[43,43,43,43,16,36,36,36,36,29,29,29,29,29,29,29,58,58,58,58,58,58],"gold":192,"neow_bonus":"ONE_RARE_RELIC","is_daily":false,"chose_seed":false,"campfire_upgraded":3,"win_rate":0.0,"timestamp":1613957539,"path_taken":["M","M","$","M","M","R","E","R","T","?","E","R","M","E","R","BOSS","M","?","$","?"],"items_purchased_type":["Card"],"build_version":"2020-12-22","purchased_purges":1,"victory":false,"max_hp_per_floor":[68,68,68,68,68,68,68,68,68,68,68,68,68,68,68,68,68,68,68,68,68,68],"relic_stats":{"counters":[11,31],"PreservedInsect":29,"Whetstone":["Strike_P","Strike_P"],"obtain_stats":[{"Anchor":9,"Lantern":14,"Velvet Choker":17,"PreservedInsect":11,"Whetstone":7,"PureWater":0,"FossilizedHelix":0},{"Anchor":5,"Lantern":8,"Velvet Choker":9,"PreservedInsect":6,"Whetstone":5,"PureWater":0,"FossilizedHelix":0},{"Anchor":15,"Lantern":22,"Velvet Choker":26,"PreservedInsect":17,"Whetstone":15,"PureWater":0,"FossilizedHelix":0}]},"card_choices":[{"not_picked":["Evaluate","ThirdEye"],"picked":"FollowUp","floor":1.0},{"not_picked":["Crescendo","PathToVictory"],"picked":"Adaptation","floor":2.0},{"not_picked":["ClearTheMind","FlyingSleeves"],"picked":"FlurryOfBlows","floor":4.0},{"not_picked":["Halt","FollowUp"],"picked":"Ragnarok","floor":5.0},{"not_picked":["ClearTheMind","Ragnarok","Protect"],"picked":"SKIP","floor":7.0},{"not_picked":["FlyingSleeves","EmptyBody"],"picked":"FollowUp","floor":11.0},{"not_picked":["Prostrate","JustLucky"],"picked":"Evaluate","floor":13.0},{"not_picked":["FlyingSleeves","SpiritShield","EmptyBody"],"picked":"SKIP","floor":14.0},{"not_picked":["Judgement","Alpha"],"picked":"Omniscience","floor":16.0},{"not_picked":["SashWhip","BattleHymn"],"picked":"Evaluate+1","floor":18}],"player_experience":4106466,"relics_obtained":[{"floor":7.0,"key":"Whetstone"},{"floor":9.0,"key":"Anchor"},{"floor":11.0,"key":"PreservedInsect"},{"floor":14.0,"key":"Lantern"}],"event_choices":[{"cards_removed":["Strike_P"],"damage_healed":0.0,"max_hp_gain":0.0,"max_hp_loss":0.0,"gold_gain":0.0,"event_name":"Golden Wing","player_choice":"Card Removal","floor":10.0,"gold_loss":0.0,"damage_taken":7.0},{"damage_healed":0,"gold_gain":0,"player_choice":"Upgraded","damage_taken":0,"max_hp_gain":0,"max_hp_loss":0,"event_name":"Upgrade Shrine","floor":19,"gold_loss":0,"cards_upgraded":["Eruption"]}],"is_beta":false,"boss_relics":[{"not_picked":["Sozu","Black Star"],"picked":"Velvet Choker"}],"items_purged_floors":[20],"is_endless":false,"potions_floor_spawned":[2,4,5,14,16],"killed_by":"Shell Parasite","ascension_level":18}}