{"host":"le0986n0nrnnpvq8","time":1613976062,"event":{"mods":["BaseMod","Better Note","Colored Map","Hermit","Minty Spire (QoL Compilation)","StSLib"],"gold_per_floor":[118,17,17,30,40,40,65,65,88,32,42,42,59,59,59,134,134,150,75,90,100,100,100],"floor_reached":22,"language":"ENG","playtime":2581,"items_purged":["Parasite"],"score":372,"play_id":"e4e70f35-394c-4405-b911-3f83c85ddfb3","local_time":"20210222074102","is_ascension_mode":true,"campfire_choices":[{"data":"Streamline","floor":6,"key":"SMITH"},{"floor":8,"key":"REST"},{"data":"Zap","floor":12,"key":"SMITH"},{"floor":15,"key":"REST"}],"circlet_count":0,"master_deck":["AscendersBane","Strike_B","Strike_B","Defend_B","Defend_B","Defend_B","Zap+1","Dualcast","Compile Driver","Capacitor","Cold Snap","Streamline+1","Cold Snap+1","Tempest","Steam","Sweeping Beam+1","Core Surge","Stack+1"],"relics":["Cracked Core","Toy Ornithopter","Oddly Smooth Stone","SlaversCollar"],"acts_visited":["Exordium","TheCity"],"potions_floor_usage":[16,16],"damage_taken":[{"damage":11,"enemies":"Jaw Worm","floor":1,"turns":4},{"damage":1,"enemies":"Cultist","floor":4,"turns":3},{"damage":0,"enemies":"2 Louse","floor":5,"turns":2},{"damage":30,"enemies":"Lagavulin","floor":7,"turns":5},{"damage":5,"enemies":"Looter","floor":11,"turns":2},{"damage":2,"enemies":"Blue Slaver","floor":13,"turns":3},{"damage":40,"enemies":"Slime Boss","floor":16,"turns":12},{"damage":14,"enemies":"Spheric Guardian","floor":18,"turns":4},{"damage":5,"enemies":"Chosen","floor":20,"turns":5},{"damage":32,"enemies":"3 Cultists","floor":21,"turns":5},{"damage":37,"enemies":"Centurion and Healer","floor":22,"turns":11}],"seed_played":"3002859962219131180","potions_obtained":[{"floor":1,"key":"GamblersBrew"},{"floor":13,"key":"ColorlessPotion"},{"floor":16,"key":"FairyPotion"},{"floor":21,"key":"Energy Potion"}],"is_trial":false,"path_per_floor":["M","$","?","M","M","R","E","R","T","$","M","R","M","?","R","B",null,"M","?","M","M","M"],"character_chosen":"DEFECT","items_purchased":["Streamline","FocusPotion"],"campfire_rested":2,"item_purchase_floors":[2,10],"current_hp_per_floor":[53,53,53,52,52,52,22,42,42,42,37,37,35,15,35,5,52,38,38,33,1,0,0],"gold":100,"neow_bonus":"TRANSFORM_TWO_CARDS","is_daily":false,"chose_seed":false,"campfire_upgraded":2,"win_rate":0.0,"timestamp":1613976062,"path_taken":["M","$","?","M","M","R","E","R","T","$","?","R","?","?","R","BOSS","M","?","M","M","M"],"items_purchased_type":["Card","Potion"],"build_version":"2020-12-22","purchased_purges":1,"victory":false,"max_hp_per_floor":[71,68,68,68,68,68,68,68,68,68,68,68,68,68,68,68,68,68,68,68,68,68,68],"card_choices":[{"not_picked":["Go for the Eyes","Skim"],"picked":"Cold Snap","floor":1},{"not_picked":["Storm","Steam Power"],"picked":"Cold Snap","floor":4},{"not_picked":["Cold Snap","Coolheaded"],"picked":"Tempest","floor":5},{"not_picked":["Steam","Creative AI","Capacitor"],"picked":"SKIP","floor":7},{"not_picked":["Aggregate","Storm"],"picked":"Steam","floor":11},{"not_picked":["Rebound","Melter"],"picked":"Sweeping Beam","floor":13},{"not_picked":["Thunder Strike","Hyperbeam"],"picked":"Core Surge","floor":16},{"not_picked":["Gash","Redo","Coolheaded"],"picked":"SKIP","floor":18},{"not_picked":["Compile Driver","Static Discharge"],"picked":"Stack+1","floor":20},{"not_picked":["Amplify","Storm","Sweeping Beam"],"picked":"SKIP","floor":21}],"player_experience":1872685,"relics_obtained":[{"floor":7,"key":"Toy Ornithopter"},{"floor":9,"key":"Oddly Smooth Stone"}],"event_choices":[{"damage_healed":0,"gold_gain":0,"player_choice":"0 cards matched","damage_taken":0,"max_hp_gain":0,"max_hp_loss":0,"event_name":"Match and Keep!","floor":3,"gold_loss":0,"cards_obtained":[]},{"damage_healed":0,"gold_gain":0,"player_choice":"Entered Light","damage_taken":20,"max_hp_gain":0,"max_hp_loss":0,"event_name":"Shining Light","floor":14,"gold_loss":0,"cards_upgraded":["Sweeping Beam","Cold Snap"]},{"cards_removed":["Strike_B"],"damage_healed":0,"gold_gain":0,"player_choice":"Gave Gold","damage_taken":0,"max_hp_gain":0,"max_hp_loss":0,"event_name":"Beggar","floor":19,"gold_loss":75}],"is_beta":false,"boss_relics":[{"not_picked":["Empty Cage","Ectoplasm"],"picked":"SlaversCollar"}],"items_purged_floors":[2],"is_endless":false,"potions_floor_spawned":[1,13,16,21],"killed_by":"Centurion and Healer","ascension_level":20}}