{"host":"kvh5342rl0c7vxi5","time":1613964756,"event":{"mods":["Act Like it!","BaseMod","Bestiary","Better Third Choice","Challenge The Spire","Downfall","Duelist Mod","GifTheSpireLib","Gremlin Mod","Hermit","Hubris","Ironclad Rager","Jorbs\u0027s Wanderer Trilogy","Melee Mod","Minty Spire (QoL Compilation)","Potionbrewer","Quick Restart","Relic Stats","Replay The Spire","Spicy Shops","Spire Arcade","StSLib","SuperFastMode","The Forsaken","The Judge","The Mystic","The Poker Player","The Sage","slay the spire mod where everything is the same but ironclad has a cowboy hat"],"gold_per_floor":[429,51,77,107,136,136,136,136,180,180,180],"floor_reached":10,"language":"ENG","playtime":422,"items_purged":["Strike_B","Strike_B","Strike_B"],"score":230,"play_id":"19a6dab9-ca05-4a47-8d85-42b60f1383af","local_time":"20210221223236","daily_mods":["challengethespire:Platinum Difficulty","challengethespire:Elite Rush","Uncertain Future"],"is_ascension_mode":true,"campfire_choices":[{"data":"Static Discharge","floor":7,"key":"SMITH"},{"data":"Tempest","floor":8,"key":"SMITH"}],"circlet_count":0,"master_deck":["AscendersBane","Strike_B","Strike_B","Defend_B","Defend_B","Defend_B","Defend_B","Zap","Dualcast","Static Discharge+1","Barrage","Seek+1","Self Repair","Sweeping Beam","Beam Cell","Tempest+1","Ball Lightning","Conserve Battery","Coolheaded"],"relics":["Cracked Core","Black Star","Sling","PreservedInsect","Membership Card","Shuriken","Replay:Wax Seal","Replay:Bottled Steam","Mango","Geode","Solar Panel","Mirror","Runic Pyramid","CeramicFish","MealTicket"],"acts_visited":["Exordium"],"potions_floor_usage":[10],"damage_taken":[{"damage":30,"enemies":"3 Sentries","floor":3,"turns":4},{"damage":0,"enemies":"Gremlin Nob","floor":4,"turns":2},{"damage":5,"enemies":"Lagavulin","floor":5,"turns":5},{"damage":28,"enemies":"Slavers","floor":9,"turns":4},{"damage":34,"enemies":"Gremlin Leader","floor":10,"turns":6}],"seed_played":"5303778769582808777","potions_obtained":[{"floor":4,"key":"Energy Potion"}],"is_trial":true,"path_per_floor":["$","$","E","E","E","T","R","R","E","E"],"character_chosen":"DEFECT","items_purchased":["Membership Card","Static Discharge","Barrage","Seek+1","Self Repair","Sweeping Beam","Shuriken","Beam Cell"],"campfire_rested":0,"item_purchase_floors":[1,1,1,2,2,2,2,2],"current_hp_per_floor":[64,64,41,55,50,50,50,50,33,0,0],"gold":180,"neow_bonus":"","is_daily":false,"chose_seed":false,"campfire_upgraded":2,"win_rate":0.0,"timestamp":1613964756,"path_taken":["$","$","E","E","E","T","R","R","E","E"],"items_purchased_type":["Relic","Card","Card","Card","Card","Card","Relic","Card"],"build_version":"2020-12-22","purchased_purges":3,"victory":false,"max_hp_per_floor":[71,71,71,85,85,85,85,85,85,85,85],"relic_stats":{"counters":[5,21],"Shuriken":[7],"CeramicFish":9,"MealTicket":0,"PreservedInsect":181,"Black Star":4,"obtain_stats":[{"Solar Panel":5,"CeramicFish":9,"Mango":4,"PreservedInsect":0,"Geode":4,"Sling":0,"Shuriken":2,"MealTicket":9,"Black Star":0,"Membership Card":1,"Replay:Wax Seal":3,"Cracked Core":0,"Mirror":5,"Replay:Bottled Steam":3,"Runic Pyramid":6},{"Solar Panel":3,"CeramicFish":4,"Mango":2,"PreservedInsect":0,"Geode":2,"Sling":0,"Shuriken":0,"MealTicket":4,"Black Star":0,"Membership Card":0,"Replay:Wax Seal":1,"Cracked Core":0,"Mirror":3,"Replay:Bottled Steam":1,"Runic Pyramid":3},{"Solar Panel":11,"CeramicFish":15,"Mango":6,"PreservedInsect":0,"Geode":6,"Sling":0,"Shuriken":0,"MealTicket":15,"Black Star":0,"Membership Card":0,"Replay:Wax Seal":4,"Cracked Core":0,"Mirror":11,"Replay:Bottled Steam":4,"Runic Pyramid":11}]},"card_choices":[],"player_experience":592921,"relics_obtained":[{"floor":3,"key":"Replay:Wax Seal"},{"floor":3,"key":"Replay:Bottled Steam"},{"floor":4,"key":"Mango"},{"floor":4,"key":"Geode"},{"floor":5,"key":"Solar Panel"},{"floor":5,"key":"Mirror"},{"floor":9,"key":"CeramicFish"},{"floor":9,"key":"MealTicket"}],"event_choices":[],"is_beta":false,"boss_relics":[{"not_picked":["hubris:VirtuousBlindfold","hubris:Stopwatch"],"picked":"Runic Pyramid"}],"items_purged_floors":[1,1,2],"is_endless":false,"potions_floor_spawned":[4],"killed_by":"Gremlin Leader","ascension_level":20}}