{"host":"we8ay8el3o9pwc2d","time":1613967814,"event":{"mods":["Act Like it!","Aspiration","BaseMod","BetterRewards","Colored Map","Conspire","Downfall","Elementarium","GungeonMod","Minty Spire (QoL Compilation)","Reliquary","Robot Space Explorer","Ruina","Spire Arcade","StSLib","The Marked","Waifu the Spire"],"gold_per_floor":[99,118,30,45,30,30,30,45,76,90,90,103,553,573,587,587,587,587],"floor_reached":16,"language":"ENG","playtime":1624,"items_purged":[],"score":104,"play_id":"e5b5a918-ce11-4861-8acf-74d157bbdfa8","local_time":"20210221212334","is_ascension_mode":false,"campfire_choices":[{"data":"champ:Taunt","floor":1,"key":"SMITH"},{"floor":11,"key":"REST"}],"circlet_count":0,"master_deck":["champ:Strike","champ:Strike","champ:Strike","champ:Strike","champ:Defend","champ:Defend","champ:Defend","champ:Execute","champ:Taunt+1","champ:PreciseThrust","champ:FocusedDefense","champ:IronFortress","champ:BringItOn","champ:HoldFirm","champ:Haymaker","champ:FlashCut","champ:Shatter","downfall:Icky","downfall:Icky","downfall:Icky","champ:Parry","champ:ShieldWall"],"relics":["champ:ChampionCrown","Regal Pillow","reliquary:Aerogel"],"acts_visited":["Exordium"],"potions_floor_usage":[9,12,15],"damage_taken":[{"damage":10,"enemies":"Cultist","floor":2,"turns":4},{"damage":19,"enemies":"downfall:FleeingMerchant","floor":3,"turns":4},{"damage":28,"enemies":"Small Slimes","floor":4,"turns":3},{"damage":18,"enemies":"downfall:FleeingMerchant","floor":5,"turns":4},{"damage":10,"enemies":"Jaw Worm","floor":8,"turns":4},{"damage":40,"enemies":"3 Sentries","floor":9,"turns":8},{"damage":10,"enemies":"downfall:LooterAlt","floor":10,"turns":2},{"damage":18,"enemies":"Exordium Thugs","floor":12,"turns":5},{"damage":1,"enemies":"Blue Slaver","floor":14,"turns":4},{"damage":22,"enemies":"Large Slime","floor":15,"turns":7},{"damage":79,"enemies":"IC_STATUS_ARCHETYPE","floor":16,"turns":13}],"seed_played":"132106064768389399","potions_obtained":[{"floor":2,"key":"CultistPotion"},{"floor":4,"key":"sneckomod:MuddlingPotion"},{"floor":8,"key":"Weak Potion"},{"floor":15,"key":"bronze:BurnAndBuffPotion"}],"is_trial":false,"path_per_floor":["R","M","$","M","$","?","T","M","E","M","R","M","?","M","M","B"],"character_chosen":"THE_CHAMP","items_purchased":["champ:IronFortress"],"campfire_rested":1,"item_purchase_floors":[3],"current_hp_per_floor":[99,99,95,87,84,84,84,84,64,64,99,91,91,90,78,0,0,0],"gold":587,"neow_bonus":"TEN_PERCENT_HP_BONUS","is_daily":false,"chose_seed":false,"campfire_upgraded":1,"win_rate":0.0,"timestamp":1613967814,"path_taken":["R","M","?","?","$","?","T","M","E","M","R","?","?","M","M","BOSS"],"items_purchased_type":["Card"],"build_version":"2020-12-22","purchased_purges":0,"victory":false,"max_hp_per_floor":[99,99,99,99,99,99,99,99,99,99,99,99,99,99,99,99,99,99],"card_choices":[{"not_picked":["champ:CrownThrow","champ:FancyFootwork"],"picked":"champ:PreciseThrust","floor":2},{"not_picked":["champ:EndlessRage","champ:FancyFootwork"],"picked":"champ:FocusedDefense","floor":3},{"not_picked":["champ:FanOfKnives","champ:BladeFlurry"],"picked":"champ:BringItOn","floor":4},{"not_picked":["champ:ShieldSlam","champ:ArenaPreparation"],"picked":"champ:HoldFirm","floor":5},{"not_picked":["champ:BerserkersShout","champ:Backstep"],"picked":"champ:Haymaker","floor":8},{"not_picked":["champ:StanceDance","champ:RisingSlash"],"picked":"champ:FlashCut","floor":9},{"not_picked":["champ:EnGarde","champ:PreemptiveStrike"],"picked":"champ:Shatter","floor":10},{"not_picked":["champ:Backstep","champ:SteelEdge","champ:Circumvent"],"picked":"SKIP","floor":12},{"not_picked":["champ:CrownThrow","champ:HeartStrike"],"picked":"champ:Parry","floor":14},{"not_picked":["champ:Backstep","champ:PreciseThrust"],"picked":"champ:ShieldWall","floor":15}],"player_experience":2150580,"relics_obtained":[{"floor":7,"key":"Regal Pillow"},{"floor":9,"key":"reliquary:Aerogel"}],"event_choices":[],"is_beta":false,"boss_relics":[],"items_purged_floors":[],"is_endless":false,"potions_floor_spawned":[2,4,8,15],"killed_by":"IC_STATUS_ARCHETYPE","ascension_level":0}}