{"host":"kaame4qwxxqnygv7","time":1613981443,"event":{"mods":["AchievementEnabler","BaseMod","Better Match","Better Skull","Better Third Choice","BetterRewards","Block Reminder","Bossed Relics","DeckTracker","Energized Spire","GungeonMod","Minty Spire (QoL Compilation)","Quick Restart","Red Circlet Mod","StSLib","SuperFastMode","The Blue Laboratory"],"gold_per_floor":[38,38,52,52,52,83,83,118,165,178,178,204,217,236,236,334,334,350,183,197,207,220,254,179,279,329,361,381,381,415,415,415,510,510,528,543,593,593,608,635,635,635,659,670,702,719,719,123,123,123,123,123,123,152,152],"floor_reached":56,"language":"KOR","playtime":1911,"items_purged":["Strike_P","LessonLearned"],"score":1927,"play_id":"94871332-1453-4436-9dfd-014ea102e580","local_time":"20210222171043","is_ascension_mode":true,"campfire_choices":[{"data":"Pain","floor":7.0,"key":"PURGE"},{"floor":11.0,"key":"REST"},{"data":"Eruption","floor":15.0,"key":"SMITH"},{"data":"Tantrum","floor":29.0,"key":"SMITH"},{"floor":32.0,"key":"RECALL"},{"data":"Writhe","floor":42.0,"key":"PURGE"},{"floor":49,"key":"REST"},{"data":"ClearTheMind","floor":52,"key":"SMITH"}],"circlet_count":0,"master_deck":["Strike_P+1","Defend_P","Defend_P","Defend_P","Eruption+1","Vigilance+1","Tantrum+1","FlurryOfBlows+1","CutThroughFate","FollowUp","FollowUp+1","Sanctity","FlurryOfBlows","FlurryOfBlows","ClearTheMind+1","FlurryOfBlows","Halt+1","Crescendo+1","EmptyFist","SandsOfTime+1","FollowUp+1"],"relics":["PureWater","Peace Pipe","DemoMod:Bottle","DemoMod:PartiallyEatenCheese","DemoMod:PoisonVial","WarpedTongs","Shuriken","Whetstone","Smiling Mask","The Courier","energizedSpire:CursedPentagram","ClockworkSouvenir","Tiny Chest","DemoMod:LamentConfigurum","Boot","DemoMod:SuperHotWatch","DemoMod:AgedBell","Busted Crown","Mummified Hand","FossilizedHelix","DemoMod:ChaffGrenade","Bottled Flame","Kunai","Bag of Preparation","Potion Belt","DemoMod:Relodestone","Mango","DemoMod:GlassGuonStoneRelic","Sundial"],"acts_visited":["Exordium","TheCity","TheBeyond","TheEnding"],"potions_floor_usage":[55,55],"damage_taken":[{"damage":2.0,"enemies":"Small Slimes","floor":1.0,"turns":3.0},{"damage":0.0,"enemies":"2 Louse","floor":3.0,"turns":1.0},{"damage":0.0,"enemies":"Gremlin Nob","floor":6.0,"turns":1.0},{"damage":0.0,"enemies":"Lagavulin","floor":8.0,"turns":2.0},{"damage":0.0,"enemies":"Cultist","floor":10.0,"turns":1.0},{"damage":0.0,"enemies":"Gremlin Nob","floor":12.0,"turns":2.0},{"damage":0.0,"enemies":"Lots of Slimes","floor":13.0,"turns":2.0},{"damage":0.0,"enemies":"Gremlin Gang","floor":14.0,"turns":3.0},{"damage":34.0,"enemies":"The Guardian","floor":16.0,"turns":9.0},{"damage":3.0,"enemies":"Shell Parasite","floor":18.0,"turns":2.0},{"damage":0.0,"enemies":"Chosen","floor":20.0,"turns":3.0},{"damage":0.0,"enemies":"Sentry and Sphere","floor":21.0,"turns":2.0},{"damage":7.0,"enemies":"3 Cultists","floor":22.0,"turns":3.0},{"damage":8.0,"enemies":"Slavers","floor":23.0,"turns":2.0},{"damage":0.0,"enemies":"Book of Stabbing","floor":27.0,"turns":3.0},{"damage":0.0,"enemies":"Snake Plant","floor":28.0,"turns":2.0},{"damage":0.0,"enemies":"Gremlin Leader","floor":30.0,"turns":2.0},{"damage":0.0,"enemies":"Collector","floor":33.0,"turns":6.0},{"damage":17.0,"enemies":"3 Shapes","floor":35.0,"turns":2.0},{"damage":9.0,"enemies":"3 Darklings","floor":36.0,"turns":3.0},{"damage":8.0,"enemies":"Mind Bloom Boss Battle","floor":37.0,"turns":4.0},{"damage":0.0,"enemies":"Spire Growth","floor":39.0,"turns":4.0},{"damage":0.0,"enemies":"Nemesis","floor":40.0,"turns":3.0},{"damage":0.0,"enemies":"Sphere and 2 Shapes","floor":44.0,"turns":2.0},{"damage":0.0,"enemies":"Giant Head","floor":45.0,"turns":4.0},{"damage":0,"enemies":"3 Darklings","floor":46,"turns":3},{"damage":21,"enemies":"Awakened One","floor":50,"turns":6},{"damage":0,"enemies":"Shield and Spear","floor":54,"turns":2},{"damage":9,"enemies":"The Heart","floor":55,"turns":4}],"seed_played":"2867099033378525114","potions_obtained":[{"floor":10.0,"key":"blueLaboratory:CorrosionFlask"},{"floor":13.0,"key":"blueLaboratory:HummingbirdPotion"},{"floor":16.0,"key":"FearPotion"},{"floor":18.0,"key":"blueLaboratory:PyrophylliteBrew"},{"floor":22.0,"key":"AttackPotion"},{"floor":23.0,"key":"blueLaboratory:BottledHope"},{"floor":36.0,"key":"blueLaboratory:FruitPunch"},{"floor":37.0,"key":"FearPotion"},{"floor":46,"key":"blueLaboratory:BottleOfRum"},{"floor":54,"key":"BlessingOfTheForge"}],"is_trial":false,"path_per_floor":["M","?","M","?","?","E","R","E","T","M","R","E","M","M","R","B",null,"M","$","M","M","M","E","?","?","T","E","M","R","E","T","R","B",null,"M","M","?","?","M","E","T","R","T","M","E","M","?","$","R","B",null,"R","$","E","B",null],"character_chosen":"WATCHER","items_purchased":["DemoMod:Bottle","ClockworkSouvenir","Bag of Preparation","Potion Belt","DemoMod:Relodestone","LiquidMemories","Mango"],"campfire_rested":2,"item_purchase_floors":[0,19,48,48,48,48,53],"current_hp_per_floor":[38,35,35,28,28,28,28,28,28,28,49,49,49,49,49,15,72,69,69,69,69,62,54,54,54,54,54,54,54,54,54,54,54,72,55,46,40,40,40,40,40,40,40,40,40,40,40,40,62,41,74,74,88,88,79],"gold":152,"neow_bonus":"","is_daily":false,"chose_seed":false,"campfire_upgraded":3,"win_rate":0.0,"timestamp":1613981443,"path_taken":["M","?","M","?","?","E","R","E","T","M","R","E","?","?","R","BOSS","M","$","M","M","?","E","?","?","T","E","?","R","E","?","R","BOSS","M","M","?","?","?","E","?","R","T","M","E","M","?","?","R","BOSS","R","$","E","BOSS"],"items_purchased_type":["Relic","Relic","Relic","Relic","Relic","Potion","Relic"],"build_version":"2020-12-22","purchased_purges":2,"victory":true,"max_hp_per_floor":[72,72,72,72,72,72,72,72,72,72,72,72,72,72,72,72,72,72,72,72,72,72,72,72,72,72,72,72,72,72,72,72,72,72,72,72,74,74,74,74,74,74,74,74,74,74,74,74,74,74,74,74,88,88,88],"card_choices":[{"not_picked":["EmptyFist","CutThroughFate"],"picked":"Tantrum","floor":1.0},{"not_picked":["WheelKick","Consecrate"],"picked":"FlurryOfBlows","floor":3.0},{"not_picked":["Conclude","TalkToTheHand"],"picked":"CutThroughFate","floor":6.0},{"not_picked":["PathToVictory","ThirdEye"],"picked":"FollowUp","floor":8.0},{"not_picked":["JustLucky","Protect"],"picked":"FollowUp","floor":10.0},{"not_picked":["Consecrate","DevaForm"],"picked":"Sanctity","floor":12.0},{"not_picked":["Meditate","Protect"],"picked":"FlurryOfBlows","floor":13.0},{"not_picked":["JustLucky","Sanctity"],"picked":"FlurryOfBlows","floor":14.0},{"not_picked":["MasterReality","SpiritShield"],"picked":"LessonLearned","floor":16.0},{"not_picked":["PathToVictory","BowlingBash"],"picked":"ClearTheMind","floor":18.0},{"not_picked":["FollowUp","FlyingSleeves","ThirdEye+1"],"picked":"SKIP","floor":20.0},{"not_picked":["CrushJoints","Alpha"],"picked":"FlurryOfBlows","floor":21.0},{"not_picked":["CutThroughFate","SashWhip"],"picked":"Halt+1","floor":22.0},{"not_picked":["WindmillStrike","PathToVictory","Brilliance"],"picked":"SKIP","floor":23.0},{"not_picked":["ReachHeaven","BowlingBash","FlyingSleeves+1"],"picked":"SKIP","floor":27.0},{"not_picked":["Conclude","SandsOfTime"],"picked":"Crescendo","floor":28.0},{"not_picked":["Nirvana","Vengeance"],"picked":"EmptyFist","floor":30.0},{"not_picked":["SashWhip"],"picked":"SKIP","floor":35.0},{"not_picked":[],"picked":"SandsOfTime+1","floor":36.0},{"not_picked":["ClearTheMind"],"picked":"SKIP","floor":39.0},{"not_picked":["JustLucky+1"],"picked":"SKIP","floor":40.0},{"not_picked":["Wireheading"],"picked":"SKIP","floor":44.0},{"not_picked":["Protect"],"picked":"SKIP","floor":45.0},{"not_picked":["Prostrate"],"picked":"SKIP","floor":46},{"not_picked":[],"picked":"FollowUp+1","floor":54}],"player_experience":315017,"relics_obtained":[{"floor":6.0,"key":"Shuriken"},{"floor":8.0,"key":"Whetstone"},{"floor":9.0,"key":"Smiling Mask"},{"floor":12.0,"key":"The Courier"},{"floor":23.0,"key":"Tiny Chest"},{"floor":26.0,"key":"DemoMod:LamentConfigurum"},{"floor":27.0,"key":"Boot"},{"floor":30.0,"key":"DemoMod:SuperHotWatch"},{"floor":31.0,"key":"DemoMod:AgedBell"},{"floor":37.0,"key":"FossilizedHelix"},{"floor":40.0,"key":"DemoMod:ChaffGrenade"},{"floor":41.0,"key":"Bottled Flame"},{"floor":45.0,"key":"Kunai"},{"floor":54,"key":"Sundial"}],"event_choices":[{"damage_healed":0.0,"max_hp_gain":0.0,"max_hp_loss":0.0,"gold_gain":0.0,"event_name":"betterThird:BetterScrap","player_choice":"Relic ","floor":2.0,"gold_loss":0.0,"damage_taken":3.0,"cards_obtained":["Searing Blow"]},{"cards_removed":["Strike_P"],"damage_healed":0.0,"max_hp_gain":0.0,"max_hp_loss":0.0,"gold_gain":0.0,"event_name":"Golden Wing","player_choice":"Card Removal","floor":4.0,"gold_loss":0.0,"damage_taken":7.0},{"damage_healed":0.0,"max_hp_gain":0.0,"max_hp_loss":0.0,"gold_gain":0.0,"event_name":"Accursed Blacksmith","player_choice":"Rummage","floor":5.0,"gold_loss":0.0,"damage_taken":0.0,"relics_obtained":["WarpedTongs"],"cards_obtained":["Pain"]},{"cards_removed":["Strike_P"],"damage_healed":0.0,"max_hp_gain":0.0,"max_hp_loss":0.0,"gold_gain":0.0,"event_name":"Beggar","player_choice":"Gave Gold","floor":24.0,"gold_loss":75.0,"damage_taken":0.0},{"damage_healed":0.0,"max_hp_gain":0.0,"max_hp_loss":0.0,"gold_gain":100.0,"event_name":"Golden Shrine","player_choice":"Pray","floor":25.0,"gold_loss":0.0,"damage_taken":0.0},{"damage_healed":0.0,"max_hp_gain":0.0,"max_hp_loss":0.0,"gold_gain":0.0,"event_name":"MindBloom","player_choice":"Fight","floor":37.0,"gold_loss":0.0,"damage_taken":0.0},{"damage_healed":0.0,"max_hp_gain":0.0,"max_hp_loss":0.0,"gold_gain":0.0,"event_name":"Upgrade Shrine","player_choice":"Upgraded","floor":38.0,"gold_loss":0.0,"damage_taken":0.0,"cards_upgraded":["Crescendo"]},{"cards_removed":["Defend_P"],"damage_healed":0,"gold_gain":0,"player_choice":"Removed Skill","damage_taken":0,"max_hp_gain":0,"max_hp_loss":0,"event_name":"Falling","floor":47,"gold_loss":0}],"is_beta":false,"boss_relics":[{"not_picked":["Coffee Dripper","DemoMod:WaxWing"],"picked":"energizedSpire:CursedPentagram"},{"not_picked":["energizedSpire:BlackCloud","energizedSpire:NeverEndingSparkler"],"picked":"Busted Crown"}],"items_purged_floors":[19,48],"is_endless":false,"potions_floor_spawned":[10,13,16,18,21,22,23,36,37,46,54],"ascension_level":4}}