{"host":"dv29tre2e7vje47n","time":1613971647,"event":{"mods":["AchievementEnabler","BaseMod","Colored Map","Colored Powertips","DeckTracker","Displayed Cursed Tome","Downfall","Friendly Minions","Googly Eyes","Highlight Path","Key Reminder","Minty Spire (QoL Compilation)","Quick Restart","Random Character Button","Rare Cards Sparkle","Relic Sorter","Relic Stats","Spire Arcade","Spire Birthday Party","StSLib","SuperFastMode","Unceasing Turn Reminder"],"gold_per_floor":[109,109,119,133,133,133,133,133],"floor_reached":6,"language":"ENG","playtime":188,"items_purged":[],"score":38,"play_id":"03f48fba-88a4-46fa-8bec-9ad68f635a5a","local_time":"20210222062727","is_ascension_mode":true,"campfire_choices":[],"circlet_count":0,"master_deck":["sneckomod:Strike","sneckomod:Strike","sneckomod:Strike","sneckomod:Defend","sneckomod:Defend","sneckomod:Defend","sneckomod:TailWhip","sneckomod:SnekBite","sneckomod:Unknown","sneckomod:Unknown","sneckomod:WideSting","sneckomod:UnknownBlock","sneckomod:UnknownDexterity"],"relics":["sneckomod:SneckoSoul","Ginger","sneckomod:BlankCard"],"acts_visited":["Exordium"],"potions_floor_usage":[],"damage_taken":[{"damage":0,"enemies":"2 Louse","floor":1,"turns":2},{"damage":0,"enemies":"Cultist","floor":3,"turns":3},{"damage":5,"enemies":"Jaw Worm","floor":4,"turns":4},{"damage":30,"enemies":"3 Sentries","floor":6,"turns":7}],"seed_played":"-1633575199637915364","potions_obtained":[{"floor":1,"key":"SpeedPotion"},{"floor":2,"key":"LiquidMemories"},{"floor":2,"key":"Strength Potion"}],"is_trial":false,"path_per_floor":["M","?","M","M","?","E"],"character_chosen":"THE_SNECKO","items_purchased":[],"campfire_rested":0,"item_purchase_floors":[],"current_hp_per_floor":[81,81,81,76,43,13,13,13],"gold":133,"neow_bonus":"ONE_RARE_RELIC","is_daily":false,"chose_seed":false,"campfire_upgraded":0,"win_rate":0.0,"timestamp":1613971647,"path_taken":["M","?","M","?","?","E"],"items_purchased_type":[],"build_version":"2020-12-22","purchased_purges":0,"victory":false,"max_hp_per_floor":[81,81,81,81,81,81,81,81],"relic_stats":{"counters":[4,16],"Ginger":[0],"obtain_stats":[{"sneckomod:BlankCard":5,"Ginger":0,"sneckomod:SneckoSoul":0},{"sneckomod:BlankCard":3,"Ginger":0,"sneckomod:SneckoSoul":0},{"sneckomod:BlankCard":9,"Ginger":0,"sneckomod:SneckoSoul":0}]},"card_choices":[{"not_picked":["sneckomod:ImprovisedGuard","sneckomod:UnknownBlock"],"picked":"sneckomod:WideSting","floor":1},{"not_picked":["sneckomod:SoulDraw","sneckomod:QuickMove"],"picked":"sneckomod:UnknownBlock","floor":3},{"not_picked":["sneckomod:Nope","sneckomod:UnknownCommonAttack"],"picked":"sneckomod:UnknownDexterity","floor":4}],"player_experience":150260,"relics_obtained":[],"event_choices":[{"damage_healed":0,"gold_gain":0,"player_choice":"Got Potions","damage_taken":0,"max_hp_gain":0,"max_hp_loss":0,"event_name":"Lab","floor":2,"gold_loss":0},{"damage_healed":0,"gold_gain":0,"player_choice":"Success","damage_taken":33,"relics_obtained":["sneckomod:BlankCard"],"max_hp_gain":0,"max_hp_loss":0,"event_name":"Scrap Ooze","floor":5,"gold_loss":0}],"is_beta":false,"boss_relics":[],"items_purged_floors":[],"is_endless":false,"potions_floor_spawned":[1],"killed_by":"3 Sentries","ascension_level":1}}