{"host":"Oniwa","time":1613999367,"event":{"mods":["BaseMod","Colored Map","Colored Powertips","Minty Spire (QoL Compilation)","Relic Stats","Slay the Relics Exporter","SpireBot","StSLib","ojb\u0027s Better Paths Mod","ojb\u0027s Info Mod"],"gold_per_floor":[119,194,210,227,197,197,210,64,89,118,118,133,133,147,147,219,219,234,234,26,96,116,149,149,12,12,12,22,22,112,131,131,202,202,214,214,225,238,238,238,250,284,284,164,191,204,229,92,92,92,92,92,92,5,32,32],"floor_reached":57,"language":"JPN","playtime":5097,"items_purged":["Strike_G","Strike_G"],"score":2785,"play_id":"6ba94d64-bd12-4578-a501-60026d9afda1","local_time":"20210222220927","is_ascension_mode":true,"campfire_choices":[{"floor":6,"key":"REST"},{"data":"Glass Knife","floor":11,"key":"SMITH"},{"data":"Crippling Poison","floor":13,"key":"SMITH"},{"data":"Catalyst","floor":15,"key":"SMITH"},{"data":"Wraith Form v2","floor":24,"key":"SMITH"},{"data":"Crippling Poison","floor":27,"key":"SMITH"},{"floor":29,"key":"REST"},{"data":"Noxious Fumes","floor":32,"key":"SMITH"},{"data":"Burst","floor":40,"key":"SMITH"},{"floor":49,"key":"RECALL"},{"data":"Catalyst","floor":53,"key":"SMITH"}],"circlet_count":0,"master_deck":["AscendersBane","Strike_G","Strike_G","Defend_G","Defend_G","Defend_G","Defend_G","Survivor","Neutralize","Burst+1","Night Terror","Poisoned Stab","Poisoned Stab","Catalyst+1","Glass Knife+1","Crippling Poison+1","Dagger Spray","Catalyst+1","Bouncing Flask","Unload","Crippling Poison+1","Leg Sweep","Wraith Form v2+1","PiercingWail","Noxious Fumes+1","Leg Sweep+1","Die Die Die","Dash","Corpse Explosion","Acrobatics","PiercingWail","Blade Dance+1","Backflip","Wraith Form v2+1","Catalyst"],"relics":["Ring of the Snake","Vajra","Philosopher\u0027s Stone","Nloth\u0027s Gift","Membership Card","Pear","Letter Opener","Snecko Eye","Anchor","Kunai","Pantograph","TungstenRod","DollysMirror","ClockworkSouvenir","Art of War"],"acts_visited":["Exordium","TheCity","TheBeyond","TheEnding"],"potions_floor_usage":[12,18,23,23,42,45,45,56],"damage_taken":[{"damage":0,"enemies":"Small Slimes","floor":1,"turns":6},{"damage":0,"enemies":"Cultist","floor":3,"turns":4},{"damage":0,"enemies":"2 Louse","floor":4,"turns":5},{"damage":10,"enemies":"Red Slaver","floor":7,"turns":4},{"damage":17,"enemies":"Lagavulin","floor":10,"turns":6},{"damage":0,"enemies":"Gremlin Gang","floor":12,"turns":2},{"damage":1,"enemies":"Blue Slaver","floor":14,"turns":4},{"damage":16,"enemies":"Hexaghost","floor":16,"turns":6},{"damage":25,"enemies":"3 Byrds","floor":18,"turns":5},{"damage":5,"enemies":"Shell Parasite","floor":22,"turns":3},{"damage":5,"enemies":"Slavers","floor":23,"turns":5},{"damage":6,"enemies":"Centurion and Healer","floor":28,"turns":4},{"damage":5,"enemies":"Snecko","floor":31,"turns":6},{"damage":24,"enemies":"Automaton","floor":33,"turns":6},{"damage":2,"enemies":"3 Shapes","floor":35,"turns":4},{"damage":0,"enemies":"Orb Walker","floor":37,"turns":2},{"damage":0,"enemies":"Sphere and 2 Shapes","floor":38,"turns":3},{"damage":2,"enemies":"Maw","floor":41,"turns":6},{"damage":2,"enemies":"Reptomancer","floor":42,"turns":4},{"damage":3,"enemies":"Nemesis","floor":45,"turns":5},{"damage":0,"enemies":"4 Shapes","floor":46,"turns":3},{"damage":0,"enemies":"Mind Bloom Boss Battle","floor":47,"turns":4},{"damage":0,"enemies":"Time Eater","floor":50,"turns":3},{"damage":45,"enemies":"Awakened One","floor":51,"turns":15},{"damage":0,"enemies":"Shield and Spear","floor":55,"turns":6},{"damage":31,"enemies":"The Heart","floor":56,"turns":7}],"seed_played":"-6264904409527945266","potions_obtained":[{"floor":3,"key":"PowerPotion"},{"floor":4,"key":"Weak Potion"},{"floor":5,"key":"Energy Potion"},{"floor":12,"key":"Swift Potion"},{"floor":31,"key":"GhostInAJar"},{"floor":45,"key":"AttackPotion"},{"floor":47,"key":"FearPotion"}],"is_trial":false,"path_per_floor":["M","?","M","M","?","R","M","$","T","E","R","M","R","M","R","B",null,"M","?","$","T","M","E","R","$","T","R","M","R","?","M","R","B",null,"M","?","M","M","?","R","M","E","T","$","E","M","?","$","R","B","B",null,"R","$","E","B",null],"character_chosen":"THE_SILENT","items_purchased":["Crippling Poison","Dagger Spray","Membership Card","Leg Sweep","BlessingOfTheForge","PiercingWail","GamblersBrew","Poison Potion","Acrobatics","GamblersBrew","DollysMirror","Block Potion","Swift Potion","ClockworkSouvenir"],"campfire_rested":2,"item_purchase_floors":[8,8,20,20,20,25,25,25,44,44,48,48,48,54],"current_hp_per_floor":[44,33,33,33,33,52,42,42,42,25,25,25,25,24,24,8,52,27,27,27,37,32,27,27,27,27,27,21,43,31,26,26,2,58,56,56,56,56,56,56,54,52,52,52,49,49,74,74,74,76,31,65,65,65,65,45],"gold":32,"neow_bonus":"TRANSFORM_TWO_CARDS","is_daily":false,"chose_seed":false,"campfire_upgraded":8,"win_rate":0.0,"timestamp":1613999367,"path_taken":["M","?","M","M","?","R","M","$","T","E","R","?","R","M","R","BOSS","M","?","$","?","M","E","R","$","T","R","?","R","?","M","R","BOSS","M","?","?","M","?","R","M","E","T","$","E","?","?","$","R","BOSS","BOSS","R","$","E","BOSS"],"items_purchased_type":["Card","Card","Relic","Card","Potion","Card","Potion","Potion","Card","Potion","Relic","Potion","Potion","Relic"],"build_version":"2020-12-18","purchased_purges":2,"victory":true,"max_hp_per_floor":[66,66,66,66,66,66,66,66,66,66,66,66,66,66,66,66,66,66,66,66,76,76,76,76,76,76,76,76,76,76,76,76,76,76,76,76,76,76,76,76,76,76,76,76,76,76,76,76,76,76,76,76,76,76,76,76],"relic_stats":{"counters":[26,128],"Pantograph":38,"Snecko Eye":[119,120,108,118],"Nloth\u0027s Gift":7,"Art of War":[3],"Letter Opener":[224],"Kunai":[8],"obtain_stats":[{"Pear":21,"Vajra":9,"Letter Opener":23,"Boot":10,"ClockworkSouvenir":54,"Anchor":42,"DollysMirror":48,"Pantograph":45,"Snecko Eye":34,"Philosopher\u0027s Stone":17,"Nloth\u0027s Gift":19,"Art of War":55,"Membership Card":20,"Kunai":43,"TungstenRod":47,"Ring of the Snake":0},{"Pear":9,"Vajra":4,"Letter Opener":11,"Boot":5,"ClockworkSouvenir":24,"Anchor":19,"DollysMirror":22,"Pantograph":20,"Snecko Eye":14,"Philosopher\u0027s Stone":8,"Nloth\u0027s Gift":9,"Art of War":25,"Membership Card":9,"Kunai":19,"TungstenRod":22,"Ring of the Snake":0},{"Pear":42,"Vajra":19,"Letter Opener":50,"Boot":25,"ClockworkSouvenir":115,"Anchor":85,"DollysMirror":97,"Pantograph":90,"Snecko Eye":66,"Philosopher\u0027s Stone":37,"Nloth\u0027s Gift":42,"Art of War":121,"Membership Card":42,"Kunai":85,"TungstenRod":97,"Ring of the Snake":0}],"TungstenRod":55,"Ring of the Snake":[52]},"card_choices":[{"not_picked":["Finisher","Riddle With Holes"],"picked":"Poisoned Stab","floor":1},{"not_picked":["Choke","Quick Slash"],"picked":"Poisoned Stab","floor":3},{"not_picked":["Blade Dance","Dagger Throw"],"picked":"Catalyst","floor":4},{"not_picked":["Outmaneuver","PiercingWail"],"picked":"Glass Knife","floor":7},{"not_picked":["Sucker Punch","Grand Finale","Slice"],"picked":"SKIP","floor":10},{"not_picked":["Sucker Punch","Grand Finale","Slice"],"picked":"SKIP","floor":10},{"not_picked":["Deadly Poison","Backflip"],"picked":"Catalyst","floor":12},{"not_picked":["Distraction","Endless Agony"],"picked":"Bouncing Flask","floor":14},{"not_picked":["Grand Finale","Phantasmal Killer"],"picked":"Unload","floor":16},{"not_picked":["Bouncing Flask","Cloak And Dagger"],"picked":"Crippling Poison","floor":18},{"not_picked":["Poisoned Stab","Slice","Setup"],"picked":"SKIP","floor":22},{"not_picked":["Sucker Punch+1","Noxious Fumes"],"picked":"Wraith Form v2","floor":23},{"not_picked":["Outmaneuver","Endless Agony+1"],"picked":"Noxious Fumes","floor":28},{"not_picked":["Quick Slash","Deflect"],"picked":"Leg Sweep+1","floor":31},{"not_picked":["Storm of Steel","Unload"],"picked":"Die Die Die","floor":33},{"not_picked":["PiercingWail","Blade Dance","Sucker Punch"],"picked":"SKIP","floor":35},{"not_picked":["Predator","Venomology","Backstab"],"picked":"SKIP","floor":37},{"not_picked":["Prepared","Blade Dance","Dodge and Roll"],"picked":"SKIP","floor":38},{"not_picked":["Quick Slash","Flying Knee","Sucker Punch+1"],"picked":"SKIP","floor":41},{"not_picked":["Riddle With Holes","Grand Finale"],"picked":"Corpse Explosion","floor":42},{"not_picked":["A Thousand Cuts","Blur+1"],"picked":"PiercingWail","floor":45},{"not_picked":["Deadly Poison","Crippling Poison"],"picked":"Blade Dance+1","floor":46},{"not_picked":["Terror","Envenom"],"picked":"Backflip","floor":47},{"not_picked":["Caltrops","Storm of Steel"],"picked":"Catalyst","floor":55}],"player_experience":2752156,"relics_obtained":[{"floor":9,"key":"Vajra"},{"floor":10,"key":"Boot"},{"floor":21,"key":"Pear"},{"floor":23,"key":"Letter Opener"},{"floor":42,"key":"Anchor"},{"floor":43,"key":"Kunai"},{"floor":45,"key":"Pantograph"},{"floor":47,"key":"TungstenRod"},{"floor":55,"key":"Art of War"}],"event_choices":[{"damage_healed":0,"gold_gain":75,"player_choice":"Gather Gold","damage_taken":11,"max_hp_gain":0,"max_hp_loss":0,"event_name":"World of Goop","floor":2,"gold_loss":0},{"damage_healed":0,"gold_gain":0,"player_choice":"Bought 2 Potions","damage_taken":0,"max_hp_gain":0,"max_hp_loss":0,"event_name":"The Woman in Blue","floor":5,"gold_loss":0},{"damage_healed":0,"gold_gain":0,"player_choice":"Traded Relic","damage_taken":0,"relics_obtained":["Nloth\u0027s Gift"],"max_hp_gain":0,"max_hp_loss":0,"event_name":"N\u0027loth","floor":19,"relics_lost":["Boot"],"gold_loss":0},{"damage_healed":0,"gold_gain":90,"player_choice":"GOLD ","damage_taken":12,"max_hp_gain":0,"max_hp_loss":0,"event_name":"Knowing Skull","floor":30,"potions_obtained":[],"gold_loss":0,"cards_obtained":[]},{"damage_healed":0,"gold_gain":0,"player_choice":"1 cards matched","damage_taken":0,"max_hp_gain":0,"max_hp_loss":0,"event_name":"Match and Keep!","floor":36,"gold_loss":0,"cards_obtained":["Dash"]},{"damage_healed":0,"gold_gain":0,"player_choice":"1 cards matched","damage_taken":0,"max_hp_gain":0,"max_hp_loss":0,"event_name":"Match and Keep!","floor":36,"gold_loss":0,"cards_obtained":["Dash"]},{"damage_healed":0,"gold_gain":0,"player_choice":"Ignored","damage_taken":0,"max_hp_gain":0,"max_hp_loss":0,"event_name":"SecretPortal","floor":39,"gold_loss":0},{"damage_healed":0,"gold_gain":0,"player_choice":"Fight","damage_taken":0,"max_hp_gain":0,"max_hp_loss":0,"event_name":"MindBloom","floor":47,"gold_loss":0}],"is_beta":true,"boss_relics":[{"not_picked":["Coffee Dripper","Empty Cage"],"picked":"Philosopher\u0027s Stone"},{"not_picked":["Ring of the Serpent","Busted Crown"],"picked":"Snecko Eye"}],"items_purged_floors":[25,44],"is_endless":false,"potions_floor_spawned":[3,4,7,12,14,28,31,33,37,45,47],"ascension_level":20}}