{"host":"lxihx0b6awoz2w1j","time":1613969516,"event":{"mods":["BaseMod","Better Third Choice","BetterRewards","CapriCore","Colored Powertips","Conspire","Downfall","Fox Events","Infinite Spire","Melee Mod","Minty Spire (QoL Compilation)","Permanent Neow","Quick Restart","Relic Stats","Reliquary","Replay The Spire","Spicy Shops","StSLib","The Alterego","The Blue Laboratory","The Death Knight","The Forsaken","The Jungle","Waifu the Spire"],"gold_per_floor":[117,152,170,181,234,234,261,261,261,290,300,300,300,334,334,334,334,437,437,452,67,81,107,123,123,123,123,123,156,171,171,189,217,217,313,313,326,326,346,365,587,587,618,618,644,662,662,695,695,728,728,728,728],"floor_reached":52,"language":"ENG","playtime":2138,"items_purged":["Pride"],"score":886,"play_id":"f599bd4b-adf7-45d6-ab90-00550f09855c","local_time":"20210222055155","is_ascension_mode":true,"campfire_choices":[{"data":"DeathKnight:DancingRuneblade","floor":6.0,"key":"SMITH"},{"data":"DeathKnight:Hysteria","floor":8.0,"key":"SMITH"},{"floor":13.0,"key":"REST"},{"data":"DeathKnight:BludPresence","floor":17.0,"key":"SMITH"},{"data":"DeathKnight:BloodBoil","floor":25.0,"key":"SMITH"},{"floor":31.0,"key":"REST"},{"data":"DeathKnight:Runesurge","floor":34.0,"key":"SMITH"},{"data":"infinitespire:Menacing","floor":42.0,"key":"SMITH"},{"data":"DeathKnight:BoneShield","floor":44.0,"key":"SMITH"},{"data":"DeathKnight:MarkOfBlood","floor":47.0,"key":"SMITH"},{"floor":51.0,"key":"REST"}],"circlet_count":0,"master_deck":["DeathKnight:Strike_DeathKnight","DeathKnight:Strike_DeathKnight","DeathKnight:Strike_DeathKnight+1","DeathKnight:Strike_DeathKnight","DeathKnight:Strike_DeathKnight","DeathKnight:Defend_DeathKnight","DeathKnight:Defend_DeathKnight+1","DeathKnight:Defend_DeathKnight","DeathKnight:Defend_DeathKnight","DeathKnight:Defend_DeathKnight","DeathKnight:RuneTap","DeathKnight:RuneStrike+1","DeathKnight:BladedArmor","DeathKnight:RuneShock+1","DeathKnight:BludPresence+1","DeathKnight:IcyTouch","DeathKnight:HornOfWinter","DeathKnight:IceboundArmor","DeathKnight:DancingRuneblade+1","DeathKnight:HornOfWinter","DeathKnight:BloodBoil","DeathKnight:IcyTouch","DeathKnight:Hysteria+1","DeathKnight:HowlingBlast","DeathKnight:SindragosasBreath","DeathKnight:Runesurge+1","DeathKnight:FrosPresence+1","DeathKnight:BoneShield+1","DeathKnight:BoneSpear","DeathKnight:PathOfFrost","DeathKnight:MindFreeze","DeathKnight:BloodBoil+1","DeathKnight:BloodStrike","infinitespire:Menacing+1","DeathKnight:AntiMagicShell+1","DeathKnight:BoneShield","DeathKnight:HartStrike","DeathKnight:DeathStrike+1","DeathKnight:ReapingStrike","DeathKnight:WraithWalk+1","DeathKnight:BloodTap","DeathKnight:MarkOfBlood+1","DeathKnight:GargoyleSkin+1","infinitespire:SevenWalls","infinitespire:UltimateForm","DeathKnight:DarkSuccor+1"],"relics":["DeathKnight:BrokenRuneblade","DeathKnight:SindragosasSkull","theForsaken:Gavel","Simple Rune","DeathKnight:PutricidesVial","reliquary:IridiumChain","Anchor","DeathKnight:HelmOfDomination","ChewingGum","Replay:Wax Seal","DeathKnight:LightbringersTabard","Red Mask","Thread and Needle","reliquary:PrincelyHelmet","Whetstone","Pear","reliquary:ThirdArm","reliquary:FeatherDuster","Vajra","Toy Ornithopter","Strange Spoon","infinitespire:Satchel"],"acts_visited":["Exordium","TheCity","TheBeyond"],"potions_floor_usage":[],"damage_taken":[{"damage":0.0,"enemies":"2 Louse","floor":1.0,"turns":4.0},{"damage":3.0,"enemies":"conspire:MimicChest","floor":2.0,"turns":7.0},{"damage":0.0,"enemies":"Cultist","floor":3.0,"turns":4.0},{"damage":10.0,"enemies":"Small Slimes","floor":4.0,"turns":4.0},{"damage":0.0,"enemies":"Lagavulin","floor":7.0,"turns":7.0},{"damage":10.0,"enemies":"3 Sentries","floor":10.0,"turns":8.0},{"damage":0.0,"enemies":"Blue Slaver","floor":11.0,"turns":3.0},{"damage":0.0,"enemies":"Lagavulin","floor":14.0,"turns":8.0},{"damage":16.0,"enemies":"Hexaghost","floor":18.0,"turns":10.0},{"damage":2.0,"enemies":"2 Thieves","floor":20.0,"turns":3.0},{"damage":5.0,"enemies":"Spheric Guardian","floor":22.0,"turns":3.0},{"damage":5.0,"enemies":"Masked Bandits","floor":23.0,"turns":3.0},{"damage":5.0,"enemies":"Shelled Parasite and Fungi","floor":24.0,"turns":2.0},{"damage":5.0,"enemies":"Book of Stabbing","floor":29.0,"turns":4.0},{"damage":5.0,"enemies":"Centurion and Healer","floor":30.0,"turns":4.0},{"damage":5.0,"enemies":"Sentry and Sphere","floor":32.0,"turns":4.0},{"damage":5.0,"enemies":"Replay:Snechameleon","floor":33.0,"turns":3.0},{"damage":11.0,"enemies":"conspire:MysteriousRune","floor":35.0,"turns":8.0},{"damage":5.0,"enemies":"3 Shapes","floor":37.0,"turns":2.0},{"damage":15.0,"enemies":"3 Darklings","floor":39.0,"turns":5.0},{"damage":5.0,"enemies":"Jaw Worm Horde","floor":40.0,"turns":3.0},{"damage":5.0,"enemies":"Nemesis","floor":43.0,"turns":3.0},{"damage":8.0,"enemies":"Writhing Mass","floor":46.0,"turns":5.0},{"damage":11.0,"enemies":"Reptomancer","floor":48.0,"turns":4.0},{"damage":10.0,"enemies":"Nemesis","floor":50.0,"turns":5.0},{"damage":0,"enemies":"Awakened One","floor":52,"turns":1}],"seed_played":"2956197915350593623","potions_obtained":[{"floor":1.0,"key":"champ:CounterPotion"},{"floor":7.0,"key":"Dexterity Potion"},{"floor":11.0,"key":"Milkshake"},{"floor":14.0,"key":"blueLaboratory:FruitPunch"},{"floor":18.0,"key":"EssenceOfSteel"}],"is_trial":false,"path_per_floor":["M","?","M","M","T","R","E","R","T","E","M","?","R","E","PTL","PTL","R","B",null,"M","$","M","?","M","R","AVR","?","T","E","M","R","M","E","R","B",null,"M","?","M","M","?","R","E","R","T","M","R","E","AVR","E","R","B"],"character_chosen":"DEATH_KNIGHT","items_purchased":["DeathKnight:SindragosasSkull","DeathKnight:BladedArmor","DeathKnight:RuneShock","DeathKnight:BludPresence","DeathKnight:IcyTouch","DeathKnight:HornOfWinter","DeathKnight:IceboundArmor","Replay:Wax Seal","DeathKnight:LightbringersTabard","DeathKnight:BoneShield","DeathKnight:BoneSpear","DeathKnight:PathOfFrost"],"campfire_rested":3,"item_purchase_floors":[0,0,0,0,0,0,0,21,21,21,21,21],"current_hp_per_floor":[67,64,64,54,54,54,54,54,54,44,44,44,66,66,66,66,66,50,75,73,73,68,63,58,58,58,58,58,53,48,70,65,70,70,59,85,80,80,65,60,60,60,67,67,67,71,71,72,72,62,85,85,85],"gold":728,"neow_bonus":"","is_daily":false,"chose_seed":false,"campfire_upgraded":8,"win_rate":0.0,"timestamp":1613969515,"path_taken":["M","?","?","M","?","R","E","R","T","E","M","?","R","E","PTL","PTL","R","BOSS","M","$","M","?","M","R","AVR","?","T","E","M","R","M","E","R","BOSS","M","?","M","M","?","R","E","R","T","M","R","E","AVR","E","R","BOSS"],"items_purchased_type":["Relic","Card","Card","Card","Card","Card","Card","Relic","Relic","Card","Card","Card"],"build_version":"2020-12-22","purchased_purges":1,"victory":false,"max_hp_per_floor":[75,75,75,75,75,75,75,75,75,75,75,75,75,75,75,75,75,75,75,75,75,75,75,75,75,75,75,75,75,75,75,75,85,85,85,85,85,85,85,85,85,85,85,85,85,85,85,85,85,85,85,85,85],"relic_stats":{"Strange Spoon":[1],"counters":[26,117],"Whetstone":["DeathKnight:RuneShock","DeathKnight:RuneStrike"],"obtain_stats":[{"reliquary:FeatherDuster":43,"Pear":33,"reliquary:PrincelyHelmet":28,"Vajra":45,"Thread and Needle":26,"Whetstone":29,"theForsaken:Gavel":2,"reliquary:ThirdArm":36,"reliquary:IridiumChain":9,"DeathKnight:LightbringersTabard":21,"Strange Spoon":49,"Anchor":10,"DeathKnight:PutricidesVial":7,"infinitespire:Satchel":50,"Simple Rune":5,"ChewingGum":19,"Red Mask":23,"DeathKnight:HelmOfDomination":14,"Replay:Wax Seal":21,"DeathKnight:BrokenRuneblade":0,"Toy Ornithopter":48,"DeathKnight:SindragosasSkull":0},{"reliquary:FeatherDuster":22,"Pear":17,"reliquary:PrincelyHelmet":13,"Vajra":22,"Thread and Needle":13,"Whetstone":14,"theForsaken:Gavel":2,"reliquary:ThirdArm":18,"reliquary:IridiumChain":5,"DeathKnight:LightbringersTabard":10,"Strange Spoon":24,"Anchor":6,"DeathKnight:PutricidesVial":5,"infinitespire:Satchel":25,"Simple Rune":4,"ChewingGum":9,"Red Mask":12,"DeathKnight:HelmOfDomination":8,"Replay:Wax Seal":10,"DeathKnight:BrokenRuneblade":0,"Toy Ornithopter":24,"DeathKnight:SindragosasSkull":0},{"reliquary:FeatherDuster":102,"Pear":81,"reliquary:PrincelyHelmet":66,"Vajra":102,"Thread and Needle":66,"Whetstone":70,"theForsaken:Gavel":11,"reliquary:ThirdArm":89,"reliquary:IridiumChain":26,"DeathKnight:LightbringersTabard":58,"Strange Spoon":111,"Anchor":34,"DeathKnight:PutricidesVial":26,"infinitespire:Satchel":116,"Simple Rune":19,"ChewingGum":55,"Red Mask":64,"DeathKnight:HelmOfDomination":45,"Replay:Wax Seal":58,"DeathKnight:BrokenRuneblade":0,"Toy Ornithopter":111,"DeathKnight:SindragosasSkull":0}],"Toy Ornithopter":0},"card_choices":[{"not_picked":["DeathKnight:Runeguard","DeathKnight:Lichborne"],"picked":"DeathKnight:DancingRuneblade","floor":1.0},{"not_picked":["DeathKnight:Pestilence","DeathKnight:IceboundArmor"],"picked":"DeathKnight:HornOfWinter","floor":2.0},{"not_picked":["DeathKnight:DreadStrike","DeathKnight:MutagenicPlague"],"picked":"DeathKnight:BloodBoil","floor":3.0},{"not_picked":["DeathKnight:DreadStrike","DeathKnight:IceboundArmor"],"picked":"DeathKnight:IcyTouch","floor":4.0},{"not_picked":["DeathKnight:BladedArmor","DeathKnight:DeathCoil"],"picked":"DeathKnight:Hysteria","floor":7.0},{"not_picked":["DeathKnight:PathOfFrost","DeathKnight:IcyTouch"],"picked":"DeathKnight:HowlingBlast","floor":10.0},{"not_picked":["DeathKnight:FesteringStrike","DeathKnight:IceboundArmor"],"picked":"DeathKnight:SindragosasBreath","floor":11.0},{"not_picked":["DeathKnight:UnholyAssault","DeathKnight:DeathGrip","DeathKnight:Contagion"],"picked":"SKIP","floor":14.0},{"not_picked":["DeathKnight:UnholyExperiment","DeathKnight:Defile"],"picked":"DeathKnight:Runesurge","floor":18.0},{"not_picked":["DeathKnight:ShatteringStrikes","DeathKnight:BludPresence"],"picked":"DeathKnight:FrosPresence+1","floor":20.0},{"not_picked":["DeathKnight:PillarOfFrost","DeathKnight:RuneShock+1"],"picked":"DeathKnight:MindFreeze","floor":22.0},{"not_picked":["DeathKnight:ThirstingStrike+1","DeathKnight:DancingRuneblade"],"picked":"DeathKnight:BloodBoil","floor":23.0},{"not_picked":["DeathKnight:HartStrike+1","DeathKnight:Rot"],"picked":"DeathKnight:BloodStrike","floor":24.0},{"not_picked":["DeathKnight:DeathGrip+1","DeathKnight:ThirstingStrike"],"picked":"DeathKnight:AntiMagicShell+1","floor":29.0},{"not_picked":["DeathKnight:UnholyFrenzy","DeathKnight:RuneShock+1"],"picked":"DeathKnight:BoneShield","floor":30.0},{"not_picked":["DeathKnight:Ossuary","DeathKnight:Parry"],"picked":"DeathKnight:HartStrike","floor":32.0},{"not_picked":["DeathKnight:DeathGrip","DeathKnight:ArmyOfTheDead"],"picked":"DeathKnight:DeathStrike+1","floor":33.0},{"not_picked":["DeathKnight:Simulacrum","DeathKnight:ArmyOfTheDead"],"picked":"DeathKnight:ReapingStrike","floor":35.0},{"not_picked":["DeathKnight:DreadStrike+1","DeathKnight:IceboundArmor","DeathKnight:RunicCorruption"],"picked":"SKIP","floor":37.0},{"not_picked":["DeathKnight:PlagueStrike","DeathKnight:IceboundArmor+1"],"picked":"DeathKnight:WraithWalk+1","floor":39.0},{"not_picked":["DeathKnight:MindFreeze","DeathKnight:BloodBoil+1","DeathKnight:PlagueStrike"],"picked":"SKIP","floor":40.0},{"not_picked":["DeathKnight:BoneShield+1","DeathKnight:DreadStrike"],"picked":"DeathKnight:BloodTap","floor":43.0},{"not_picked":["DeathKnight:BloodTap+1","DeathKnight:BoneSpear"],"picked":"DeathKnight:MarkOfBlood","floor":46.0},{"not_picked":["DeathKnight:IcyTouch+1","DeathKnight:ChainsOfIce+1"],"picked":"DeathKnight:GargoyleSkin+1","floor":48.0},{"not_picked":["DeathKnight:FoulBulwark","DeathKnight:WraithWalk+1"],"picked":"DeathKnight:DarkSuccor+1","floor":50.0}],"player_experience":630322,"relics_obtained":[{"floor":2.0,"key":"theForsaken:Gavel"},{"floor":5.0,"key":"Simple Rune"},{"floor":7.0,"key":"DeathKnight:PutricidesVial"},{"floor":9.0,"key":"reliquary:IridiumChain"},{"floor":10.0,"key":"Anchor"},{"floor":14.0,"key":"DeathKnight:HelmOfDomination"},{"floor":23.0,"key":"Red Mask"},{"floor":28.0,"key":"reliquary:PrincelyHelmet"},{"floor":29.0,"key":"Whetstone"},{"floor":33.0,"key":"Pear"},{"floor":43.0,"key":"reliquary:FeatherDuster"},{"floor":45.0,"key":"Vajra"},{"floor":48.0,"key":"Toy Ornithopter"},{"floor":50.0,"key":"infinitespire:Satchel"}],"event_choices":[{"damage_healed":0.0,"max_hp_gain":0.0,"max_hp_loss":0.0,"gold_gain":0.0,"event_name":"conspire:LoneGhost","player_choice":"Disagree","floor":12.0,"gold_loss":0.0,"damage_taken":0.0},{"damage_healed":0.0,"max_hp_gain":0.0,"max_hp_loss":0.0,"gold_gain":0.0,"event_name":"Masked Bandits","player_choice":"Fought Bandits","floor":23.0,"gold_loss":0.0,"damage_taken":0.0},{"damage_healed":0.0,"max_hp_gain":0.0,"max_hp_loss":0.0,"gold_gain":222.0,"event_name":"Tomb of Lord Red Mask","player_choice":"Wore Mask","floor":41.0,"gold_loss":0.0,"damage_taken":0.0}],"is_beta":false,"boss_relics":[{"not_picked":["conspire:SpecialSausage","conspire:RoyalGoblet"],"picked":"ChewingGum"},{"not_picked":["Tiny House","Abe\u0027s Treasure"],"picked":"reliquary:ThirdArm"}],"items_purged_floors":[0],"is_endless":false,"potions_floor_spawned":[1,7,11,14,18,20,30,32,33,39,40,43,48],"killed_by":"Awakened One","ascension_level":1}}