{"host":"nhhqxetgwwd7qseb","time":1613985387,"event":{"mods":["ATMod(阿瑾Mod)","Act Like it!","BaseMod","Chen","Dota2Spire","Downfall","Energized Spire","Gensokyo","Gremlin Mod","GungeonMod","Hallownest","Hermit","Koishi","LagranYue(拉格朗・月)","Marisa（F雨　魔理沙）","Minty Spire (QoL Compilation)","Pale of the Ancients","Permanent Neow","Quick Restart","Rare Cards Sparkle","Reimu（博丽灵梦）","Relic Stats","Reliquary","Remilia（蕾米莉亚）","Replay The Spire","SOS（斯巴达之子）","Spicy Shops","StSLib","The Alterego","The Bladedancer","The Bug Knight","The Cursed","The Saiyan","The Senshi","The Servant 0.9.4","TheWitcher","UnlockEverythingMod","WarShipGirlsR/战舰少女R mod","Warlord Emblem","Yakumo Yukari mod","Youmu（魂魄妖梦）","【功能Mod】混沌之环修复补丁","【功能Mod】聪明的最终Boss","【遗物卡牌】REMEMod","篝火指南"],"gold_per_floor":[109,109,123,123,134,134,168,168,192,192,209,244,199,212,212,309,309,249,249],"floor_reached":18,"language":"ZHS","playtime":850,"items_purged":[],"score":170,"play_id":"7742e044-6769-426d-95d9-5363b3a6e590","local_time":"20210222171627","is_ascension_mode":false,"campfire_choices":[{"data":"Koishi:Vanish","floor":6.0,"key":"SMITH"},{"floor":8.0,"key":"REST"},{"floor":15,"key":"REST"}],"circlet_count":0,"master_deck":["Koishi:BasicStrike","Koishi:BasicStrike","Koishi:BasicStrike","Koishi:BasicStrike","Koishi:BasicDefend","Koishi:BasicDefend","Koishi:BasicDefend","Koishi:BasicDefend","Koishi:HauntingSlash","Koishi:UnconsciousUprising","Koishi:ReleaseOfTheId+1","Koishi:Vanish+1","Koishi:SpiritedAway","Koishi:JumpScare","Koishi:FreudianInstinct","Koishi:RorschachInDanmaku"],"relics":["Koishi:ImaginaryFriend","REME_ComplimentaryCards","AT_ATBox","HollowMod:StagPassRelic","reliquary:Spinner"],"acts_visited":["Exordium","TheCity"],"potions_floor_usage":[12,16],"damage_taken":[{"damage":5.0,"enemies":"2 Louse","floor":1.0,"turns":3.0},{"damage":8.0,"enemies":"Jaw Worm","floor":3.0,"turns":2.0},{"damage":8.0,"enemies":"Cultist","floor":5.0,"turns":4.0},{"damage":12.0,"enemies":"HollowMod:MossKnight","floor":7.0,"turns":9.0},{"damage":15.0,"enemies":"3 Louse","floor":11.0,"turns":4.0},{"damage":11,"enemies":"Lagavulin","floor":12,"turns":10},{"damage":3,"enemies":"Looter","floor":13,"turns":5},{"damage":3,"enemies":"Lots of Slimes","floor":14,"turns":3},{"damage":35,"enemies":"Slime Boss","floor":16,"turns":19},{"damage":12,"enemies":"2 Thieves","floor":18,"turns":3}],"seed_played":"3705542018234217435","potions_obtained":[{"floor":3.0,"key":"Languid Potion"},{"floor":5.0,"key":"Fire Potion"},{"floor":7.0,"key":"SteroidPotion"},{"floor":16,"key":"Elixir"}],"is_trial":false,"path_per_floor":["M","?","M","?","M","R","E","R","T","?","M","E","M","M","R","B",null,"M"],"character_chosen":"KOISHI","items_purchased":[],"campfire_rested":2,"item_purchase_floors":[],"current_hp_per_floor":[56,56,49,49,42,42,34,52,52,52,39,31,28,27,45,10,60,48,48],"gold":249,"neow_bonus":"TRANSFORM_CARD","is_daily":false,"chose_seed":false,"campfire_upgraded":1,"win_rate":0.0,"timestamp":1613985387,"path_taken":["M","?","M","?","M","R","E","R","T","?","M","E","?","M","R","BOSS","M"],"items_purchased_type":[],"build_version":"2020-12-22","purchased_purges":0,"victory":false,"max_hp_per_floor":[60,60,60,60,60,60,60,60,60,60,60,60,60,60,60,60,60,60,60],"relic_stats":{"counters":[10,62],"obtain_stats":[{"AT_ATBox":0,"DemoMod:GlassGuonStoneRelic":5,"reliquary:Spinner":12,"HollowMod:StagPassRelic":7,"Koishi:ImaginaryFriend":0,"REME_ComplimentaryCards":0},{"AT_ATBox":0,"DemoMod:GlassGuonStoneRelic":3,"reliquary:Spinner":6,"HollowMod:StagPassRelic":4,"Koishi:ImaginaryFriend":0,"REME_ComplimentaryCards":0},{"AT_ATBox":0,"DemoMod:GlassGuonStoneRelic":9,"reliquary:Spinner":32,"HollowMod:StagPassRelic":18,"Koishi:ImaginaryFriend":0,"REME_ComplimentaryCards":0}]},"card_choices":[{"not_picked":["Koishi:BloodcurdlingScream","Koishi:CatchAndRose"],"picked":"Koishi:ReleaseOfTheId","floor":1.0},{"not_picked":["Koishi:DreadfulBlow","Koishi:Bloodlust"],"picked":"Koishi:Vanish","floor":3.0},{"not_picked":["Koishi:Catatonia","Koishi:MindStellarRelief"],"picked":"Koishi:SpiritedAway","floor":5.0},{"not_picked":["Koishi:RacingHeart","Koishi:Untouchable"],"picked":"Koishi:JumpScare","floor":7.0},{"not_picked":["Koishi:PhantomStrike","Koishi:BloodcurdlingScream"],"picked":"Koishi:FreudianInstinct","floor":11.0},{"not_picked":["Koishi:Untouchable","Koishi:FormlessExistence","Koishi:YoukaiPolygraph"],"picked":"SKIP","floor":12},{"not_picked":["Koishi:EmbryosDream","Koishi:DanmakuParanoia"],"picked":"Koishi:RorschachInDanmaku","floor":13},{"not_picked":["Koishi:Whimsy","Koishi:Prune","Koishi:UnconsciousUrges"],"picked":"SKIP","floor":14}],"player_experience":129480,"relics_obtained":[{"floor":7.0,"key":"HollowMod:StagPassRelic"},{"floor":12,"key":"reliquary:Spinner"}],"event_choices":[{"damage_healed":0.0,"max_hp_gain":0.0,"max_hp_loss":0.0,"gold_gain":0.0,"event_name":"The Cleric","player_choice":"Leave","floor":2.0,"gold_loss":0.0,"damage_taken":0.0},{"damage_healed":0.0,"max_hp_gain":0.0,"max_hp_loss":0.0,"gold_gain":0.0,"event_name":"Living Wall","player_choice":"Grow","floor":4.0,"gold_loss":0.0,"damage_taken":0.0,"cards_upgraded":["Koishi:ReleaseOfTheId"]},{"damage_healed":0.0,"max_hp_gain":0.0,"max_hp_loss":0.0,"gold_gain":0.0,"event_name":"NoteForYourself","player_choice":"Ignored","floor":10.0,"gold_loss":0.0,"damage_taken":0.0}],"is_beta":false,"boss_relics":[{"not_picked":["reliquary:RedPaperclip","energizedSpire:NeverEndingSparkler","WarlordEmblem:VoidPower"]}],"items_purged_floors":[],"is_endless":false,"potions_floor_spawned":[3,5,7,16],"killed_by":"2 Thieves","ascension_level":0}}