{"host":"hbrjinenk1akq1dy","time":1613969411,"event":{"mods":["AchievementEnabler","BaseMod","Bestiary","Colored Map","Colored Powertips","Curses Come First","Highlight Path","Minty Spire (QoL Compilation)","Permanent Neow","Quick Restart","StSLib","SuperFastMode"],"gold_per_floor":[209,220,495,508,524,559,559,35,35,35,35,50,77,93,93,193,193,206,224,224,69,69,69,96,112,112,112,37,49,49,66,66,168,168,180,80,130,130,145,190,190,219,244,263,294,294,328,43,43,43],"floor_reached":51,"language":"ENG","playtime":1924,"items_purged":["Shame","Regret","Strike_R"],"score":1145,"play_id":"5053e705-92d0-4fe8-97fd-e0396a012c13","local_time":"20210222125011","is_ascension_mode":true,"campfire_choices":[{"data":"True Grit","floor":7.0,"key":"SMITH"},{"data":"Sword Boomerang","floor":11.0,"key":"SMITH"},{"floor":15.0,"key":"REST"},{"data":"Immolate","floor":23.0,"key":"SMITH"},{"floor":30,"key":"REST"},{"data":"Spot Weakness","floor":32,"key":"SMITH"},{"floor":46,"key":"REST"},{"floor":49,"key":"REST"}],"circlet_count":0,"master_deck":["Strike_R+1","Strike_R","Strike_R+1","Strike_R","Defend_R","Defend_R","Defend_R","Defend_R","Bash","Clothesline","True Grit+1","Shrug It Off","Sword Boomerang+1","Combust","Ghostly Armor","Spot Weakness+1","Immolate+1","Inflame","Disarm","Heavy Blade+1","Spot Weakness","Shrug It Off","Disarm+1","Demon Form","Pommel Strike+1","Ghostly Armor","Power Through+1","Uppercut+1","Finesse","Pommel Strike+1"],"relics":["Burning Blood","Shuriken","Pen Nib","Sling","Bag of Preparation","Mercury Hourglass","PreservedInsect","Happy Flower","Cursed Key","Enchiridion","Vajra","Regal Pillow","Oddly Smooth Stone","Fusion Hammer","WingedGreaves","Lizard Tail","Omamori","Dream Catcher","Whetstone","Molten Egg 2","Smiling Mask","Lantern"],"acts_visited":["Exordium","TheCity","TheBeyond"],"potions_floor_usage":[33,33,44,50,50,50],"damage_taken":[{"damage":11.0,"enemies":"Jaw Worm","floor":1.0,"turns":4.0},{"damage":3.0,"enemies":"Cultist","floor":2.0,"turns":4.0},{"damage":6.0,"enemies":"Small Slimes","floor":4.0,"turns":4.0},{"damage":18.0,"enemies":"Red Slaver","floor":5.0,"turns":4.0},{"damage":17.0,"enemies":"Gremlin Nob","floor":6.0,"turns":4.0},{"damage":13.0,"enemies":"Gremlin Gang","floor":12.0,"turns":4.0},{"damage":18.0,"enemies":"3 Sentries","floor":13.0,"turns":6.0},{"damage":7.0,"enemies":"Exordium Thugs","floor":14.0,"turns":4.0},{"damage":14.0,"enemies":"The Guardian","floor":16.0,"turns":8.0},{"damage":4.0,"enemies":"3 Byrds","floor":18.0,"turns":2.0},{"damage":19.0,"enemies":"Spheric Guardian","floor":19.0,"turns":4.0},{"damage":26.0,"enemies":"Slavers","floor":24.0,"turns":4.0},{"damage":11,"enemies":"Cultist and Chosen","floor":25,"turns":3},{"damage":9,"enemies":"Snecko","floor":29,"turns":4},{"damage":0,"enemies":"3 Cultists","floor":31,"turns":2},{"damage":30,"enemies":"Automaton","floor":33,"turns":6},{"damage":5,"enemies":"Orb Walker","floor":35,"turns":2},{"damage":8,"enemies":"Mind Bloom Boss Battle","floor":37,"turns":6},{"damage":9,"enemies":"3 Shapes","floor":39,"turns":3},{"damage":22,"enemies":"2 Orb Walkers","floor":40,"turns":4},{"damage":16,"enemies":"Nemesis","floor":42,"turns":3},{"damage":14,"enemies":"Spire Growth","floor":44,"turns":3},{"damage":13,"enemies":"Giant Head","floor":45,"turns":6},{"damage":0,"enemies":"Nemesis","floor":47,"turns":3},{"damage":35,"enemies":"Awakened One","floor":50,"turns":7}],"seed_played":"7623706493232367739","potions_obtained":[{"floor":2.0,"key":"DuplicationPotion"},{"floor":4.0,"key":"SpeedPotion"},{"floor":5.0,"key":"SkillPotion"},{"floor":12.0,"key":"PowerPotion"},{"floor":14.0,"key":"FearPotion"},{"floor":19.0,"key":"EntropicBrew"},{"floor":25,"key":"LiquidBronze"},{"floor":31,"key":"AttackPotion"},{"floor":33,"key":"EssenceOfSteel"},{"floor":35,"key":"GamblersBrew"},{"floor":37,"key":"LiquidMemories"},{"floor":42,"key":"PowerPotion"},{"floor":45,"key":"EssenceOfSteel"}],"is_trial":false,"path_per_floor":["M","M","?","M","M","E","R","$","T","?","R","M","E","M","R","B",null,"M","M","?","$","?","R","E","M","T","?","$","M","R","M","R","B",null,"M","$","?","?","M","?","?","E","T","M","E","R","E","$","R","B",null],"character_chosen":"IRONCLAD","items_purchased":["Pen Nib","Sling","Bag of Preparation","Combust","Vajra","Lantern","Finesse"],"campfire_rested":4,"item_purchase_floors":[8,8,8,8,21,48,48],"current_hp_per_floor":[67,70,70,70,58,47,47,47,47,47,47,40,28,27,51,43,71,73,60,44,44,44,44,24,19,19,19,19,16,55,61,61,37,69,70,70,68,68,65,49,49,39,39,31,24,61,67,67,76,47],"gold":43,"neow_bonus":"HUNDRED_GOLD","is_daily":false,"chose_seed":false,"campfire_upgraded":4,"win_rate":0.0,"timestamp":1613969411,"path_taken":["M","M","?","?","M","E","R","$","T","?","R","?","E","M","R","BOSS","M","?","?","$","?","R","E","M","T","?","?","M","R","M","R","BOSS","M","$","?","?","M","?","?","E","T","?","E","R","E","$","R","BOSS"],"items_purchased_type":["Relic","Relic","Relic","Card","Relic","Relic","Card"],"build_version":"2020-12-22","purchased_purges":3,"victory":true,"max_hp_per_floor":[80,80,80,80,80,80,80,80,80,80,80,80,80,80,80,80,80,80,80,80,80,80,80,80,80,80,80,80,80,80,80,80,80,80,80,80,80,76,76,76,76,76,76,76,76,76,76,76,76,76],"card_choices":[{"not_picked":["Sword Boomerang","Heavy Blade"],"picked":"Clothesline","floor":1.0},{"not_picked":["Searing Blow","Iron Wave","Rupture"],"picked":"SKIP","floor":2.0},{"not_picked":["Thunderclap","Havoc"],"picked":"True Grit","floor":4.0},{"not_picked":["Bloodletting","Wild Strike"],"picked":"Shrug It Off","floor":5.0},{"not_picked":["Intimidate","Bloodletting"],"picked":"Sword Boomerang","floor":6.0},{"not_picked":["Searing Blow","Second Wind"],"picked":"Ghostly Armor","floor":12.0},{"not_picked":["Rampage","Evolve","Whirlwind"],"picked":"SKIP","floor":13.0},{"not_picked":["Dual Wield","Wild Strike"],"picked":"Spot Weakness","floor":14.0},{"not_picked":["Barricade","Corruption"],"picked":"Immolate","floor":16.0},{"not_picked":["Clothesline","Clash","Second Wind+1"],"picked":"SKIP","floor":18.0},{"not_picked":["Sever Soul","Heavy Blade"],"picked":"Inflame","floor":19.0},{"not_picked":["Iron Wave+1","Pommel Strike"],"picked":"Heavy Blade+1","floor":24.0},{"not_picked":["Cleave","Wild Strike"],"picked":"Spot Weakness","floor":25},{"not_picked":["Anger+1","Wild Strike"],"picked":"Shrug It Off","floor":29},{"not_picked":["Heavy Blade+1","Cleave"],"picked":"Disarm+1","floor":31},{"not_picked":["Fiend Fire","Feed"],"picked":"Demon Form","floor":33},{"not_picked":["Perfected Strike","Thunderclap+1","True Grit"],"picked":"SKIP","floor":35},{"not_picked":["Bloodletting+1","Iron Wave"],"picked":"Pommel Strike+1","floor":37},{"not_picked":["Carnage+1","Twin Strike","Cleave"],"picked":"SKIP","floor":39},{"not_picked":["Metallicize","Evolve","Whirlwind"],"picked":"SKIP","floor":42},{"not_picked":["Second Wind","Flex+1"],"picked":"Ghostly Armor","floor":44},{"not_picked":["Flex+1","Warcry","Anger+1"],"picked":"SKIP","floor":45},{"not_picked":["Heavy Blade+1","Hemokinesis+1"],"picked":"Power Through+1","floor":46},{"not_picked":["Corruption","Berserk"],"picked":"Uppercut+1","floor":47},{"not_picked":["Feel No Pain+1","Sever Soul+1"],"picked":"Pommel Strike+1","floor":49}],"player_experience":236262,"relics_obtained":[{"floor":6.0,"key":"Shuriken"},{"floor":9.0,"key":"Mercury Hourglass"},{"floor":13.0,"key":"Happy Flower"},{"floor":20.0,"key":"Enchiridion"},{"floor":24.0,"key":"Regal Pillow"},{"floor":26,"key":"Oddly Smooth Stone"},{"floor":37,"key":"WingedGreaves"},{"floor":40,"key":"Lizard Tail"},{"floor":41,"key":"Omamori"},{"floor":42,"key":"Dream Catcher"},{"floor":43,"key":"Whetstone"},{"floor":45,"key":"Molten Egg 2"},{"floor":47,"key":"Smiling Mask"}],"event_choices":[{"damage_healed":0.0,"max_hp_gain":0.0,"max_hp_loss":0.0,"gold_gain":275.0,"event_name":"Golden Shrine","player_choice":"Desecrate","floor":3.0,"gold_loss":0.0,"damage_taken":0.0,"cards_obtained":["Regret"]},{"damage_healed":0.0,"max_hp_gain":0.0,"max_hp_loss":0.0,"gold_gain":0.0,"event_name":"WeMeetAgain","player_choice":"Gave Potion","floor":10.0,"gold_loss":0.0,"damage_taken":0.0,"relics_obtained":["PreservedInsect"]},{"damage_healed":0.0,"max_hp_gain":0.0,"max_hp_loss":0.0,"gold_gain":0.0,"event_name":"Cursed Tome","player_choice":"Obtained Book","floor":20.0,"gold_loss":0.0,"damage_taken":16.0},{"damage_healed":0.0,"max_hp_gain":0.0,"max_hp_loss":0.0,"gold_gain":0.0,"event_name":"The Library","player_choice":"Read","floor":22.0,"gold_loss":0.0,"damage_taken":0.0,"cards_obtained":["Disarm"]},{"damage_healed":0,"gold_gain":0,"player_choice":"Ignored","damage_taken":0,"max_hp_gain":0,"max_hp_loss":0,"event_name":"Ghosts","floor":27,"gold_loss":0},{"damage_healed":0,"gold_gain":0,"player_choice":"Fight","damage_taken":0,"max_hp_gain":0,"max_hp_loss":0,"event_name":"MindBloom","floor":37,"gold_loss":0},{"damage_healed":0,"gold_gain":0,"player_choice":"Max HP","damage_taken":0,"max_hp_gain":0,"max_hp_loss":4,"event_name":"Winding Halls","floor":38,"gold_loss":0},{"damage_healed":0,"gold_gain":0,"player_choice":"Fight","damage_taken":0,"max_hp_gain":0,"max_hp_loss":0,"event_name":"Mysterious Sphere","floor":40,"gold_loss":0},{"damage_healed":0,"gold_gain":0,"player_choice":"Relic","damage_taken":0,"max_hp_gain":0,"max_hp_loss":0,"event_name":"Wheel of Change","floor":41,"gold_loss":0}],"is_beta":false,"boss_relics":[{"not_picked":["SlaversCollar","Sozu"],"picked":"Cursed Key"},{"not_picked":["Velvet Choker","Black Blood"],"picked":"Fusion Hammer"}],"items_purged_floors":[28,36,48],"is_endless":false,"potions_floor_spawned":[2,4,5,12,14,19,25,31,33,35,37,42,45],"ascension_level":9}}