{"host":"5qewjvycy34u7aeo","time":1613956291,"event":{"mods":["BaseMod","Downfall","GifTheSpireLib","Infinite Spire","Minty Spire (QoL Compilation)","Permanent Neow","Replay The Spire","StSLib","Wandering Minibosses"],"gold_per_floor":[118,118,128,228,247,247,247],"floor_reached":6,"language":"ENG","playtime":243,"items_purged":[],"score":38,"play_id":"3516ea96-3ce5-4b4f-8745-c5985b27078b","local_time":"20210221191131","is_ascension_mode":true,"campfire_choices":[],"circlet_count":0,"master_deck":["Strike_G","Strike_G","Strike_G","Strike_G","Strike_G","Defend_G","Defend_G","Defend_G","Defend_G","Defend_G","Survivor","Neutralize","PiercingWail","ReplayTheSpireMod:Speed Training","Deep Breath","Footwork","Dash"],"relics":["Honey Jar"],"acts_visited":["Exordium"],"potions_floor_usage":[],"damage_taken":[{"damage":0,"enemies":"Jaw Worm","floor":1,"turns":3},{"damage":5,"enemies":"Cultist","floor":3,"turns":5},{"damage":0,"enemies":"Small Slimes","floor":5,"turns":4},{"damage":21,"enemies":"Gremlin Nob","floor":6,"turns":5}],"seed_played":"-1164229221326824172","potions_obtained":[{"floor":1,"key":"Explosive Potion"},{"floor":3,"key":"Languid Potion"}],"is_trial":false,"path_per_floor":["M","?","M","?","M","E"],"character_chosen":"THE_SILENT","items_purchased":[],"campfire_rested":0,"item_purchase_floors":[],"current_hp_per_floor":[70,70,65,65,65,44,44],"gold":247,"neow_bonus":"BOSS_RELIC","is_daily":false,"chose_seed":true,"campfire_upgraded":0,"win_rate":0.0,"timestamp":1613956291,"path_taken":["M","?","?","?","?","E"],"items_purchased_type":[],"build_version":"2020-12-22","purchased_purges":0,"victory":false,"max_hp_per_floor":[70,70,70,70,70,70,70],"card_choices":[{"not_picked":["Eviscerate","Acrobatics","Setup"],"picked":"PiercingWail","floor":1},{"not_picked":["Skewer","PiercingWail","Backstab"],"picked":"Footwork","floor":3},{"not_picked":["Flying Knee","Blade Dance","PiercingWail"],"picked":"Dash","floor":5}],"player_experience":500133,"relics_obtained":[],"event_choices":[{"damage_healed":0,"gold_gain":0,"player_choice":"2 cards matched","damage_taken":0,"max_hp_gain":0,"max_hp_loss":0,"event_name":"Match and Keep!","floor":2,"gold_loss":0,"cards_obtained":["ReplayTheSpireMod:Speed Training","Deep Breath"]},{"damage_healed":0,"gold_gain":100,"player_choice":"Pray","damage_taken":0,"max_hp_gain":0,"max_hp_loss":0,"event_name":"Golden Shrine","floor":4,"gold_loss":0}],"is_beta":false,"boss_relics":[],"items_purged_floors":[],"is_endless":false,"potions_floor_spawned":[1,3],"killed_by":"Gremlin Nob","ascension_level":1}}