{"host":"3498uni0c31c9bdm","time":1613997072,"event":{"mods":["BaseMod","Better Match","Better Note","Better Sensory Stone","Better Skull","Better Third Choice","Colored Map","Minty Spire (QoL Compilation)","Quick Restart","RNG Fix","Random Character Button","Replay The Spire","Shop Mod","Smile Girya","StSLib","Unceasing Turn Reminder"],"gold_per_floor":[110,110,156,169,181,181,206,206,229,299,323,4,4,4,4,107,107,136,168,168,11,49,49,77,77,152,164,176,234,246,72,72,84,84],"floor_reached":33,"language":"ENG","playtime":1169,"items_purged":["Normality"],"score":552,"play_id":"a8b98213-3fa2-44dd-9a7b-778cca43fee7","local_time":"20210222233112","is_ascension_mode":true,"campfire_choices":[{"data":"Draining Mist","floor":6.0,"key":"SMITH"},{"floor":8.0,"key":"RECALL"},{"floor":15.0,"key":"REST"},{"floor":23.0,"key":"REST"},{"floor":25.0,"key":"REST"},{"floor":30,"key":"REST"},{"floor":32,"key":"DIG"}],"circlet_count":0,"master_deck":["AscendersBane","Strike_G","Strike_G","Strike_G","Strike_G","Strike_G","Defend_G","Defend_G","Defend_G","Defend_G","Defend_G","Survivor+1","Neutralize","Flying Knee","ReplayTheSpireMod:Splinters","Draining Mist+1","Deadly Poison","Replay:Poison Smokescreen","PiercingWail","Escape Plan","Footwork","Quick Slash","Poisoned Stab","ReplayTheSpireMod:From All Sides","Prepared","ReplayTheSpireMod:The Works","Hallucinations","Footwork","Backstab+1","CommonCold","Blur","ReplayTheSpireMod:Splinters","ReplayTheSpireMod:IOU","ReplayTheSpireMod:IOU","Writhe","ReplayTheSpireMod:IOU","ReplayTheSpireMod:IOU","Venomology","ReplayTheSpireMod:IOU"],"relics":["Ring of the Snake","NeowsBlessing","Replay:Bottled Snecko","Replay:Arrowhead","Replay:Bandana","Snake Skull","Art of War","TheAbacus","HoveringKite","ReplayTheSpireMod:Ring of Collecting","Lee\u0027s Waffle","Ring of Greed","Tiny Chest","MawBank","ReplayFunnel","Replay:Wax Seal","MerchantsRug","Lizard Tail","Anchor"],"acts_visited":["Exordium","TheCity"],"potions_floor_usage":[],"damage_taken":[{"damage":0.0,"enemies":"Cultist","floor":1.0,"turns":1.0},{"damage":0.0,"enemies":"Small Slimes","floor":4.0,"turns":1.0},{"damage":0.0,"enemies":"2 Louse","floor":5.0,"turns":2.0},{"damage":16.0,"enemies":"Replay:BlueRogue","floor":7.0,"turns":5.0},{"damage":16.0,"enemies":"Lagavulin Event","floor":10.0,"turns":6.0},{"damage":5.0,"enemies":"Large Slime","floor":11.0,"turns":5.0},{"damage":30.0,"enemies":"Slime Boss","floor":16.0,"turns":13.0},{"damage":15.0,"enemies":"3 Byrds","floor":18.0,"turns":6.0},{"damage":26.0,"enemies":"Shell Parasite","floor":19.0,"turns":5.0},{"damage":53.0,"enemies":"3 Cultists","floor":22.0,"turns":7.0},{"damage":30.0,"enemies":"Shelled Parasite and Fungi","floor":24.0,"turns":7.0},{"damage":31.0,"enemies":"Cultist and Chosen","floor":29.0,"turns":8.0},{"damage":73,"enemies":"Pondfish","floor":33,"turns":12}],"seed_played":"2579229821173223426","potions_obtained":[{"floor":1.0,"key":"ColorlessPotion"},{"floor":7.0,"key":"Weak Potion"},{"floor":10.0,"key":"DistilledChaos"},{"floor":22.0,"key":"Elixir"}],"is_trial":false,"path_per_floor":["M","?","?","M","M","R","E","R","T","?","M","$","?","$","R","B",null,"M","M","?","$","M","R","M","R","T","?","?","M","R","$","R_BF","B"],"character_chosen":"THE_SILENT","items_purchased":["Art of War","TheAbacus","Poisoned Stab","Lee\u0027s Waffle","Replay:Wax Seal","MerchantsRug","Lizard Tail","Venomology"],"campfire_rested":4,"item_purchase_floors":[12,12,12,21,31,31,31,31],"current_hp_per_floor":[63,63,63,63,63,63,47,47,47,31,26,26,26,26,47,17,57,42,16,16,77,24,47,17,40,40,40,40,9,32,32,32,0,0],"gold":84,"neow_bonus":"THREE_ENEMY_KILL","is_daily":false,"chose_seed":false,"campfire_upgraded":1,"win_rate":0.0,"timestamp":1613997072,"path_taken":["M","?","?","?","M","R","E","R","T","?","?","$","?","$","R","BOSS","M","M","?","$","M","R","M","R","T","?","?","M","R","?","R_BF","BOSS"],"items_purchased_type":["Relic","Relic","Card","Relic","Relic","Relic","Relic","Card"],"build_version":"2020-12-22","purchased_purges":1,"victory":false,"max_hp_per_floor":[70,70,70,70,70,70,70,70,70,70,70,70,70,70,70,70,70,70,70,70,77,77,77,77,77,77,77,77,77,77,77,77,77,77],"card_choices":[{"not_picked":["Masterful Stab","Outmaneuver"],"picked":"Flying Knee","floor":1.0},{"not_picked":["Crippling Poison","Hidden Blade"],"picked":"Draining Mist","floor":3.0},{"not_picked":["Masterful Stab","Deflect"],"picked":"Deadly Poison","floor":3.0},{"not_picked":["Setup","Dagger Throw"],"picked":"Replay:Poison Smokescreen","floor":4.0},{"not_picked":["Dagger Throw","Deadly Poison"],"picked":"PiercingWail","floor":5.0},{"not_picked":["Outmaneuver","Deflect"],"picked":"Escape Plan","floor":7.0},{"not_picked":["Dagger Spray","Dash"],"picked":"Footwork","floor":10.0},{"not_picked":["Slice","Hidden Blade"],"picked":"Quick Slash","floor":11.0},{"not_picked":["Die Die Die","Phantasmal Killer"],"picked":"ReplayTheSpireMod:From All Sides","floor":16.0},{"not_picked":["Poisoned Stab","Expertise"],"picked":"Prepared","floor":18.0},{"not_picked":["Dagger Spray","Slice"],"picked":"ReplayTheSpireMod:The Works","floor":19.0},{"not_picked":["Dodge and Roll","Poisoned Stab"],"picked":"Footwork","floor":22.0},{"not_picked":["Slice+1","Quick Slash"],"picked":"Backstab+1","floor":24.0},{"not_picked":["Flying Knee+1","Deflect"],"picked":"Blur","floor":29.0}],"player_experience":929845,"relics_obtained":[{"floor":3.0,"key":"Replay:Bottled Snecko"},{"floor":7.0,"key":"Replay:Arrowhead"},{"floor":9.0,"key":"Replay:Bandana"},{"floor":10.0,"key":"Snake Skull"},{"floor":20.0,"key":"ReplayTheSpireMod:Ring of Collecting"},{"floor":26.0,"key":"Ring of Greed"},{"floor":26.0,"key":"Tiny Chest"},{"floor":26.0,"key":"MawBank"},{"floor":26.0,"key":"ReplayFunnel"},{"floor":32,"key":"Anchor"}],"event_choices":[{"damage_healed":0.0,"max_hp_gain":0.0,"max_hp_loss":0.0,"gold_gain":0.0,"event_name":"Living Wall","player_choice":"Grow","floor":2.0,"gold_loss":0.0,"damage_taken":0.0,"cards_upgraded":["Survivor"]},{"damage_healed":0.0,"max_hp_gain":0.0,"max_hp_loss":0.0,"gold_gain":0.0,"event_name":"Dead Adventurer","player_choice":"Searched \u00271\u0027 times","floor":10.0,"gold_loss":0.0,"damage_taken":0.0},{"damage_healed":0.0,"max_hp_gain":0.0,"max_hp_loss":0.0,"gold_gain":0.0,"event_name":"Fountain of Cleansing","player_choice":"Ignored","floor":13.0,"gold_loss":0.0,"damage_taken":0.0},{"damage_healed":0.0,"max_hp_gain":0.0,"max_hp_loss":0.0,"gold_gain":0.0,"event_name":"Vampires","player_choice":"Ignored","floor":27.0,"gold_loss":0.0,"damage_taken":0.0},{"damage_healed":0.0,"max_hp_gain":0.0,"max_hp_loss":0.0,"gold_gain":0.0,"event_name":"Beggar","player_choice":"Ignored","floor":28.0,"gold_loss":0.0,"damage_taken":0.0}],"is_beta":false,"boss_relics":[{"not_picked":["Empty Cage","Sozu"],"picked":"HoveringKite"}],"items_purged_floors":[31],"is_endless":false,"potions_floor_spawned":[1,7,10,18,22],"killed_by":"Pondfish","ascension_level":11}}