{"host":"aapp7ew3jk5k1bvd","time":1613996816,"event":{"mods":["AchievementEnabler","BaseMod","Colored Map","Custom Start","Keyboard Shortcuts","Minty Spire (QoL Compilation)","Permanent Neow","Quick Restart","StSLib","SuperFastMode"],"gold_per_floor":[119,69,81,97,112,112,86,117,117,117,42,54,54,64,64,64,64],"floor_reached":16,"language":"KOR","playtime":477,"items_purged":["Strike_R"],"score":177,"play_id":"d9f4d6f8-6430-40a0-a83d-df4c4bcb0667","local_time":"20210222212656","is_ascension_mode":true,"campfire_choices":[{"data":"Juggernaut","floor":6.0,"key":"SMITH"},{"floor":13.0,"key":"REST"},{"data":"Shrug It Off","floor":15.0,"key":"SMITH"}],"circlet_count":0,"master_deck":["AscendersBane","Strike_R","Strike_R","Strike_R","Defend_R","Defend_R","Defend_R","Defend_R","Bash","Juggernaut+1","Ghostly Armor","Dropkick","Fiend Fire","Battle Trance","Shrug It Off+1","Cleave"],"relics":["Burning Blood","Strawberry","Pear"],"acts_visited":["Exordium"],"potions_floor_usage":[],"damage_taken":[{"damage":9.0,"enemies":"2 Louse","floor":1.0,"turns":4.0},{"damage":13.0,"enemies":"Jaw Worm","floor":3.0,"turns":5.0},{"damage":0.0,"enemies":"Cultist","floor":4.0,"turns":4.0},{"damage":2.0,"enemies":"Looter","floor":5.0,"turns":4.0},{"damage":17.0,"enemies":"Exordium Thugs","floor":7.0,"turns":5.0},{"damage":48.0,"enemies":"Gremlin Nob","floor":8.0,"turns":5.0},{"damage":14.0,"enemies":"3 Louse","floor":12.0,"turns":5.0},{"damage":6.0,"enemies":"2 Fungi Beasts","floor":14.0,"turns":4.0},{"damage":42,"enemies":"Slime Boss","floor":16,"turns":12}],"seed_played":"6366347789137822905","potions_obtained":[{"floor":1.0,"key":"Swift Potion"},{"floor":7.0,"key":"Weak Potion"},{"floor":8.0,"key":"SpeedPotion"},{"floor":10.0,"key":"Ancient Potion"}],"is_trial":false,"path_per_floor":["M","?","M","M","M","R","M","E","T","?","$","M","R","M","R","B"],"character_chosen":"IRONCLAD","items_purchased":[],"campfire_rested":1,"item_purchase_floors":[],"current_hp_per_floor":[65,65,58,64,68,68,57,22,32,32,32,24,51,51,51,9,9],"gold":64,"neow_bonus":"ONE_RANDOM_RARE_CARD","is_daily":false,"chose_seed":false,"campfire_upgraded":2,"win_rate":0.0,"timestamp":1613996816,"path_taken":["M","?","M","M","M","R","M","E","T","?","$","M","R","?","R","BOSS"],"items_purchased_type":[],"build_version":"2020-12-22","purchased_purges":1,"victory":false,"max_hp_per_floor":[75,75,75,75,75,75,75,82,92,92,92,92,92,92,92,92,92],"card_choices":[{"not_picked":["Inflame","Heavy Blade"],"picked":"Ghostly Armor","floor":1.0},{"not_picked":["Clash","Perfected Strike"],"picked":"Dropkick","floor":3.0},{"not_picked":["Wild Strike","Rupture","Flex"],"picked":"SKIP","floor":4.0},{"not_picked":["Sword Boomerang","Infernal Blade"],"picked":"Fiend Fire","floor":5.0},{"not_picked":["True Grit","Clothesline"],"picked":"Battle Trance","floor":7.0},{"not_picked":["Combust","Wild Strike"],"picked":"Shrug It Off","floor":8.0},{"not_picked":["Bloodletting","Armaments","Pommel Strike"],"picked":"SKIP","floor":12.0},{"not_picked":["Pommel Strike","Twin Strike"],"picked":"Cleave","floor":14.0}],"player_experience":1055472,"relics_obtained":[{"floor":8.0,"key":"Strawberry"},{"floor":9.0,"key":"Pear"}],"event_choices":[{"cards_removed":["Strike_R"],"damage_healed":0.0,"max_hp_gain":0.0,"max_hp_loss":0.0,"gold_gain":0.0,"event_name":"The Cleric","player_choice":"Card Removal","floor":2.0,"gold_loss":50.0,"damage_taken":0.0},{"damage_healed":0.0,"max_hp_gain":0.0,"max_hp_loss":0.0,"gold_gain":0.0,"event_name":"Lab","player_choice":"Got Potions","floor":10.0,"gold_loss":0.0,"damage_taken":0.0}],"is_beta":false,"boss_relics":[],"items_purged_floors":[11],"is_endless":false,"potions_floor_spawned":[1,7,8],"killed_by":"Slime Boss","ascension_level":14}}