{"host":"xpnapoz7r05b4ck7","time":1613953185,"event":{"mods":["Act Like it!","Arknights","BaseMod","Minty Spire (QoL Compilation)","StSLib","The Alterego","The Animator"],"gold_per_floor":[116,116,116,136,48,77,77,77,104,116,140,163,187,215,227,239,239],"floor_reached":16,"language":"ENG","playtime":868,"items_purged":[],"score":127,"play_id":"f7e32d0f-5869-46ae-9250-58b386a09d11","local_time":"20210221191945","is_ascension_mode":false,"campfire_choices":[{"data":"alterego_mod:BigMeatyClaws","floor":8,"key":"SMITH"},{"data":"alterego_mod:BustOut","floor":10,"key":"SMITH"},{"floor":15,"key":"REST"}],"circlet_count":0,"master_deck":["alterego_mod:Strike","alterego_mod:Strike","alterego_mod:Strike","alterego_mod:Strike","alterego_mod:Defend","alterego_mod:Defend","alterego_mod:Defend","alterego_mod:Defend","alterego_mod:Impale","alterego_mod:BigMeatyClaws+1","alterego_mod:BrynhildrsRune","alterego_mod:TrashNCrash","alterego_mod:BusterCard+1","alterego_mod:BustOut+1","alterego_mod:Cycle","alterego_mod:BiFurious","alterego_mod:DiscoLights","alterego_mod:Exercise","alterego_mod:Clones","alterego_mod:Bounce"],"relics":["alterego_mod:MasochisticConstitution","NeowsBlessing","InkBottle","MawBank"],"acts_visited":["Exordium"],"potions_floor_usage":[14,16,16,16],"damage_taken":[{"damage":0,"enemies":"Small Slimes","floor":1,"turns":1},{"damage":0,"enemies":"Jaw Worm","floor":4,"turns":1},{"damage":0,"enemies":"Gremlin Nob","floor":6,"turns":1},{"damage":3,"enemies":"Cultist","floor":11,"turns":3},{"damage":18,"enemies":"2 Fungi Beasts","floor":12,"turns":4},{"damage":36,"enemies":"Red Slaver","floor":13,"turns":4},{"damage":15,"enemies":"3 Louse","floor":14,"turns":5},{"damage":46,"enemies":"The Guardian","floor":16,"turns":5}],"seed_played":"5866395781498310714","potions_obtained":[{"floor":3,"key":"LiquidBronze"},{"floor":3,"key":"EssenceOfSteel"},{"floor":3,"key":"Strength Potion"},{"floor":11,"key":"CultistPotion"},{"floor":14,"key":"ColorlessPotion"}],"is_trial":false,"path_per_floor":["M","?","?","M","$","E","?","R","T","R","M","M","M","M","R","B"],"character_chosen":"The_Alterego","items_purchased":["alterego_mod:BustOut","alterego_mod:Cycle"],"campfire_rested":1,"item_purchase_floors":[5,5],"current_hp_per_floor":[70,75,75,75,75,75,75,75,75,75,73,59,24,10,33,0,0],"gold":239,"neow_bonus":"THREE_ENEMY_KILL","is_daily":false,"chose_seed":false,"campfire_upgraded":2,"win_rate":0.0,"timestamp":1613953185,"path_taken":["M","?","?","?","$","E","?","R","T","R","?","M","M","M","R","BOSS"],"items_purchased_type":["Card","Card"],"build_version":"2020-12-22","purchased_purges":0,"victory":false,"max_hp_per_floor":[70,75,75,75,75,75,75,75,75,75,76,77,78,79,79,79,79],"card_choices":[{"not_picked":["alterego_mod:1TonWallop","alterego_mod:MagicResistance"],"picked":"alterego_mod:TrashNCrash","floor":1},{"not_picked":["alterego_mod:Schoolgirl","alterego_mod:Clap"],"picked":"alterego_mod:BusterCard","floor":4},{"not_picked":["alterego_mod:Santa","alterego_mod:MagicResistance"],"picked":"alterego_mod:BiFurious","floor":6},{"not_picked":["alterego_mod:VirginLaserPalladion","alterego_mod:PerceptionDisorder"],"picked":"alterego_mod:DiscoLights","floor":11},{"not_picked":["alterego_mod:Punishment","alterego_mod:Cooking"],"picked":"alterego_mod:Exercise","floor":12},{"not_picked":["alterego_mod:GoddessCore","alterego_mod:PurpleHair"],"picked":"alterego_mod:Clones","floor":13},{"not_picked":["alterego_mod:DestructionOfProperty","alterego_mod:TrashNCrash"],"picked":"alterego_mod:Bounce","floor":14}],"player_experience":757515,"relics_obtained":[{"floor":6,"key":"InkBottle"},{"floor":9,"key":"MawBank"}],"event_choices":[{"damage_healed":0,"gold_gain":0,"player_choice":"Donut","damage_taken":0,"max_hp_gain":5,"max_hp_loss":0,"event_name":"Big Fish","floor":2,"gold_loss":0},{"damage_healed":0,"gold_gain":0,"player_choice":"Got Potions","damage_taken":0,"max_hp_gain":0,"max_hp_loss":0,"event_name":"Lab","floor":3,"gold_loss":0},{"damage_healed":0,"gold_gain":0,"player_choice":"Upgraded","damage_taken":0,"max_hp_gain":0,"max_hp_loss":0,"event_name":"Upgrade Shrine","floor":7,"gold_loss":0,"cards_upgraded":["alterego_mod:BusterCard"]}],"is_beta":false,"boss_relics":[],"items_purged_floors":[],"is_endless":false,"potions_floor_spawned":[4,6,11,13,14],"killed_by":"The Guardian","ascension_level":0}}