{"host":"wmrrle71ao22fxdw","time":1613996467,"event":{"mods":["BaseMod","Colored Map","Minty Spire (QoL Compilation)","Rare Cards Sparkle","Relic Stats"],"gold_per_floor":[116,291,291,301,316,350,360,378,405,405,433,448,418,13,13,13,13],"floor_reached":16,"language":"ENG","playtime":535,"items_purged":["Strike_G"],"score":118,"play_id":"1345efbb-20ac-4020-b737-619bf5884a36","local_time":"20210222132107","is_ascension_mode":true,"campfire_choices":[{"data":"Riddle With Holes","floor":10,"key":"SMITH"},{"floor":15,"key":"REST"}],"circlet_count":0,"master_deck":["Strike_G","Strike_G","Strike_G","Strike_G","Defend_G","Defend_G","Defend_G","Defend_G","Defend_G","Survivor","Neutralize","Poisoned Stab","Sucker Punch","Riddle With Holes+1","Poisoned Stab","Crippling Poison","PiercingWail","Venomology","Skewer"],"relics":["Ring of the Snake","NeowsBlessing","Kunai","Blood Vial","Juzu Bracelet","Sling","Omamori"],"acts_visited":["Exordium"],"potions_floor_usage":[],"damage_taken":[{"damage":0,"enemies":"2 Louse","floor":1,"turns":1},{"damage":0,"enemies":"Jaw Worm","floor":4,"turns":1},{"damage":0,"enemies":"Cultist","floor":5,"turns":1},{"damage":19,"enemies":"Gremlin Nob","floor":6,"turns":5},{"damage":18,"enemies":"Lots of Slimes","floor":7,"turns":6},{"damage":2,"enemies":"Exordium Thugs","floor":8,"turns":6},{"damage":17,"enemies":"Lagavulin","floor":11,"turns":6},{"damage":5,"enemies":"Blue Slaver","floor":12,"turns":5},{"damage":22,"enemies":"Slime Boss","floor":16,"turns":7}],"seed_played":"3297701105277401323","potions_obtained":[{"floor":1,"key":"GamblersBrew"},{"floor":5,"key":"Block Potion"},{"floor":6,"key":"LiquidBronze"},{"floor":12,"key":"Regen Potion"},{"floor":13,"key":"Strength Potion"},{"floor":13,"key":"GhostInAJar"}],"is_trial":false,"path_per_floor":["M","?","?","M","M","E","M","M","T","R","E","M","?","$","R","B"],"character_chosen":"THE_SILENT","items_purchased":["Sling","Omamori","Skewer"],"campfire_rested":1,"item_purchase_floors":[14,14,14],"current_hp_per_floor":[70,70,70,70,70,51,33,31,31,31,16,13,13,13,34,14,14],"gold":13,"neow_bonus":"THREE_ENEMY_KILL","is_daily":false,"chose_seed":false,"campfire_upgraded":1,"win_rate":0.0,"timestamp":1613996467,"path_taken":["M","?","?","M","?","E","M","M","T","R","E","M","?","$","R","BOSS"],"items_purchased_type":["Relic","Relic","Card"],"build_version":"2020-12-22","purchased_purges":1,"victory":false,"max_hp_per_floor":[70,70,70,70,70,70,70,70,70,70,70,70,70,70,70,70,70],"relic_stats":{"Blood Vial":6,"counters":[9,38],"Juzu Bracelet":1,"Kunai":[7],"obtain_stats":[{"Blood Vial":9,"NeowsBlessing":0,"Juzu Bracelet":11,"Omamori":14,"Kunai":6,"Sling":14,"Ring of the Snake":0},{"Blood Vial":6,"NeowsBlessing":0,"Juzu Bracelet":7,"Omamori":8,"Kunai":4,"Sling":8,"Ring of the Snake":0},{"Blood Vial":20,"NeowsBlessing":0,"Juzu Bracelet":26,"Omamori":31,"Kunai":8,"Sling":31,"Ring of the Snake":0}],"Ring of the Snake":[18]},"card_choices":[{"not_picked":["Dash","Setup"],"picked":"Poisoned Stab","floor":1},{"not_picked":["Quick Slash","Slice"],"picked":"Sucker Punch","floor":4},{"not_picked":["Dodge and Roll","Calculated Gamble"],"picked":"Riddle With Holes","floor":5},{"not_picked":["Setup","Tactician"],"picked":"Poisoned Stab","floor":6},{"not_picked":["Tactician","Dodge and Roll"],"picked":"Crippling Poison","floor":7},{"not_picked":["Deadly Poison","Caltrops"],"picked":"PiercingWail","floor":8},{"not_picked":["Choke","PiercingWail"],"picked":"Venomology","floor":11},{"not_picked":["Setup","Calculated Gamble","Concentrate"],"picked":"SKIP","floor":12}],"player_experience":118185,"relics_obtained":[{"floor":6,"key":"Kunai"},{"floor":9,"key":"Blood Vial"},{"floor":11,"key":"Juzu Bracelet"}],"event_choices":[{"damage_healed":0,"gold_gain":175,"player_choice":"AGREE","damage_taken":0,"max_hp_gain":0,"max_hp_loss":0,"event_name":"Liars Game","floor":2,"gold_loss":0,"cards_obtained":["Doubt"]},{"cards_removed":["Doubt"],"damage_healed":0,"gold_gain":0,"player_choice":"Removed Curses","damage_taken":0,"max_hp_gain":0,"max_hp_loss":0,"event_name":"Fountain of Cleansing","floor":3,"gold_loss":0},{"damage_healed":0,"gold_gain":0,"player_choice":"Bought 2 Potions","damage_taken":0,"max_hp_gain":0,"max_hp_loss":0,"event_name":"The Woman in Blue","floor":13,"gold_loss":0}],"is_beta":false,"boss_relics":[],"items_purged_floors":[14],"is_endless":false,"potions_floor_spawned":[1,5,6,12],"killed_by":"Slime Boss","ascension_level":1}}