{"host":"g5fmetnswx4f9rhi","time":1613965552,"event":{"mods":["AchievementEnabler","Act Like it!","Aspiration","BaseMod","Conspire","Friendly Minions","Gensokyo","GifTheSpireLib","Halation","Hallownest","Hubris","Infinite Spire","Jorbs\u0027s Wanderer Trilogy","Koishi","Lobotomy","LobotomyExtend","Luminous","Mari Mod (Legacy)","Mari\u0027s V1 Patch","Marisa????????","Marked Mod","Mimic Mod","Minty Spire (QoL Compilation)","Railgun Mod","Reimu??????","Reliquary","Remilia??????","Replay The Spire","StSLib","Td1madao Mod","The Administrix","The Alterego","The Animator","The Bladedancer","The Bug Knight","The Cursed","The Disciple","The Hierophant","The Jungle","The Marked","The Necromancer","The Senshi","The Servant 0.9.4","Waifu the Spire","WarShipGirlsR/????R mod","Yakumo Yukari mod","Yuri Mod"],"gold_per_floor":[109,34,34,45,45,77,77,28,98,98,113,113,126,126,126,126,126],"floor_reached":16,"language":"ENG","playtime":1190,"items_purged":["Strike_S"],"score":98,"play_id":"7f04fa99-3133-4d97-9b88-4fe9b7c594ee","local_time":"20210221214552","is_ascension_mode":false,"campfire_choices":[{"floor":10,"key":"REST"},{"data":"Replace","floor":12,"key":"SMITH"},{"data":"ReturningBlade","floor":15,"key":"SMITH"}],"circlet_count":0,"master_deck":["Strike_S","Strike_S","Strike_S","Defend_S","Defend_S","Defend_S","Defend_S","KidneyShot","Exchange","Potential","GearUp","Replace+1","ReturningBlade+1","Replace"],"relics":["Uniform","Oddly Smooth Stone","Gensokyo:PortableGap","infinitespire:Satchel","infinitespire:EmpoweringShard","Snack Pack"],"acts_visited":["Gensokyo:Gensokyo"],"potions_floor_usage":[16],"damage_taken":[{"damage":0,"enemies":"Gensokyo:3_Fairies","floor":1,"turns":6},{"damage":2,"enemies":"Gensokyo:Gryphon","floor":4,"turns":4},{"damage":37,"enemies":"Gensokyo:Cirno","floor":6,"turns":9},{"damage":0,"enemies":"Gensokyo:2_Kodama","floor":11,"turns":3},{"damage":0,"enemies":"Gensokyo:LivingMonolith","floor":13,"turns":3},{"damage":71,"enemies":"Gensokyo:Kokoro","floor":16,"turns":14}],"seed_played":"-8166851378640552483","potions_obtained":[{"floor":11,"key":"Block Potion"}],"is_trial":false,"path_per_floor":["M","$","?","M","?","E","T","$","T","R","M","R","M","?","R","B"],"character_chosen":"THE_SERVANT","items_purchased":["Replace"],"campfire_rested":1,"item_purchase_floors":[8],"current_hp_per_floor":[65,65,59,57,59,22,22,22,22,39,41,41,43,49,49,0,0],"gold":126,"neow_bonus":"RANDOM_COMMON_RELIC","is_daily":false,"chose_seed":false,"campfire_upgraded":2,"win_rate":0.0,"timestamp":1613965552,"path_taken":["M","$","?","M","?","E","?","?","T","R","?","R","M","?","R","BOSS"],"items_purchased_type":["Card"],"build_version":"2020-12-22","purchased_purges":1,"victory":false,"max_hp_per_floor":[65,65,59,59,59,59,59,59,59,59,59,59,59,59,59,59,59],"card_choices":[{"not_picked":["MoonPhase","BottledTime"],"picked":"Potential","floor":1},{"not_picked":["Comet","Revamp"],"picked":"GearUp","floor":4},{"not_picked":["PendulumOfEternity","Desolation","MoonPhase"],"picked":"SKIP","floor":6},{"not_picked":["Replace","Spin"],"picked":"ReturningBlade","floor":11},{"not_picked":["Ricochet","Gouge"],"picked":"Replace","floor":13}],"player_experience":60530,"relics_obtained":[{"floor":6,"key":"infinitespire:Satchel"},{"floor":7,"key":"infinitespire:EmpoweringShard"},{"floor":9,"key":"Snack Pack"}],"event_choices":[],"is_beta":false,"boss_relics":[],"items_purged_floors":[2],"is_endless":false,"potions_floor_spawned":[4,11],"killed_by":"Gensokyo:Kokoro","ascension_level":0}}