{"host":"t39frk1gt0zfm79h","time":1613966026,"event":{"mods":["BaseMod","Better Altar","Better Match","Better Note","Better Sensory Stone","Better Skull","Better Third Choice","Block Reminder","Colored Map","Downfall","Hermit","Minty Spire (QoL Compilation)","Relic Stats","StSLib"],"gold_per_floor":[117,128,50,70,176,176,176],"floor_reached":6,"language":"ENG","playtime":271,"items_purged":[],"score":38,"play_id":"b4ef4dff-ce8d-49e5-964b-64fac1d7acb7","local_time":"20210221195346","is_ascension_mode":true,"campfire_choices":[],"circlet_count":0,"master_deck":["hermit:Strike_Hermit","hermit:Strike_Hermit","hermit:Strike_Hermit","hermit:Strike_Hermit","hermit:Defend_Hermit","hermit:Defend_Hermit","hermit:Defend_Hermit","hermit:Defend_Hermit","hermit:Snapshot","hermit:Covet","hermit:Shortfuse","hermit:Dive","hermit:TakeAim","hermit:TrackingShot"],"relics":["hermit:Momento","Centennial Puzzle"],"acts_visited":["Exordium"],"potions_floor_usage":[6],"damage_taken":[{"damage":1,"enemies":"Jaw Worm","floor":1,"turns":4},{"damage":0,"enemies":"Cultist","floor":2,"turns":3},{"damage":5,"enemies":"2 Louse","floor":4,"turns":4},{"damage":71,"enemies":"Gremlin Nob","floor":6,"turns":6}],"seed_played":"-5899705958695321335","potions_obtained":[{"floor":1,"key":"Dexterity Potion"}],"is_trial":false,"path_per_floor":["M","M","$","M","?","E"],"character_chosen":"HERMIT","items_purchased":["hermit:TakeAim"],"campfire_rested":0,"item_purchase_floors":[3],"current_hp_per_floor":[81,81,81,76,48,0,0],"gold":176,"neow_bonus":"TEN_PERCENT_HP_BONUS","is_daily":false,"chose_seed":false,"campfire_upgraded":0,"win_rate":0.0,"timestamp":1613966026,"path_taken":["M","M","$","M","?","E"],"items_purchased_type":["Card"],"build_version":"2020-12-22","purchased_purges":0,"victory":false,"max_hp_per_floor":[82,82,82,82,82,82,82],"relic_stats":{"Centennial Puzzle":[3],"counters":[4,17],"obtain_stats":[{"Centennial Puzzle":5,"hermit:Momento":0},{"Centennial Puzzle":3,"hermit:Momento":0},{"Centennial Puzzle":11,"hermit:Momento":0}]},"card_choices":[{"not_picked":["hermit:Misfire","hermit:Dive"],"picked":"hermit:Shortfuse","floor":1},{"not_picked":["hermit:SprayPray","hermit:Snipe"],"picked":"hermit:Dive","floor":2},{"not_picked":["hermit:Gestalt","hermit:Snipe"],"picked":"hermit:TrackingShot","floor":4}],"player_experience":19007,"relics_obtained":[],"event_choices":[{"damage_healed":0,"gold_gain":106,"player_choice":"GO RE ","damage_taken":31,"relics_obtained":["Centennial Puzzle"],"max_hp_gain":0,"max_hp_loss":0,"event_name":"betterSkull:BetterSkull","floor":5,"gold_loss":0,"cards_upgraded":[]}],"is_beta":false,"boss_relics":[],"items_purged_floors":[],"is_endless":false,"potions_floor_spawned":[1],"killed_by":"Gremlin Nob","ascension_level":1}}