{"host":"6nn4wuhmber0v4i4","time":1613992083,"event":{"mods":["BaseMod","Downfall","Hermit","Lobotomy","Minty Spire (QoL Compilation)","Quick Restart","Relic Stats","Replay The Spire","Spicy Shops","StSLib","The Cursed","The Poker Player"],"gold_per_floor":[99,99,99,274,274,174,219,119,44,64,97,82,92,92,105,200,200,200,200,220,238,238,238,238],"floor_reached":22,"language":"ZHS","playtime":1278,"items_purged":["Doubt"],"score":180,"play_id":"804e1718-d9c4-4548-a159-6a23fc70126c","local_time":"20210222190803","is_ascension_mode":false,"campfire_choices":[{"floor":1.0,"key":"RECALL"},{"data":"Slimebound:Split","floor":6.0,"key":"SMITH"},{"data":"Slimebound:Tackle","floor":8.0,"key":"SMITH"},{"data":"Slimebound:RallyTheTroops","floor":18,"key":"SMITH"}],"circlet_count":0,"master_deck":["Slimebound:Strike_Slimebound","Slimebound:Strike_Slimebound","Slimebound:Strike_Slimebound","Slimebound:Tackle+1","Slimebound:Defend_Slimebound","Slimebound:Defend_Slimebound","Slimebound:Defend_Slimebound","Slimebound:Defend_Slimebound","Slimebound:Split+1","Slimebound:CorrosiveSpit","Slimebound:RallyTheTroops+1","Slimebound:RallyTheTroops+1","Slimebound:ProtectTheBoss","Slimebound:AcidTongue+1"],"relics":["Slimebound:AbsorbEndCombat","downfall:HeartsMalice","MealTicket","downfall:HeartBlessingRed","downfall:HeartBlessingBlue","Slimebound:ScrapOozeRelic","Honey Jar"],"acts_visited":["Exordium","TheCity"],"potions_floor_usage":[16,16,16],"damage_taken":[{"damage":0.0,"enemies":"Jaw Worm","floor":2.0,"turns":1.0},{"damage":0.0,"enemies":"Small Slimes","floor":3.0,"turns":1.0},{"damage":0.0,"enemies":"downfall:FleeingMerchant","floor":9.0,"turns":1.0},{"damage":4.0,"enemies":"Cultist","floor":10.0,"turns":3.0},{"damage":30.0,"enemies":"3 Sentries","floor":11.0,"turns":9.0},{"damage":8.0,"enemies":"downfall:FleeingMerchant","floor":12.0,"turns":4.0},{"damage":5.0,"enemies":"3 Louse","floor":13.0,"turns":4.0},{"damage":7.0,"enemies":"2 Fungi Beasts","floor":15.0,"turns":3.0},{"damage":49,"enemies":"WA_ARCHETYPE_RETAIN","floor":16,"turns":5},{"damage":20,"enemies":"3 Byrds","floor":20,"turns":4},{"damage":30,"enemies":"downfall:LooterAlt2","floor":21,"turns":4},{"damage":33,"enemies":"Sentry and Sphere","floor":22,"turns":3}],"seed_played":"-4916986569092480763","potions_obtained":[{"floor":10.0,"key":"SteroidPotion"},{"floor":11.0,"key":"bronze:BurnAndBuffPotion"},{"floor":13.0,"key":"champ:CounterPotion"},{"floor":15.0,"key":"LiquidBronze"},{"floor":21,"key":"Fire Potion"}],"is_trial":false,"path_per_floor":["R","M","M","?","?","R","T","R","$","M","E","$","M","?","M","B",null,"R","?","M","M","M"],"character_chosen":"SLIMEBOUND","items_purchased":[],"campfire_rested":0,"item_purchase_floors":[],"current_hp_per_floor":[65,65,65,65,65,65,65,75,75,73,43,56,55,55,52,9,75,75,75,57,31,0,0,0],"gold":238,"neow_bonus":"THREE_ENEMY_KILL","is_daily":false,"chose_seed":false,"campfire_upgraded":3,"win_rate":0.0,"timestamp":1613992083,"path_taken":["R","M","M","?","?","R","T","R","$","M","E","$","?","?","M","BOSS","R","?","M","?","M"],"items_purchased_type":[],"build_version":"2020-12-22","purchased_purges":1,"victory":false,"max_hp_per_floor":[65,65,65,65,65,65,65,75,75,75,75,75,75,75,75,75,75,75,75,75,75,75,75,75],"relic_stats":{"counters":[12,37],"MealTicket":15,"obtain_stats":[{"Potion Belt":11,"downfall:HeartBlessingRed":6,"Slimebound:ScrapOozeRelic":14,"downfall:HeartBlessingBlue":8,"Honey Jar":17,"downfall:HeartsMalice":0,"MealTicket":5,"Slimebound:AbsorbEndCombat":0},{"Potion Belt":5,"downfall:HeartBlessingRed":2,"Slimebound:ScrapOozeRelic":7,"downfall:HeartBlessingBlue":2,"Honey Jar":9,"downfall:HeartsMalice":0,"MealTicket":2,"Slimebound:AbsorbEndCombat":0},{"Potion Belt":12,"downfall:HeartBlessingRed":0,"Slimebound:ScrapOozeRelic":19,"downfall:HeartBlessingBlue":0,"Honey Jar":27,"downfall:HeartsMalice":0,"MealTicket":0,"Slimebound:AbsorbEndCombat":0}]},"card_choices":[{"not_picked":["Slimebound:LivingWall","Slimebound:MegaLick","Slimebound:SplitBruiser"],"picked":"SKIP","floor":2.0},{"not_picked":["Slimebound:SamplingLick","Slimebound:RejuvenatingLick","Slimebound:SlimeBarrage"],"picked":"SKIP","floor":3.0},{"not_picked":["Slimebound:SplitBruiser","Slimebound:SplitLeeching","Slimebound:LivingWall"],"picked":"SKIP","floor":9.0},{"not_picked":["Slimebound:SplitLeeching","Slimebound:LeechEnergy","Slimebound:ViciousTackle"],"picked":"SKIP","floor":10.0},{"not_picked":["Slimebound:Dissolve","Slimebound:RollThrough","Slimebound:SlimeBarrage"],"picked":"SKIP","floor":11.0},{"not_picked":["Slimebound:LivingWall","Slimebound:DisruptingSlam","Slimebound:SlimeSpikes"],"picked":"SKIP","floor":12.0},{"not_picked":["Slimebound:RollThrough","Slimebound:SlimeBrawl","Slimebound:GrowthPunch"],"picked":"SKIP","floor":13.0},{"not_picked":["Slimebound:SlimeBarrage","Slimebound:ComboTackle","Slimebound:Grow"],"picked":"SKIP","floor":15.0},{"not_picked":["Slimebound:SelfFormingGoo","Slimebound:SlimeSlap"],"picked":"Slimebound:RallyTheTroops","floor":16},{"not_picked":["Slimebound:Schlurp","Slimebound:HauntingLick+1","Slimebound:SlimeTap"],"picked":"Slimebound:ProtectTheBoss","floor":20},{"not_picked":["Slimebound:SamplingLick","Slimebound:SplitAcid","Slimebound:GrowthPunch"],"picked":"Slimebound:AcidTongue+1","floor":21}],"player_experience":283542,"relics_obtained":[{"floor":5.0,"key":"MealTicket"},{"floor":11.0,"key":"Potion Belt"}],"event_choices":[{"damage_healed":0.0,"max_hp_gain":0.0,"max_hp_loss":0.0,"gold_gain":0.0,"event_name":"Wheel of Change","player_choice":"Relic","floor":5.0,"gold_loss":0.0,"damage_taken":0.0}],"is_beta":false,"boss_relics":[{"not_picked":["Slimebound:TarBlob","Runic Dome"],"picked":"Honey Jar"}],"items_purged_floors":[9],"is_endless":false,"potions_floor_spawned":[10,11,13,15,21],"killed_by":"Sentry and Sphere","ascension_level":0}}