{"host":"pbf6u3tyx46snqc7","time":1613958845,"event":{"mods":["AchievementEnabler","BaseMod","Colored Map","Minty Spire (QoL Compilation)","Rare Cards Sparkle","SuperFastMode"],"gold_per_floor":[114,114,39,53,53,53,128,128,128,128,138,138,38,50,50,153,153,172,191,191,191,290,290,215,215,288,300,316,333,333,344,344,441,441,461,87,87,87,0,0,0,20,44,44,74,94,94,124,124,124,124],"floor_reached":50,"language":"KOR","playtime":1377,"items_purged":["Strike_R","Strike_R","Defend_R+1"],"score":856,"play_id":"51b7ad16-aea5-40e2-b285-91b70e203aff","local_time":"20210222105405","is_ascension_mode":true,"campfire_choices":[{"data":"Dropkick","floor":6.0,"key":"SMITH"},{"data":"Bash","floor":8.0,"key":"SMITH"},{"data":"Strike_R","floor":10.0,"key":"SMITH"},{"data":"Dropkick","floor":15.0,"key":"SMITH"},{"data":"Defend_R","floor":23.0,"key":"SMITH"},{"data":"Defend_R","floor":25.0,"key":"SMITH"},{"data":"True Grit","floor":30.0,"key":"SMITH"},{"floor":32.0,"key":"REST"},{"floor":40,"key":"RECALL"},{"floor":44,"key":"REST"},{"floor":49,"key":"REST"}],"circlet_count":0,"master_deck":["AscendersBane","Defend_R+1","Bash+1","Dropkick+1","Dropkick+1","True Grit+1"],"relics":["Burning Blood","NeowsBlessing","Pear","Letter Opener","Busted Crown","Omamori","Frozen Egg 2","Empty Cage","Eternal Feather","Red Mask","MealTicket","The Courier","White Beast Statue"],"acts_visited":["Exordium","TheCity","TheBeyond"],"potions_floor_usage":[33,50,50],"damage_taken":[{"damage":0.0,"enemies":"Cultist","floor":1.0,"turns":1.0},{"damage":0.0,"enemies":"Jaw Worm","floor":4.0,"turns":1.0},{"damage":0.0,"enemies":"Small Slimes","floor":11.0,"turns":1.0},{"damage":3.0,"enemies":"Blue Slaver","floor":14.0,"turns":3.0},{"damage":35.0,"enemies":"The Guardian","floor":16.0,"turns":12.0},{"damage":4.0,"enemies":"Shell Parasite","floor":18.0,"turns":3.0},{"damage":0.0,"enemies":"Chosen","floor":19.0,"turns":4.0},{"damage":4.0,"enemies":"3 Cultists","floor":27.0,"turns":5.0},{"damage":9.0,"enemies":"Snake Plant","floor":28.0,"turns":4.0},{"damage":0.0,"enemies":"Cultist and Chosen","floor":29.0,"turns":6.0},{"damage":14.0,"enemies":"Snecko","floor":31.0,"turns":5.0},{"damage":62,"enemies":"Automaton","floor":33,"turns":8},{"damage":18,"enemies":"3 Darklings","floor":35,"turns":5},{"damage":2,"enemies":"3 Shapes","floor":42,"turns":6},{"damage":0,"enemies":"Giant Head","floor":45,"turns":3},{"damage":0,"enemies":"Transient","floor":46,"turns":2},{"damage":16,"enemies":"Nemesis","floor":48,"turns":3},{"damage":117,"enemies":"Time Eater","floor":50,"turns":5}],"seed_played":"1073427003734312798","potions_obtained":[{"floor":1.0,"key":"Block Potion"},{"floor":4.0,"key":"Dexterity Potion"},{"floor":19.0,"key":"SkillPotion"},{"floor":29.0,"key":"BloodPotion"},{"floor":35,"key":"EssenceOfSteel"}],"is_trial":false,"path_per_floor":["M","?","$","M","T","R","?","R","T","R","M","?","$","M","R","B",null,"M","M","?","?","?","R","?","R","T","M","M","M","R","M","R","B",null,"M","$","?","$","?","R","$","M","T","R","E","M","?","E","R","B"],"character_chosen":"IRONCLAD","items_purchased":["Eternal Feather"],"campfire_rested":3,"item_purchase_floors":[36],"current_hp_per_floor":[78,78,78,80,90,90,79,79,79,79,85,67,67,70,70,41,78,80,86,68,68,68,68,68,68,68,70,67,73,73,65,93,37,81,69,69,69,69,69,72,72,76,76,90,90,90,90,80,90,0,0],"gold":124,"neow_bonus":"THREE_ENEMY_KILL","is_daily":false,"chose_seed":false,"campfire_upgraded":7,"win_rate":0.0,"timestamp":1613958845,"path_taken":["M","?","$","?","?","R","?","R","T","R","M","?","?","M","R","BOSS","M","M","?","?","?","R","?","R","T","?","M","M","R","M","R","BOSS","M","$","?","$","?","R","?","M","T","R","E","?","?","E","R","BOSS"],"items_purchased_type":["Relic"],"build_version":"2020-12-22","purchased_purges":3,"victory":false,"max_hp_per_floor":[80,80,80,80,90,90,90,90,90,90,90,90,90,90,90,90,90,90,90,95,95,95,95,95,95,95,95,95,95,95,95,95,95,95,95,95,90,90,90,90,90,90,90,90,90,90,90,90,90,90,90],"card_choices":[{"not_picked":["True Grit","Shrug It Off"],"picked":"Dropkick","floor":1.0},{"not_picked":["Twin Strike","Sword Boomerang","Infernal Blade"],"picked":"SKIP","floor":4.0},{"not_picked":["Flex","Uppercut"],"picked":"Dropkick","floor":11.0},{"not_picked":["Wild Strike","Combust","True Grit"],"picked":"SKIP","floor":14.0},{"not_picked":["Wild Strike"],"picked":"SKIP","floor":18.0},{"not_picked":["Pommel Strike"],"picked":"SKIP","floor":19.0},{"not_picked":[],"picked":"True Grit","floor":27.0},{"not_picked":["Warcry"],"picked":"SKIP","floor":28.0},{"not_picked":["Clothesline"],"picked":"SKIP","floor":29.0},{"not_picked":["Uppercut"],"picked":"SKIP","floor":31.0},{"not_picked":["Flex"],"picked":"SKIP","floor":35},{"not_picked":["Sword Boomerang"],"picked":"SKIP","floor":42},{"not_picked":["Sword Boomerang"],"picked":"SKIP","floor":42},{"not_picked":["Cleave+1"],"picked":"SKIP","floor":45},{"not_picked":["Twin Strike+1"],"picked":"SKIP","floor":46},{"not_picked":["True Grit+1"],"picked":"SKIP","floor":48}],"player_experience":430168,"relics_obtained":[{"floor":5.0,"key":"Pear"},{"floor":9.0,"key":"Letter Opener"},{"floor":26.0,"key":"Frozen Egg 2"},{"floor":43,"key":"MealTicket"},{"floor":45,"key":"The Courier"},{"floor":48,"key":"White Beast Statue"}],"event_choices":[{"cards_removed":["Strike_R"],"damage_healed":0.0,"max_hp_gain":0.0,"max_hp_loss":0.0,"gold_gain":0.0,"event_name":"Purifier","player_choice":"Purged","floor":2.0,"gold_loss":0.0,"damage_taken":0.0},{"damage_healed":0.0,"max_hp_gain":0.0,"max_hp_loss":0.0,"gold_gain":75.0,"event_name":"World of Goop","player_choice":"Gather Gold","floor":7.0,"gold_loss":0.0,"damage_taken":11.0},{"damage_healed":0.0,"max_hp_gain":0.0,"max_hp_loss":0.0,"gold_gain":0.0,"event_name":"Shining Light","player_choice":"Entered Light","floor":12.0,"gold_loss":0.0,"damage_taken":18.0,"cards_upgraded":["Defend_R","Defend_R"]},{"damage_healed":0.0,"max_hp_gain":5.0,"max_hp_loss":0.0,"gold_gain":0.0,"event_name":"Forgotten Altar","player_choice":"Shed Blood","floor":20.0,"gold_loss":0.0,"damage_taken":23.0},{"damage_healed":0.0,"max_hp_gain":0.0,"max_hp_loss":0.0,"gold_gain":0.0,"event_name":"The Mausoleum","player_choice":"Opened","floor":21.0,"gold_loss":0.0,"damage_taken":0.0,"relics_obtained":["Omamori"]},{"damage_healed":0.0,"max_hp_gain":0.0,"max_hp_loss":0.0,"gold_gain":99.0,"event_name":"Nest","player_choice":"Stole From Cult","floor":22.0,"gold_loss":0.0,"damage_taken":0.0},{"cards_removed":["Strike_R"],"damage_healed":0.0,"max_hp_gain":0.0,"max_hp_loss":0.0,"gold_gain":0.0,"event_name":"Beggar","player_choice":"Gave Gold","floor":24.0,"gold_loss":75.0,"damage_taken":0.0},{"damage_healed":0,"gold_gain":0,"player_choice":"Max HP","damage_taken":0,"max_hp_gain":0,"max_hp_loss":5,"event_name":"Winding Halls","floor":37,"gold_loss":0},{"damage_healed":0,"gold_gain":0,"player_choice":"Paid","damage_taken":0,"relics_obtained":["Red Mask"],"max_hp_gain":0,"max_hp_loss":0,"event_name":"Tomb of Lord Red Mask","floor":39,"gold_loss":87},{"cards_removed":["Defend_R"],"damage_healed":0,"gold_gain":0,"player_choice":"Offered Basic","damage_taken":0,"max_hp_gain":0,"max_hp_loss":0,"event_name":"Bonfire Elementals","floor":47,"gold_loss":0}],"is_beta":false,"boss_relics":[{"not_picked":["Runic Dome","Astrolabe"],"picked":"Busted Crown"},{"not_picked":["Black Blood","Fusion Hammer"],"picked":"Empty Cage"}],"items_purged_floors":[3,13,36],"is_endless":false,"potions_floor_spawned":[1,4,19,29,35,45,46],"killed_by":"Time Eater","ascension_level":11}}