{"host":"w14xfy17z3c5mpoi","time":1613952807,"event":{"mods":["AchievementEnabler","BaseMod","Minty Spire (QoL Compilation)","Relic Stats"],"gold_per_floor":[110,128,141,159,169,194,194,93,93,93,105,138,150,162,162,262,262,262],"floor_reached":17,"language":"ENG","playtime":1377,"items_purged":["Strike_G"],"score":265,"play_id":"06c38cc3-6614-4ab7-984b-d9c63f828738","local_time":"20210221191327","is_ascension_mode":true,"campfire_choices":[{"floor":10,"key":"REST"},{"floor":15,"key":"REST"}],"circlet_count":0,"master_deck":["AscendersBane","Strike_G","Strike_G","Strike_G","Strike_G","Defend_G","Defend_G","Defend_G","Defend_G","Defend_G","Survivor","Neutralize","Dagger Throw","Bouncing Flask","Terror","Slice","Dagger Throw","Skewer","Bane","Blade Dance","Wraith Form v2","Noxious Fumes","Backstab","Backflip","Adrenaline"],"relics":["Ring of the Snake","NeowsBlessing","InkBottle","Dream Catcher","Toy Ornithopter","HoveringKite"],"acts_visited":["Exordium","TheCity"],"potions_floor_usage":[6,12,13,16,16],"damage_taken":[{"damage":0,"enemies":"2 Louse","floor":1,"turns":1},{"damage":0,"enemies":"Cultist","floor":2,"turns":1},{"damage":0,"enemies":"Jaw Worm","floor":3,"turns":1},{"damage":3,"enemies":"3 Louse","floor":4,"turns":6},{"damage":23,"enemies":"Exordium Wildlife","floor":5,"turns":5},{"damage":23,"enemies":"3 Sentries","floor":6,"turns":9},{"damage":0,"enemies":"Large Slime","floor":11,"turns":5},{"damage":12,"enemies":"Gremlin Nob","floor":12,"turns":3},{"damage":12,"enemies":"Exordium Thugs","floor":13,"turns":5},{"damage":14,"enemies":"3 Louse","floor":14,"turns":3},{"damage":21,"enemies":"The Guardian","floor":16,"turns":9}],"seed_played":"-6861845318536885919","potions_obtained":[{"floor":3,"key":"Poison Potion"},{"floor":5,"key":"SkillPotion"},{"floor":6,"key":"AttackPotion"},{"floor":13,"key":"GamblersBrew"},{"floor":14,"key":"DuplicationPotion"},{"floor":16,"key":"BlessingOfTheForge"}],"is_trial":false,"path_per_floor":["M","M","M","M","M","E","?","$","T","R","M","E","M","M","R","B",null],"character_chosen":"THE_SILENT","items_purchased":["Bane"],"campfire_rested":2,"item_purchase_floors":[8],"current_hp_per_floor":[63,63,63,60,37,14,14,14,14,35,35,23,16,2,23,12,56,56],"gold":262,"neow_bonus":"THREE_ENEMY_KILL","is_daily":false,"chose_seed":false,"campfire_upgraded":0,"win_rate":0.0,"timestamp":1613952807,"path_taken":["M","M","M","M","M","E","?","$","T","R","M","E","M","M","R","BOSS"],"items_purchased_type":["Card"],"build_version":"2020-12-22","purchased_purges":1,"victory":false,"max_hp_per_floor":[70,70,70,70,70,70,70,70,70,70,70,70,70,70,70,70,70,70],"relic_stats":{"Dream Catcher":2,"counters":[11,48],"HoveringKite":[0],"obtain_stats":[{"Dream Catcher":9,"NeowsBlessing":0,"HoveringKite":17,"InkBottle":6,"Toy Ornithopter":12,"Ring of the Snake":0},{"Dream Catcher":6,"NeowsBlessing":0,"HoveringKite":11,"InkBottle":6,"Toy Ornithopter":8,"Ring of the Snake":0},{"Dream Catcher":23,"NeowsBlessing":0,"HoveringKite":48,"InkBottle":23,"Toy Ornithopter":31,"Ring of the Snake":0}],"InkBottle":[7],"Toy Ornithopter":15,"Ring of the Snake":[22]},"card_choices":[{"not_picked":["Deflect","Sucker Punch"],"picked":"Dagger Throw","floor":1},{"not_picked":["Acrobatics","Distraction"],"picked":"Bouncing Flask","floor":2},{"not_picked":["Blade Dance","Distraction"],"picked":"Terror","floor":3},{"not_picked":["Deadly Poison","Masterful Stab"],"picked":"Slice","floor":4},{"not_picked":["Acrobatics","PiercingWail"],"picked":"Dagger Throw","floor":5},{"not_picked":["Dagger Spray","Acrobatics"],"picked":"Skewer","floor":6},{"not_picked":["Cloak And Dagger","Accuracy"],"picked":"Blade Dance","floor":10},{"not_picked":["Heel Hook","Deadly Poison"],"picked":"Wraith Form v2","floor":11},{"not_picked":["Heel Hook","Underhanded Strike"],"picked":"Noxious Fumes","floor":12},{"not_picked":["Dodge and Roll","Infinite Blades","Slice"],"picked":"SKIP","floor":13},{"not_picked":["Dagger Throw","Sucker Punch"],"picked":"Backstab","floor":14},{"not_picked":["Tactician","Prepared"],"picked":"Backflip","floor":15},{"not_picked":["Glass Knife","Die Die Die"],"picked":"Adrenaline","floor":16}],"player_experience":751526,"relics_obtained":[{"floor":6,"key":"InkBottle"},{"floor":9,"key":"Dream Catcher"},{"floor":12,"key":"Toy Ornithopter"}],"event_choices":[{"damage_healed":0,"gold_gain":0,"player_choice":"Bought 0 Potions","damage_taken":0,"max_hp_gain":0,"max_hp_loss":0,"event_name":"The Woman in Blue","floor":7,"gold_loss":0}],"is_beta":false,"boss_relics":[{"not_picked":["Sozu","Busted Crown"],"picked":"HoveringKite"}],"items_purged_floors":[8],"is_endless":false,"potions_floor_spawned":[3,5,6,13,14,16],"ascension_level":11}}