{"host":"h76t8v9egrzqbg0c","time":1613961461,"event":{"mods":["BaseMod","Colored Powertips","Downfall","Minty Spire (QoL Compilation)","StSLib","everything is the same but u backflip on backflip"],"gold_per_floor":[99,110,122,132,132,152,152,152,164,100,100,10,25,45,65,65,65,65],"floor_reached":16,"language":"ENG","playtime":1278,"items_purged":["downfall:Malfunctioning"],"score":94,"play_id":"d93f1f10-28e2-49bf-b6f9-9465244e829f","local_time":"20210221203741","is_ascension_mode":false,"campfire_choices":[{"data":"Slimebound:Split","floor":1,"key":"SMITH"}],"circlet_count":0,"master_deck":["Slimebound:Strike_Slimebound+1","Slimebound:Strike_Slimebound","Slimebound:Strike_Slimebound","Slimebound:Tackle","Slimebound:Defend_Slimebound","Slimebound:Defend_Slimebound","Slimebound:Defend_Slimebound","Slimebound:Defend_Slimebound","Slimebound:Split+1","Slimebound:CorrosiveSpit","Slimebound:HauntingLick","Slimebound:Replication+1","Slimebound:Equalize","Slimebound:Split+1","Slimebound:SplitBruiser","Slimebound:SplitBruiser+1","Slimebound:SplitLeeching","Slimebound:SplitMire","Slimebound:SpikyOuterGoop","Slimebound:SplitAcid","Slimebound:GrowthPunch"],"relics":["Slimebound:AbsorbEndCombat","Juzu Bracelet","Odd Mushroom"],"acts_visited":["Exordium"],"potions_floor_usage":[9,14],"damage_taken":[{"damage":9,"enemies":"2 Louse","floor":2,"turns":3},{"damage":1,"enemies":"Cultist","floor":3,"turns":3},{"damage":15,"enemies":"Small Slimes","floor":4,"turns":3},{"damage":10,"enemies":"downfall:LooterAlt","floor":6,"turns":3},{"damage":12,"enemies":"3 Louse","floor":9,"turns":2},{"damage":5,"enemies":"downfall:FleeingMerchant","floor":10,"turns":4},{"damage":12,"enemies":"downfall:FleeingMerchant","floor":12,"turns":4},{"damage":13,"enemies":"Exordium Wildlife","floor":13,"turns":3},{"damage":7,"enemies":"The Mushroom Lair","floor":14,"turns":3},{"damage":6,"enemies":"Large Slime","floor":15,"turns":4},{"damage":61,"enemies":"WA_ARCHETYPE_RETAIN","floor":16,"turns":7}],"seed_played":"5911185448673205234","potions_obtained":[{"floor":4,"key":"Fire Potion"},{"floor":6,"key":"BlessingOfTheForge"},{"floor":9,"key":"SkillPotion"},{"floor":13,"key":"Swift Potion"},{"floor":14,"key":"Strength Potion"}],"is_trial":false,"path_per_floor":["R","M","M","M","?","M","T","?","M","$","?","$","M","?","M","B"],"character_chosen":"SLIMEBOUND","items_purchased":["Slimebound:SplitMire"],"campfire_rested":0,"item_purchase_floors":[10],"current_hp_per_floor":[71,64,65,52,52,52,52,52,50,57,57,49,40,43,41,0,0,0],"gold":65,"neow_bonus":"TEN_PERCENT_HP_BONUS","is_daily":false,"chose_seed":false,"campfire_upgraded":1,"win_rate":0.0,"timestamp":1613961461,"path_taken":["R","M","M","M","?","M","T","?","M","$","?","$","M","?","M","BOSS"],"items_purchased_type":["Card"],"build_version":"2020-12-22","purchased_purges":1,"victory":false,"max_hp_per_floor":[71,71,71,71,71,71,71,71,71,71,71,71,71,71,71,71,71,71],"card_choices":[{"not_picked":["Slimebound:ComboTackle","Slimebound:ViciousTackle"],"picked":"Slimebound:HauntingLick","floor":2},{"not_picked":["Slimebound:PressTheAttack","Slimebound:Prepare"],"picked":"Slimebound:Replication","floor":3},{"not_picked":["Slimebound:SlimeTap","Slimebound:LeechingTouch"],"picked":"Slimebound:Equalize","floor":4},{"not_picked":["Slimebound:Nibble","Slimebound:Schlurp"],"picked":"Slimebound:SplitBruiser","floor":6},{"not_picked":["Slimebound:TongueLash","Slimebound:RainOfGoop"],"picked":"Slimebound:SplitBruiser","floor":9},{"not_picked":["Slimebound:DisruptingSlam","Slimebound:TongueLash"],"picked":"Slimebound:SplitLeeching","floor":10},{"not_picked":["Slimebound:Equalize","Slimebound:SlimeBrawl","Slimebound:RollThrough"],"picked":"SKIP","floor":12},{"not_picked":["Slimebound:GoopTackle","Slimebound:SlimeSpikes"],"picked":"Slimebound:SpikyOuterGoop","floor":13},{"not_picked":["Slimebound:LeechEnergy","Slimebound:Equalize"],"picked":"Slimebound:SplitAcid","floor":14},{"not_picked":["Slimebound:FinishingTackle","Slimebound:Gluttony"],"picked":"Slimebound:GrowthPunch","floor":15}],"player_experience":114468,"relics_obtained":[{"floor":7,"key":"Juzu Bracelet"},{"floor":14,"key":"Odd Mushroom"}],"event_choices":[{"damage_healed":0,"gold_gain":0,"player_choice":"Fought Mushrooms","damage_taken":0,"max_hp_gain":0,"max_hp_loss":0,"event_name":"Mushrooms","floor":14,"gold_loss":0}],"is_beta":false,"boss_relics":[],"items_purged_floors":[12],"is_endless":false,"potions_floor_spawned":[4,6,9,13,14],"killed_by":"WA_ARCHETYPE_RETAIN","ascension_level":0}}