{"host":"2se5dq1do2gp0x9k","time":1613974180,"event":{"mods":["AchievementEnabler","BaseMod","Block Reminder","Colored Map","Colored Powertips","Minty Spire (QoL Compilation)","Relic Stats","StSLib","SuperFastMode"],"gold_per_floor":[117,128,128,144,69,69,69,69,94,112,132,171,171,187,187,282,282,302,326,351,193,212,212,243,243,243,243,259,293,305,317,329,341,341],"floor_reached":33,"language":"ENG","playtime":1156,"items_purged":["SashWhip"],"score":545,"play_id":"d7e6bb0e-d38e-465d-a1f9-c7407179f89c","local_time":"20210221220940","is_ascension_mode":true,"campfire_choices":[{"data":"Consecrate","floor":6.0,"key":"SMITH"},{"data":"Wallop","floor":8.0,"key":"SMITH"},{"data":"Eruption","floor":15.0,"key":"SMITH"},{"data":"Blasphemy","floor":23.0,"key":"SMITH"},{"floor":25.0,"key":"REST"},{"floor":27.0,"key":"REST"},{"data":"Tantrum","floor":32.0,"key":"SMITH"}],"circlet_count":0,"master_deck":["AscendersBane","Eruption+1","Vigilance","Wallop+1","Consecrate+1","Indignation","CutThroughFate","Meditate","Wireheading","DeusExMachina","Weave","Blasphemy+1","SandsOfTime","Protect","Evaluate","Tantrum+1","Nirvana"],"relics":["PureWater","NeowsBlessing","Omamori","Golden Idol","Centennial Puzzle","Eternal Feather","Pandora\u0027s Box","Ancient Tea Set","Smiling Mask","MawBank","MutagenicStrength","Peace Pipe"],"acts_visited":["Exordium","TheCity"],"potions_floor_usage":[33],"damage_taken":[{"damage":0.0,"enemies":"Small Slimes","floor":1.0,"turns":2.0},{"damage":0.0,"enemies":"2 Louse","floor":2.0,"turns":1.0},{"damage":0.0,"enemies":"Jaw Worm","floor":4.0,"turns":1.0},{"damage":5.0,"enemies":"Exordium Thugs","floor":10.0,"turns":3.0},{"damage":1.0,"enemies":"Red Slaver","floor":11.0,"turns":2.0},{"damage":29.0,"enemies":"3 Sentries","floor":12.0,"turns":6.0},{"damage":0.0,"enemies":"2 Fungi Beasts","floor":14.0,"turns":1.0},{"damage":13.0,"enemies":"Hexaghost","floor":16.0,"turns":7.0},{"damage":21.0,"enemies":"Shell Parasite","floor":18.0,"turns":2.0},{"damage":0.0,"enemies":"Spheric Guardian","floor":19.0,"turns":3.0},{"damage":10.0,"enemies":"Snake Plant","floor":20.0,"turns":3.0},{"damage":0.0,"enemies":"Snecko","floor":22.0,"turns":3.0},{"damage":23.0,"enemies":"Book of Stabbing","floor":24.0,"turns":4.0},{"damage":0.0,"enemies":"Centurion and Healer","floor":28.0,"turns":4.0},{"damage":22.0,"enemies":"Gremlin Leader","floor":29.0,"turns":3.0},{"damage":129,"enemies":"Automaton","floor":33,"turns":6}],"seed_played":"-6342848460750933255","potions_obtained":[{"floor":1.0,"key":"BottledMiracle"},{"floor":2.0,"key":"Dexterity Potion"},{"floor":18.0,"key":"DuplicationPotion"},{"floor":22.0,"key":"SkillPotion"}],"is_trial":false,"path_per_floor":["M","M","?","M","?","R","?","R","T","M","M","E","?","M","R","B",null,"M","M","M","$","M","R","E","R","T","R","M","E","?","?","R","B"],"character_chosen":"WATCHER","items_purchased":["Nirvana"],"campfire_rested":2,"item_purchase_floors":[21],"current_hp_per_floor":[61,61,56,56,56,56,56,56,56,51,50,21,41,41,50,37,56,35,35,25,25,25,34,11,38,38,62,62,40,40,40,49,0,0],"gold":341,"neow_bonus":"THREE_ENEMY_KILL","is_daily":false,"chose_seed":false,"campfire_upgraded":5,"win_rate":0.0,"timestamp":1613974180,"path_taken":["M","M","?","M","?","R","?","R","T","M","M","E","?","M","R","BOSS","M","M","M","$","M","R","E","R","T","R","M","E","?","?","R","BOSS"],"items_purchased_type":["Card"],"build_version":"2020-12-22","purchased_purges":1,"victory":false,"max_hp_per_floor":[68,68,68,68,68,68,62,62,62,62,62,62,62,62,62,62,62,62,62,62,62,62,62,62,62,62,62,62,62,62,62,62,62,62],"relic_stats":{"Peace Pipe":0,"Centennial Puzzle":[29],"counters":[16,51],"Golden Idol":72,"Eternal Feather":45,"Pandora\u0027s Box":["SashWhip","Weave","Blasphemy","SandsOfTime","Protect","Evaluate","Tantrum"],"Smiling Mask":0,"MawBank":48,"obtain_stats":[{"Peace Pipe":31,"Centennial Puzzle":9,"NeowsBlessing":0,"Golden Idol":7,"MutagenicStrength":30,"Eternal Feather":12,"Pandora\u0027s Box":17,"Omamori":3,"PureWater":0,"Ancient Tea Set":24,"Smiling Mask":26,"MawBank":29},{"Peace Pipe":15,"Centennial Puzzle":3,"NeowsBlessing":0,"Golden Idol":3,"MutagenicStrength":15,"Eternal Feather":6,"Pandora\u0027s Box":8,"Omamori":2,"PureWater":0,"Ancient Tea Set":13,"Smiling Mask":13,"MawBank":15},{"Peace Pipe":45,"Centennial Puzzle":4,"NeowsBlessing":0,"Golden Idol":4,"MutagenicStrength":45,"Eternal Feather":15,"Pandora\u0027s Box":23,"Omamori":3,"PureWater":0,"Ancient Tea Set":38,"Smiling Mask":38,"MawBank":45}]},"card_choices":[{"not_picked":["SignatureMove","WheelKick"],"picked":"Wallop","floor":1.0},{"not_picked":["EmptyBody","FlyingSleeves"],"picked":"Consecrate","floor":2.0},{"not_picked":["JustLucky","ThirdEye"],"picked":"Indignation","floor":4.0},{"not_picked":["Crescendo","Protect","Study"],"picked":"SKIP","floor":10.0},{"not_picked":["FollowUp","Indignation"],"picked":"CutThroughFate","floor":11.0},{"not_picked":["DeusExMachina","Crescendo"],"picked":"Meditate","floor":12.0},{"not_picked":["Evaluate","Worship"],"picked":"Wireheading","floor":14.0},{"not_picked":["Judgement","Ragnarok"],"picked":"DeusExMachina","floor":16.0},{"not_picked":["Crescendo","SashWhip","CarveReality+1"],"picked":"SKIP","floor":18.0},{"not_picked":["BattleHymn","FlyingSleeves+1","FollowUp"],"picked":"SKIP","floor":19.0},{"not_picked":["FlyingSleeves","Blasphemy","JustLucky"],"picked":"SKIP","floor":20.0},{"not_picked":["FlyingSleeves","ClearTheMind","FollowUp"],"picked":"SKIP","floor":22.0},{"not_picked":["ReachHeaven","Blasphemy","MentalFortress"],"picked":"SKIP","floor":24.0},{"not_picked":["Perseverance","LikeWater","FlurryOfBlows"],"picked":"SKIP","floor":28.0},{"not_picked":["MentalFortress","FearNoEvil","CarveReality"],"picked":"SKIP","floor":29.0}],"player_experience":4114466,"relics_obtained":[{"floor":9.0,"key":"Centennial Puzzle"},{"floor":12.0,"key":"Eternal Feather"},{"floor":24.0,"key":"Ancient Tea Set"},{"floor":26.0,"key":"Smiling Mask"},{"floor":29.0,"key":"MawBank"}],"event_choices":[{"damage_healed":0.0,"max_hp_gain":0.0,"max_hp_loss":0.0,"gold_gain":0.0,"event_name":"Scrap Ooze","player_choice":"Success","floor":3.0,"gold_loss":0.0,"damage_taken":5.0,"relics_obtained":["Omamori"]},{"cards_removed":["Defend_P"],"damage_healed":0.0,"max_hp_gain":0.0,"max_hp_loss":0.0,"gold_gain":0.0,"event_name":"The Cleric","player_choice":"Card Removal","floor":5.0,"gold_loss":75.0,"damage_taken":0.0},{"damage_healed":0.0,"max_hp_gain":0.0,"max_hp_loss":6.0,"gold_gain":0.0,"event_name":"Golden Idol","player_choice":"Lose Max HP","floor":7.0,"gold_loss":0.0,"damage_taken":0.0,"relics_obtained":["Golden Idol"]},{"damage_healed":20.0,"max_hp_gain":0.0,"max_hp_loss":0.0,"gold_gain":0.0,"event_name":"Big Fish","player_choice":"Banana","floor":13.0,"gold_loss":0.0,"damage_taken":0.0},{"damage_healed":0.0,"max_hp_gain":0.0,"max_hp_loss":0.0,"gold_gain":0.0,"event_name":"Drug Dealer","player_choice":"Inject Mutagens","floor":30.0,"gold_loss":0.0,"damage_taken":0.0,"relics_obtained":["MutagenicStrength"]},{"damage_healed":0.0,"max_hp_gain":0.0,"max_hp_loss":0.0,"gold_gain":0.0,"event_name":"WeMeetAgain","player_choice":"Gave Potion","floor":31.0,"gold_loss":0.0,"damage_taken":0.0,"relics_obtained":["Peace Pipe"]}],"is_beta":false,"boss_relics":[{"not_picked":["Runic Dome","Busted Crown"],"picked":"Pandora\u0027s Box"}],"items_purged_floors":[21],"is_endless":false,"potions_floor_spawned":[1,2,12,18,22],"killed_by":"Automaton","ascension_level":18}}