{"host":"f5gffvlv6a66yqkd","time":1613982294,"event":{"mods":["2.2 Compatiblity","BaseMod","Colored Map","Custom Start","DeckTracker","Keyboard Shortcuts","Minty Spire (QoL Compilation)","Permanent Neow","Quick Restart","Relic Stats","StSLib","SuperFastMode"],"gold_per_floor":[115,58,58,76,94,94,109,109,188,188,202,231,231,251,251,251,251],"floor_reached":16,"language":"KOR","playtime":260,"items_purged":[],"score":204,"play_id":"cfae9f5e-a221-42a7-8f20-b71bf9a615ce","local_time":"20210222172454","is_ascension_mode":true,"campfire_choices":[{"data":"Recycle","floor":6.0,"key":"SMITH"},{"data":"Dualcast","floor":10.0,"key":"SMITH"},{"floor":13.0,"key":"REST"},{"data":"Darkness","floor":15.0,"key":"SMITH"}],"circlet_count":0,"master_deck":["AscendersBane","Strike_B+1","Strike_B+1","Strike_B","Defend_B","Defend_B","Defend_B","Defend_B","Zap","Dualcast+1","Streamline+1","Cold Snap","Reboot","Capacitor","Recycle+1","Ball Lightning","Darkness+1","Seek"],"relics":["Cracked Core","Whetstone","InkBottle","Bronze Scales"],"acts_visited":["Exordium"],"potions_floor_usage":[16,16],"damage_taken":[{"damage":0.0,"enemies":"2 Louse","floor":1.0,"turns":2.0},{"damage":0.0,"enemies":"Jaw Worm","floor":4.0,"turns":3.0},{"damage":0.0,"enemies":"Cultist","floor":5.0,"turns":3.0},{"damage":11.0,"enemies":"2 Fungi Beasts","floor":7.0,"turns":3.0},{"damage":14.0,"enemies":"Exordium Wildlife","floor":11.0,"turns":4.0},{"damage":27.0,"enemies":"Gremlin Nob","floor":12.0,"turns":4.0},{"damage":4.0,"enemies":"Red Slaver","floor":14.0,"turns":3.0},{"damage":34,"enemies":"Slime Boss","floor":16,"turns":6}],"seed_played":"-4171273721741983162","potions_obtained":[{"floor":7.0,"key":"Ancient Potion"},{"floor":11.0,"key":"FocusPotion"},{"floor":14.0,"key":"BlessingOfTheForge"}],"is_trial":false,"path_per_floor":["M","$","?","M","M","R","M","?","T","R","M","E","R","M","R","B"],"character_chosen":"DEFECT","items_purchased":["Cold Snap"],"campfire_rested":1,"item_purchase_floors":[2],"current_hp_per_floor":[64,64,64,64,64,64,53,53,53,53,39,12,33,29,29,0,0],"gold":251,"neow_bonus":"RANDOM_COMMON_RELIC","is_daily":false,"chose_seed":false,"campfire_upgraded":3,"win_rate":0.0,"timestamp":1613982294,"path_taken":["M","$","?","M","M","R","M","?","T","R","M","E","R","M","R","BOSS"],"items_purchased_type":["Card"],"build_version":"2020-12-22","purchased_purges":0,"victory":false,"max_hp_per_floor":[71,71,71,71,71,71,71,71,71,71,71,71,71,71,71,71,71],"relic_stats":{"counters":[8,28],"Bronze Scales":[12],"Whetstone":["Strike_B","Strike_B"],"obtain_stats":[{"Bronze Scales":12,"Whetstone":0,"Cracked Core":0,"InkBottle":9},{"Bronze Scales":6,"Whetstone":0,"Cracked Core":0,"InkBottle":4},{"Bronze Scales":19,"Whetstone":0,"Cracked Core":0,"InkBottle":11}],"InkBottle":[5]},"card_choices":[{"not_picked":["Turbo","Coolheaded"],"picked":"Streamline","floor":1.0},{"not_picked":["Reprogram","Leap"],"picked":"Capacitor","floor":4.0},{"not_picked":["Reinforced Body","Redo"],"picked":"Recycle","floor":5.0},{"not_picked":["Leap","Compile Driver"],"picked":"Ball Lightning","floor":7.0},{"not_picked":["Stack","Compile Driver"],"picked":"Darkness","floor":11.0},{"not_picked":["Scrape","Fusion"],"picked":"Seek","floor":12.0},{"not_picked":["Gash","Hologram","Barrage"],"picked":"SKIP","floor":14.0}],"player_experience":1547582,"relics_obtained":[{"floor":9.0,"key":"InkBottle"},{"floor":12.0,"key":"Bronze Scales"}],"event_choices":[{"damage_healed":0.0,"max_hp_gain":0.0,"max_hp_loss":0.0,"gold_gain":0.0,"cards_transformed":["Strike_B"],"event_name":"Living Wall","player_choice":"Change","floor":3.0,"gold_loss":0.0,"damage_taken":0.0,"cards_obtained":["Reboot"]},{"damage_healed":0.0,"max_hp_gain":0.0,"max_hp_loss":0.0,"gold_gain":0.0,"event_name":"Upgrade Shrine","player_choice":"Upgraded","floor":8.0,"gold_loss":0.0,"damage_taken":0.0,"cards_upgraded":["Streamline"]}],"is_beta":false,"boss_relics":[],"items_purged_floors":[],"is_endless":false,"potions_floor_spawned":[7,11,14],"killed_by":"Slime Boss","ascension_level":20}}