{"host":"f5gffvlv6a66yqkd","time":1613985064,"event":{"mods":["2.2 Compatiblity","BaseMod","Colored Map","Custom Start","DeckTracker","Keyboard Shortcuts","Minty Spire (QoL Compilation)","Permanent Neow","Quick Restart","Relic Stats","StSLib","SuperFastMode"],"gold_per_floor":[115,115,115,125,125,125,181,181,181,181,71,83,101,127,127,199,249,267,286,286,286,1,1,1,1,52,96,76,76,96,19,19,99,99,119,135,135,135],"floor_reached":37,"language":"KOR","playtime":890,"items_purged":[],"score":766,"play_id":"4f019b04-864f-4611-981b-4047dfbf7ab5","local_time":"20210222181104","is_ascension_mode":true,"campfire_choices":[{"data":"Dualcast","floor":6.0,"key":"SMITH"},{"data":"Streamline","floor":8.0,"key":"SMITH"},{"data":"Undo","floor":10.0,"key":"SMITH"},{"data":"Beam Cell","floor":15.0,"key":"SMITH"},{"data":"Defragment","floor":23,"key":"SMITH"},{"floor":25,"key":"REST"},{"floor":29,"key":"REST"},{"data":"Darkness","floor":32,"key":"SMITH"}],"circlet_count":0,"master_deck":["AscendersBane","Strike_B+1","Strike_B+1","Strike_B+1","Strike_B+1","Defend_B+1","Defend_B+1","Defend_B+1","Defend_B+1","Zap+1","Dualcast+1","Undo+1","Core Surge","Streamline+1","Beam Cell+1","Coolheaded+1","Self Repair","Chill","Hyperbeam","Fusion","Turbo","Defragment+1","Electrodynamics","Darkness+1","Echo Form","Glacier"],"relics":["Cracked Core","Centennial Puzzle","HornCleat","Kunai","Gambling Chip","Tiny House","Mummified Hand","Enchiridion","CeramicFish","Bronze Scales","Inserter"],"acts_visited":["Exordium","TheCity","TheBeyond"],"potions_floor_usage":[18,33],"damage_taken":[{"damage":0.0,"enemies":"Cultist","floor":1.0,"turns":4.0},{"damage":0.0,"enemies":"2 Louse","floor":4.0,"turns":3.0},{"damage":10.0,"enemies":"Lagavulin Event","floor":7.0,"turns":6.0},{"damage":0.0,"enemies":"Jaw Worm","floor":12.0,"turns":1.0},{"damage":0.0,"enemies":"3 Louse","floor":13.0,"turns":3.0},{"damage":8.0,"enemies":"3 Sentries","floor":14.0,"turns":9.0},{"damage":13.0,"enemies":"The Guardian","floor":16.0,"turns":13.0},{"damage":11,"enemies":"2 Thieves","floor":18,"turns":3},{"damage":27,"enemies":"3 Byrds","floor":19,"turns":7},{"damage":39,"enemies":"Gremlin Leader","floor":27,"turns":12},{"damage":0,"enemies":"Cultist and Chosen","floor":30,"turns":3},{"damage":65,"enemies":"Collector","floor":33,"turns":9},{"damage":28,"enemies":"Orb Walker","floor":35,"turns":4},{"damage":10,"enemies":"3 Darklings","floor":36,"turns":3},{"damage":40,"enemies":"Maw","floor":37,"turns":8}],"seed_played":"1798109942969102151","potions_obtained":[{"floor":1.0,"key":"FairyPotion"},{"floor":4.0,"key":"Swift Potion"},{"floor":16.0,"key":"Fire Potion"},{"floor":19,"key":"SpeedPotion"},{"floor":30,"key":"AttackPotion"},{"floor":36,"key":"LiquidMemories"}],"is_trial":false,"path_per_floor":["M","?","?","M","T","R","?","R","T","R","$","M","M","E","R","B",null,"M","M","?","?","$","R","?","R","T","E","?","R","M","$","R","B",null,"M","M","M"],"character_chosen":"DEFECT","items_purchased":["Beam Cell","Coolheaded","Mummified Hand","Darkness"],"campfire_rested":2,"item_purchase_floors":[11,11,22,31],"current_hp_per_floor":[64,69,46,46,46,46,36,36,36,36,36,36,36,35,35,29,69,65,45,45,45,45,45,24,48,48,16,16,40,40,40,40,12,64,43,40,0,0],"gold":135,"neow_bonus":"RANDOM_COMMON_RELIC","is_daily":false,"chose_seed":false,"campfire_upgraded":6,"win_rate":0.0,"timestamp":1613985064,"path_taken":["M","?","?","M","?","R","?","R","T","R","?","M","M","E","R","BOSS","M","M","?","?","$","R","?","R","T","E","?","R","?","$","R","BOSS","M","M","M"],"items_purchased_type":["Card","Card","Relic","Card"],"build_version":"2020-12-22","purchased_purges":0,"victory":false,"max_hp_per_floor":[71,76,76,76,76,76,76,76,76,76,76,76,76,76,76,76,81,81,81,81,81,81,81,81,81,81,81,81,81,81,81,81,81,81,81,81,81,81],"relic_stats":{"Centennial Puzzle":[30],"Inserter":[7],"counters":[15,88],"Mummified Hand":[30],"Gambling Chip":[24],"CeramicFish":36,"Bronze Scales":[69],"Kunai":[15],"obtain_stats":[{"Centennial Puzzle":0,"HornCleat":7,"Tiny House":17,"Inserter":34,"Mummified Hand":22,"Gambling Chip":14,"CeramicFish":26,"Bronze Scales":27,"Enchiridion":24,"Kunai":9,"Cracked Core":0},{"Centennial Puzzle":0,"HornCleat":3,"Tiny House":7,"Inserter":12,"Mummified Hand":9,"Gambling Chip":6,"CeramicFish":9,"Bronze Scales":10,"Enchiridion":9,"Kunai":3,"Cracked Core":0},{"Centennial Puzzle":0,"HornCleat":13,"Tiny House":39,"Inserter":73,"Mummified Hand":49,"Gambling Chip":26,"CeramicFish":49,"Bronze Scales":61,"Enchiridion":49,"Kunai":13,"Cracked Core":0}]},"card_choices":[{"not_picked":["Darkness","Ball Lightning"],"picked":"Undo","floor":1.0},{"not_picked":["Redo","Turbo"],"picked":"Core Surge","floor":4.0},{"not_picked":["Double Energy","Stack"],"picked":"Streamline","floor":7.0},{"not_picked":["Leap","Steam","Consume"],"picked":"SKIP","floor":12.0},{"not_picked":["Sweeping Beam","Coolheaded"],"picked":"Self Repair","floor":13.0},{"not_picked":["Consume","Barrage"],"picked":"Chill","floor":14.0},{"not_picked":["Machine Learning","Biased Cognition"],"picked":"Hyperbeam","floor":16.0},{"not_picked":["Auto Shields","Redo"],"picked":"Fusion","floor":17.0},{"not_picked":["Cold Snap","Auto Shields","Streamline"],"picked":"SKIP","floor":18},{"not_picked":["Coolheaded","Hologram"],"picked":"Turbo","floor":19},{"not_picked":["Auto Shields+1","BootSequence"],"picked":"Electrodynamics","floor":27},{"not_picked":["Beam Cell","Barrage","Redo+1"],"picked":"SKIP","floor":30},{"not_picked":["Machine Learning","Creative AI"],"picked":"Echo Form","floor":33},{"not_picked":["Cold Snap+1","Gash"],"picked":"Glacier","floor":35},{"not_picked":["Cold Snap","Conserve Battery","Auto Shields"],"picked":"SKIP","floor":36}],"player_experience":1551951,"relics_obtained":[{"floor":7.0,"key":"HornCleat"},{"floor":9.0,"key":"Kunai"},{"floor":14.0,"key":"Gambling Chip"},{"floor":24,"key":"Enchiridion"},{"floor":26,"key":"CeramicFish"},{"floor":27,"key":"Bronze Scales"}],"event_choices":[{"damage_healed":0.0,"max_hp_gain":5.0,"max_hp_loss":0.0,"gold_gain":0.0,"event_name":"Big Fish","player_choice":"Donut","floor":2.0,"gold_loss":0.0,"damage_taken":0.0},{"damage_healed":0.0,"max_hp_gain":0.0,"max_hp_loss":0.0,"gold_gain":0.0,"event_name":"Shining Light","player_choice":"Entered Light","floor":3.0,"gold_loss":0.0,"damage_taken":23.0,"cards_upgraded":["Zap","Strike_B"]},{"damage_healed":0.0,"max_hp_gain":0.0,"max_hp_loss":0.0,"gold_gain":0.0,"event_name":"Dead Adventurer","player_choice":"Searched \u00271\u0027 times","floor":7.0,"gold_loss":0.0,"damage_taken":0.0},{"damage_healed":0,"gold_gain":0,"player_choice":"Read","damage_taken":0,"max_hp_gain":0,"max_hp_loss":0,"event_name":"The Library","floor":20,"gold_loss":0,"cards_obtained":["Defragment"]},{"damage_healed":0,"gold_gain":0,"player_choice":"Simplicity","damage_taken":0,"max_hp_gain":0,"max_hp_loss":0,"event_name":"Back to Basics","floor":21,"gold_loss":0,"cards_upgraded":["Strike_B","Strike_B","Strike_B","Defend_B","Defend_B","Defend_B","Defend_B"]},{"damage_healed":0,"gold_gain":0,"player_choice":"Obtained Book","damage_taken":21,"max_hp_gain":0,"max_hp_loss":0,"event_name":"Cursed Tome","floor":24,"gold_loss":0},{"damage_healed":0,"gold_gain":0,"player_choice":"Bought 1 Potion","damage_taken":0,"max_hp_gain":0,"max_hp_loss":0,"event_name":"The Woman in Blue","floor":28,"gold_loss":0}],"is_beta":false,"boss_relics":[{"not_picked":["Black Star","Empty Cage"],"picked":"Tiny House"},{"not_picked":["Runic Dome","SlaversCollar"],"picked":"Inserter"}],"items_purged_floors":[],"is_endless":false,"potions_floor_spawned":[1,4,14,16,19,27,30,36],"killed_by":"Maw","ascension_level":20}}