{"host":"8z0h4areh8sio1k0","time":1613971178,"event":{"mods":["10 clothes from DAL","Act Like it!","Aspiration","BaseMod","Colored Map","Conspire","Crowbot","Hubris","Library of Ruina Extra","Mimic Mod","Minty Spire (QoL Compilation)","Replay The Spire","Ring Of Destiny","StSLib","TestMod","The Blue Laboratory","The Fake Hero","The Hierophant","[Fun]BeWhatYouAte","【功能Mod】精心准备","【遗物Mod】死灵法师NEW"],"gold_per_floor":[117,132,132,132,132,162,162,206,249,249,281,281,56,56,56,176,176,197,213,245,27,77,153,153,189,216,368,419,419,482,519,519,633,633,658,658,711,749,779,779,833,833,905,956,59,87,87,116,116,134,134],"floor_reached":50,"language":"ZHS","playtime":2472,"items_purged":["RingOfDestiny:Strike_SF"],"score":514,"play_id":"c0c7d848-16a4-4bad-80b1-201da77d1a31","local_time":"20210222131938","is_ascension_mode":false,"campfire_choices":[{"data":"RingOfDestiny:ShadowCard","floor":7.0,"key":"SMITH"},{"data":"RingOfDestiny:FallenFlower","floor":12.0,"key":"SMITH"},{"data":"RingOfDestiny:EthMudra","floor":15.0,"key":"SMITH"},{"data":"RingOfDestiny:MetalRelease","floor":24.0,"key":"SMITH"},{"floor":29.0,"key":"REST"},{"floor":32.0,"key":"REST"},{"floor":40.0,"key":"REST"},{"data":"RingOfDestiny:BottlePoison","floor":42.0,"key":"SMITH"},{"data":"RingOfDestiny:Belt","floor":47,"key":"SMITH"},{"data":"RingOfDestiny:ShadowBlossom","floor":49,"key":"SMITH"}],"circlet_count":0,"master_deck":["RingOfDestiny:Defend_SF","RingOfDestiny:Defend_SF","RingOfDestiny:Defend_SF","RingOfDestiny:Strike_SF","RingOfDestiny:ShadowCard+1","RingOfDestiny:PoisonedShiv","RingOfDestiny:FallenFlower+1","RingOfDestiny:RattanBeetle","RingOfDestiny:EthMudra+1","RingOfDestiny:Stealth","RingOfDestiny:HexaMudra","RingOfDestiny:ShadowBlossom+1","RingOfDestiny:FireRelease","RingOfDestiny:Spur","RingOfDestiny:Belt+1","RingOfDestiny:WoodRelease","RingOfDestiny:FrozenDark","RingOfDestiny:MetalRelease+1","RingOfDestiny:BottlePoison+1","RingOfDestiny:MetalRelease","RingOfDestiny:WorldOfFloweringTree","RingOfDestiny:DarkLight+1","RingOfDestiny:EthMudra","RingOfDestiny:Conspiracy+1"],"relics":["testmod-TestBox","testmod-FatalChain","NeowsBlessing","testmod-EqualTreatment","Replay:Bandana","Ancient Tea Set","aspiration:AnachronicSnailShell","Bronze Scales","hubris:Stopwatch","NeowsBlessing","Red Mask","Lantern","Snack Pack","conspire:GiftBox","StrikeDummy","Simple Rune","Ring of Chaos","Replay:Mystery Machine","Bottled Lightning","aspiration:KaomsHeart"],"acts_visited":["Exordium","RingOfDestiny:IdeologyCorridor","TheBeyond"],"potions_floor_usage":[50,50],"damage_taken":[{"damage":0.0,"enemies":"Small Slimes","floor":1.0,"turns":1.0},{"damage":0.0,"enemies":"Cultist","floor":2.0,"turns":1.0},{"damage":0.0,"enemies":"RingOfDestiny:TalkingChest","floor":6.0,"turns":1.0},{"damage":13.0,"enemies":"Red Slaver","floor":8.0,"turns":2.0},{"damage":3.0,"enemies":"Exordium Thugs","floor":9.0,"turns":6.0},{"damage":6.0,"enemies":"Exordium Thugs","floor":11.0,"turns":3.0},{"damage":19.0,"enemies":"The Guardian","floor":16.0,"turns":5.0},{"damage":0.0,"enemies":"2 Thieves","floor":18.0,"turns":1.0},{"damage":0.0,"enemies":"Chosen","floor":19.0,"turns":1.0},{"damage":0.0,"enemies":"Masked Bandits","floor":20.0,"turns":1.0},{"damage":25.0,"enemies":"Sentry and Sphere","floor":22.0,"turns":4.0},{"damage":26.0,"enemies":"Slavers","floor":23.0,"turns":4.0},{"damage":15.0,"enemies":"Centurion and Healer","floor":25.0,"turns":2.0},{"damage":10.0,"enemies":"Colosseum Slavers","floor":27.0,"turns":2.0},{"damage":6.0,"enemies":"Colosseum Nobs","floor":27.0,"turns":3.0},{"damage":13.0,"enemies":"Shelled Parasite and Fungi","floor":28.0,"turns":3.0},{"damage":4.0,"enemies":"Gremlin Leader","floor":30.0,"turns":4.0},{"damage":3.0,"enemies":"3 Cultists","floor":31.0,"turns":3.0},{"damage":46.0,"enemies":"Collector","floor":33.0,"turns":7.0},{"damage":6.0,"enemies":"Orb Walker","floor":35.0,"turns":4.0},{"damage":41.0,"enemies":"3 Shapes","floor":37.0,"turns":3.0},{"damage":0.0,"enemies":"Transient","floor":38.0,"turns":5.0},{"damage":0.0,"enemies":"4 Shapes","floor":39.0,"turns":1.0},{"damage":17.0,"enemies":"R_Hoarder","floor":41.0,"turns":7.0},{"damage":15.0,"enemies":"Sphere and 2 Shapes","floor":44.0,"turns":3.0},{"damage":0,"enemies":"Transient","floor":46,"turns":5},{"damage":0,"enemies":"Spire Growth","floor":48,"turns":3},{"damage":102,"enemies":"Time Eater","floor":50,"turns":8}],"seed_played":"6309372223662439264","potions_obtained":[{"floor":2.0,"key":"Swift Potion"},{"floor":6.0,"key":"Explosive Potion"},{"floor":11.0,"key":"blueLaboratory:BubblePotion"},{"floor":23.0,"key":"Strength Potion"},{"floor":30.0,"key":"BlessingOfTheForge"},{"floor":33.0,"key":"Explosive Potion"},{"floor":35.0,"key":"LifebloodPotion"}],"is_trial":false,"path_per_floor":["M","M","?","?","?","E","R","M","MIM","T","M","R","$","?","R","B",null,"M","M","?","$","M","E","R","M","T","?","M","R","E","M","R","B",null,"M","?","M","M","M","R","E","R","T","M","$","M","R","M","R","B"],"character_chosen":"ShadowFlower","items_purchased":["RingOfDestiny:Belt","Bronze Scales","Lantern","aspiration:KaomsHeart"],"campfire_rested":3,"item_purchase_floors":[13,13,21,45],"current_hp_per_floor":[86,86,86,78,78,78,78,65,62,62,56,56,56,56,56,37,86,86,86,86,86,61,35,35,22,22,10,1,26,24,21,46,2,86,80,80,39,41,41,66,51,51,51,36,136,136,136,136,136,36,36],"gold":134,"neow_bonus":"THREE_ENEMY_KILL","is_daily":false,"chose_seed":false,"campfire_upgraded":7,"win_rate":0.0,"timestamp":1613971178,"path_taken":["M","M","?","?","?","E","R","?","MIM","?","M","R","$","?","R","BOSS","M","M","?","$","M","E","R","M","T","?","M","R","E","M","R","BOSS","M","?","M","M","M","R","E","R","T","M","$","M","R","?","R","BOSS"],"items_purchased_type":["Card","Relic","Relic","Relic"],"build_version":"2020-12-22","purchased_purges":1,"victory":false,"max_hp_per_floor":[86,86,86,86,86,86,86,86,86,86,86,86,86,86,86,86,86,86,86,86,86,86,86,86,86,86,86,86,86,86,86,86,86,86,86,86,86,86,86,86,86,86,86,86,186,186,186,186,186,186,186],"card_choices":[{"not_picked":["RingOfDestiny:Ridicule","RingOfDestiny:Spur"],"picked":"RingOfDestiny:EthMudra","floor":1.0},{"not_picked":["RingOfDestiny:ShadowRose","RingOfDestiny:Servicing"],"picked":"RingOfDestiny:Stealth","floor":2.0},{"not_picked":["RingOfDestiny:FallenFlower","RingOfDestiny:UndecMudra"],"picked":"RingOfDestiny:ShadowBlossom","floor":6.0},{"not_picked":["RingOfDestiny:EarthRelease","RingOfDestiny:HeptMudra"],"picked":"RingOfDestiny:FireRelease","floor":8.0},{"not_picked":["RingOfDestiny:ButaMudra","RingOfDestiny:ShadowRose"],"picked":"RingOfDestiny:Spur","floor":9.0},{"not_picked":["RingOfDestiny:OctMudra","RingOfDestiny:Spur","RingOfDestiny:Agile"],"picked":"SKIP","floor":11.0},{"not_picked":["RingOfDestiny:ShadowCorrosion","RingOfDestiny:HexaMudra"],"picked":"RingOfDestiny:WoodRelease","floor":18.0},{"not_picked":["RingOfDestiny:FlashOfSlash","RingOfDestiny:DeadlyArts"],"picked":"RingOfDestiny:GasBomb","floor":19.0},{"not_picked":["RingOfDestiny:ShadowPortal","RingOfDestiny:HexaMudra"],"picked":"RingOfDestiny:FrozenDark","floor":20.0},{"not_picked":["RingOfDestiny:ShadowRose+1","RingOfDestiny:OctMudra","RingOfDestiny:WaterRelease+1"],"picked":"SKIP","floor":22.0},{"not_picked":["RingOfDestiny:Servicing","RingOfDestiny:Agile"],"picked":"RingOfDestiny:MetalRelease","floor":23.0},{"not_picked":["RingOfDestiny:ButaMudra","RingOfDestiny:ShadowStab+1","RingOfDestiny:StaminaBook+1"],"picked":"SKIP","floor":25.0},{"not_picked":["RingOfDestiny:NinjutsuScroll","RingOfDestiny:ForbiddenArts"],"picked":"RingOfDestiny:BottlePoison","floor":27.0},{"not_picked":["RingOfDestiny:WoodRelease","RingOfDestiny:ShadowBlossom"],"picked":"RingOfDestiny:MetalRelease","floor":27.0},{"not_picked":["RingOfDestiny:ShadowStab","RingOfDestiny:KunaiSpray","RingOfDestiny:SneakAttack"],"picked":"SKIP","floor":28.0},{"not_picked":["RingOfDestiny:KunaiSpray+1","RingOfDestiny:ShurikenFlip","RingOfDestiny:WoodRelease"],"picked":"SKIP","floor":30.0},{"not_picked":["RingOfDestiny:KunaiSpray+1","RingOfDestiny:ShadowBlossom","RingOfDestiny:GasBomb"],"picked":"SKIP","floor":31.0},{"not_picked":["RingOfDestiny:MethMudra","RingOfDestiny:InfectMark"],"picked":"RingOfDestiny:WorldOfFloweringTree","floor":33.0},{"not_picked":["RingOfDestiny:UndecMudra","RingOfDestiny:FrozenDark+1"],"picked":"RingOfDestiny:DarkLight+1","floor":35.0},{"not_picked":["RingOfDestiny:ShadowStab","RingOfDestiny:WoodRelease","RingOfDestiny:Conspiracy"],"picked":"SKIP","floor":37.0},{"not_picked":["RingOfDestiny:ButaMudra","RingOfDestiny:FrozenDark","RingOfDestiny:EarthRelease"],"picked":"SKIP","floor":38.0},{"not_picked":["RingOfDestiny:OctMudra","RingOfDestiny:DecaMudra"],"picked":"RingOfDestiny:Conspiracy+1","floor":39.0},{"not_picked":["RingOfDestiny:DarkLight","RingOfDestiny:FrozenDark","RingOfDestiny:DeadlyShadow+1"],"picked":"SKIP","floor":41.0},{"not_picked":["RingOfDestiny:WaterRelease","RingOfDestiny:Servicing","RingOfDestiny:PoisonedShiv"],"picked":"SKIP","floor":44.0},{"not_picked":["RingOfDestiny:WorldOfFloweringTree","RingOfDestiny:Agile","RingOfDestiny:Belt"],"picked":"SKIP","floor":46},{"not_picked":["RingOfDestiny:FrozenDark","RingOfDestiny:HexaMudra","RingOfDestiny:Premeditate"],"picked":"SKIP","floor":48}],"player_experience":607001,"relics_obtained":[{"floor":6.0,"key":"Replay:Bandana"},{"floor":9.0,"key":"Ancient Tea Set"},{"floor":10.0,"key":"aspiration:AnachronicSnailShell"},{"floor":20.0,"key":"Red Mask"},{"floor":23.0,"key":"Snack Pack"},{"floor":27.0,"key":"conspire:GiftBox"},{"floor":27.0,"key":"StrikeDummy"},{"floor":30.0,"key":"Simple Rune"},{"floor":41.0,"key":"Replay:Mystery Machine"},{"floor":43.0,"key":"Bottled Lightning"}],"event_choices":[{"damage_healed":0.0,"max_hp_gain":0.0,"max_hp_loss":0.0,"gold_gain":0.0,"cards_transformed":["RingOfDestiny:Strike_SF"],"event_name":"Living Wall","player_choice":"Change","floor":3.0,"gold_loss":0.0,"damage_taken":0.0,"cards_obtained":["RingOfDestiny:HexaMudra"]},{"damage_healed":0.0,"max_hp_gain":0.0,"max_hp_loss":0.0,"gold_gain":0.0,"event_name":"恩洛斯的盘子","player_choice":"Ignored","floor":4.0,"gold_loss":0.0,"damage_taken":8.0},{"damage_healed":0.0,"max_hp_gain":0.0,"max_hp_loss":0.0,"gold_gain":0.0,"event_name":"Masked Bandits","player_choice":"Fought Bandits","floor":20.0,"gold_loss":0.0,"damage_taken":0.0},{"damage_healed":0.0,"max_hp_gain":0.0,"max_hp_loss":0.0,"gold_gain":0.0,"event_name":"Colosseum","player_choice":"Fight","floor":27.0,"gold_loss":0.0,"damage_taken":0.0},{"damage_healed":0.0,"max_hp_gain":0.0,"max_hp_loss":0.0,"gold_gain":0.0,"event_name":"Colosseum","player_choice":"Fought Nobs","floor":27.0,"gold_loss":0.0,"damage_taken":0.0},{"damage_healed":0.0,"max_hp_gain":0.0,"max_hp_loss":0.0,"gold_gain":0.0,"cards_transformed":["RingOfDestiny:GasBomb"],"event_name":"Transmorgrifier","player_choice":"Transformed","floor":36.0,"gold_loss":0.0,"damage_taken":0.0,"cards_obtained":["RingOfDestiny:EthMudra"]}],"is_beta":false,"boss_relics":[{"not_picked":["testmod-GoldenSoul","Pandora\u0027s Box"],"picked":"hubris:Stopwatch"},{"not_picked":["DALC_TEN","hubris:TerracottaHorce"],"picked":"Ring of Chaos"}],"items_purged_floors":[21],"is_endless":false,"potions_floor_spawned":[2,6,11,19,23,27,30,33,35,37,44],"killed_by":"Time Eater","ascension_level":0}}