{"host":"tuvyjqp461ike1dm","time":1613968082,"event":{"mods":["Act Like it!","Arknights","BaseMod","Infinite Spire","Minty Spire (QoL Compilation)","Replay The Spire","Spire Arcade","StSLib","Wandering Minibosses"],"gold_per_floor":[115,128,14,36,49,78,106,124,151,169,42,42,67,82,82,178,178,163,192,217,229,261,273,285,297,335,363,390,156,172,207,257,375,375,419,468,468,364,407,407,468,468,468,468,514,562,562,611,611,611],"floor_reached":51,"language":"ENG","playtime":4899,"items_purged":["ats:Strike C","ats:Strike V","ats:Strike S"],"score":746,"play_id":"c418a23a-f3b7-48e3-b130-28ef2925c467","local_time":"20210221232802","is_ascension_mode":false,"campfire_choices":[{"floor":15,"key":"RECALL"},{"data":"ats:Composite Medical Shells","floor":23,"key":"SMITH"},{"data":"ats:Nebulous Foxfire","floor":23,"key":"SMITH"},{"data":"ats:Revitalization","floor":25,"key":"SMITH"},{"data":"ats:Shadow Assault","floor":25,"key":"SMITH"},{"data":"ats:Revitalization","floor":40,"key":"SMITH"},{"data":"Madness","floor":40,"key":"SMITH"},{"data":"ats:Echo Reverb","floor":42,"key":"SMITH"},{"data":"ats:Emotion Absorption","floor":42,"key":"SMITH"},{"data":"ReplayUltimateDefense","floor":49,"key":"SMITH"},{"data":"Madness","floor":49,"key":"SMITH"}],"circlet_count":0,"master_deck":["ats:Strike G","ats:Armor Crushing Shot","ats:Defend","ats:Defend","ats:Defend","ats:Defend","ats:Emotion Absorption+1","ats:Revitalization+1","ats:Guard Mode+1","ats:Magnetic Hammer","ats:Thermite Blade","ats:Blood Oath","ats:Spore Proliferation","ats:Shell Defense","ats:Closed Bolt Burst Fire","ats:Revitalization+1","ats:Part Time Job","ats:Part Time Job","ats:Shadow Raid","ats:Shadow Assault+1","ats:Composite Medical Shells+1","ats:Nebulous Foxfire+1","Sickly","Normality","Doubt","ats:Burning Ground","ats:Apocalypse+1","ats:Shadow Raid","ats:Revitalization+1","ats:Revitalization+1","ats:Healing Strengthening","ats:Encircling Forest+1","ats:Echo Reverb+1","ats:Directed Diagnosis+1","Madness+1","Madness+1","ats:Apocalypse+1","Flash of Steel","Replay:Dark Deal","ReplayUltimateDefense+1","Amnesia","ats:Shell Defense"],"relics":["ats:Sanity","NeowsBlessing","WingedGreaves","ats:Originium","War Paint","Bag of Preparation","Oddly Smooth Stone","infinitespire:WardingShard","Anchor","Replay:Ancient Bell","MawBank","infinitespire:ShieldingShard","Replay:Arrowhead","Lantern","Simple Rune","ats:Defend","Quantum Egg","infinitespire:EvilPickle","Ring of Chaos","CaptainsWheel","ats:Ability Aura","Replay:WaspNest","ReplayTheSpireMod:Ring of Collecting","Ring of Fangs"],"acts_visited":["Exordium","TheCity","TheBeyond"],"potions_floor_usage":[6,13,19,36,36,41,41,41],"damage_taken":[{"damage":0,"enemies":"Small Slimes","floor":1,"turns":1},{"damage":1,"enemies":"Jaw Worm","floor":2,"turns":2},{"damage":0,"enemies":"Cultist","floor":5,"turns":3},{"damage":47,"enemies":"Lagavulin","floor":6,"turns":9},{"damage":24,"enemies":"Gremlin Nob","floor":7,"turns":6},{"damage":12,"enemies":"Exordium Wildlife","floor":8,"turns":3},{"damage":5,"enemies":"3 Louse","floor":10,"turns":10},{"damage":65,"enemies":"Lagavulin","floor":13,"turns":13},{"damage":0,"enemies":"2 Fungi Beasts","floor":14,"turns":4},{"damage":49,"enemies":"Slime Boss","floor":16,"turns":12},{"damage":29,"enemies":"2 Thieves","floor":18,"turns":5},{"damage":36,"enemies":"Chosen","floor":19,"turns":8},{"damage":66,"enemies":"Sentry and Sphere","floor":20,"turns":8},{"damage":89,"enemies":"Cultist and Chosen","floor":22,"turns":10},{"damage":25,"enemies":"Snake Plant","floor":27,"turns":6},{"damage":61,"enemies":"Snecko","floor":28,"turns":9},{"damage":38,"enemies":"Centurion and Healer","floor":30,"turns":12},{"damage":81,"enemies":"Slavers","floor":31,"turns":8},{"damage":195,"enemies":"Pondfish","floor":33,"turns":17},{"damage":56,"enemies":"Orb Walker","floor":35,"turns":7},{"damage":97,"enemies":"2 Orb Walkers","floor":36,"turns":8},{"damage":32,"enemies":"3 Shapes","floor":39,"turns":8},{"damage":202,"enemies":"Giant Head","floor":41,"turns":13},{"damage":56,"enemies":"3 Darklings","floor":45,"turns":7},{"damage":73,"enemies":"Spire Growth","floor":46,"turns":8},{"damage":68,"enemies":"Jaw Worm Horde","floor":48,"turns":7},{"damage":85,"enemies":"Replay:Hell Engine","floor":50,"turns":18}],"seed_played":"3454089240012365630","potions_obtained":[{"floor":5,"key":"ats:Burn Big Potion"},{"floor":6,"key":"FearPotion"},{"floor":10,"key":"FearPotion"},{"floor":13,"key":"Adrenaline Potion"},{"floor":19,"key":"CultistPotion"},{"floor":28,"key":"Death Potion"},{"floor":36,"key":"DuplicationPotion"},{"floor":39,"key":"Adrenaline Potion"},{"floor":46,"key":"ColorlessPotion"}],"is_trial":false,"path_per_floor":["M","M","$","?","M","E","E","M","T","M","$","T","E","M","R","B",null,"M","M","M","AVR","M","R","?","R","T","M","M","$","M","E","R","B",null,"M","?","?","$","M","R","E","R","T","?","M","M","?","M","R","B",null],"character_chosen":"DOCTOR_CLASS","items_purchased":["ats:Magnetic Hammer","ats:Part Time Job","ats:Shadow Raid","ats:Defend","Fruit Juice"],"campfire_rested":0,"item_purchase_floors":[3,11,11,29,38],"current_hp_per_floor":[72,71,71,53,56,26,11,5,5,39,39,39,72,72,72,72,72,55,67,72,72,36,36,36,36,36,69,72,72,72,53,53,65,72,72,55,46,46,72,72,41,41,41,31,37,68,68,54,54,77],"gold":611,"neow_bonus":"THREE_ENEMY_KILL","is_daily":false,"chose_seed":false,"campfire_upgraded":10,"win_rate":0.0,"timestamp":1613968082,"path_taken":["M","M","$","?","M","E","E","M","T","M","?","?","E","M","R","BOSS","M","M","M","AVR","M","R","?","R","T","M","M","$","M","E","R","BOSS","M","?","?","?","M","R","E","R","T","?","M","M","?","M","R","BOSS"],"items_purchased_type":["Card","Card","Card","Card","Potion"],"build_version":"2020-12-22","purchased_purges":3,"victory":true,"max_hp_per_floor":[72,72,72,72,72,72,72,72,72,72,72,72,72,72,72,72,72,72,72,72,72,72,72,72,72,72,72,72,72,72,72,72,72,72,72,72,72,72,72,72,77,77,77,77,77,77,77,77,77,77],"card_choices":[{"not_picked":["ats:Ignite","ats:Powerful Strike"],"picked":"ats:Revitalization","floor":1},{"not_picked":["ats:Revitalization","ats:Explosion Area Strengthen"],"picked":"ats:Guard Mode","floor":2},{"not_picked":["ats:Curse Doll","ats:Ignite"],"picked":"ats:Thermite Blade","floor":4},{"not_picked":["ats:Literary Storm","ats:Soul Absorption"],"picked":"ats:Blood Oath","floor":5},{"not_picked":["ats:Flexible Camouflage","ats:Consecutive Shot Auto"],"picked":"ats:Spore Proliferation","floor":6},{"not_picked":["ats:Calcification","ats:Demon Strength"],"picked":"ats:Shell Defense","floor":7},{"not_picked":["ats:Flexible Camouflage","ats:Literary Storm"],"picked":"ats:Closed Bolt Burst Fire","floor":8},{"not_picked":["ats:Sword Rain","ats:Very Hot Blade"],"picked":"ats:Revitalization","floor":10},{"not_picked":["ats:Assault Order","ats:Ignite"],"picked":"ats:Shadow Assault","floor":13},{"not_picked":["ats:Hammer On","ats:Blood Oath"],"picked":"ats:Composite Medical Shells","floor":14},{"not_picked":["ats:Rat Pack","ats:Disruption Kick"],"picked":"ats:Nebulous Foxfire","floor":16},{"not_picked":["Parasite","Delirium"],"picked":"Sickly","floor":17},{"not_picked":["Pain","Delirium"],"picked":"Normality","floor":17},{"not_picked":["Voices","ReplayTheSpireMod:Faulty Equipment"],"picked":"Doubt","floor":17},{"not_picked":["ats:Explosion Area Strengthen","ats:Absolute Focus"],"picked":"ats:Burning Ground","floor":18},{"not_picked":["ats:Poison Spread","ats:Explosion Area Strengthen+1"],"picked":"ats:Apocalypse+1","floor":19},{"not_picked":["ats:Closed Bolt Burst Fire","ats:Beaten Up","ats:Serious Mode+1"],"picked":"SKIP","floor":20},{"not_picked":["ats:Thorns","ats:Cat Scratch"],"picked":"ats:Shadow Raid","floor":22},{"not_picked":["ats:Assault Order","ats:Ambush"],"picked":"ats:Revitalization+1","floor":27},{"not_picked":["ats:Leaping Hammer","ats:Support Order"],"picked":"ats:Revitalization","floor":28},{"not_picked":["ats:Leaping Hammer","ats:Sashimi Platter"],"picked":"ats:Healing Strengthening","floor":30},{"not_picked":["ats:Defend Order","ats:Very Hot Blade"],"picked":"ats:Encircling Forest+1","floor":31},{"not_picked":["ats:Roar Of Ursus","ats:Soul Rend"],"picked":"ats:Echo Reverb","floor":33},{"not_picked":["ats:LN2 Cannon+1","ats:Cat Scratch+1","ats:Blood Oath"],"picked":"SKIP","floor":35},{"not_picked":["ats:Consecutive Shot Auto+1","ats:Phantom+1"],"picked":"ats:Directed Diagnosis+1","floor":36},{"not_picked":["ats:Absolute Focus","ats:Healing Drone"],"picked":"ats:Apocalypse+1","floor":39},{"not_picked":["ats:Very Hot Blade+1","ats:Closed Bolt Burst Fire+1","ats:Thermite Blade"],"picked":"SKIP","floor":41},{"not_picked":["Dramatic Entrance","Impatience"],"picked":"Flash of Steel","floor":44},{"not_picked":["Jack Of All Trades","Impatience"],"picked":"Replay:Dark Deal","floor":44},{"not_picked":["Trip","Swift Strike"],"picked":"ReplayUltimateDefense","floor":44},{"not_picked":["ats:Blood Oath","ats:Assault Order","ats:Defend Order"],"picked":"SKIP","floor":45},{"not_picked":["ats:Apocalypse","ats:Soul Absorption+1","ats:Leaping Hammer+1"],"picked":"SKIP","floor":46},{"not_picked":["ats:Guardian Obelisk","ats:Blood Oath"],"picked":"ats:Shell Defense","floor":48}],"player_experience":16856,"relics_obtained":[{"floor":4,"key":"WingedGreaves"},{"floor":6,"key":"ats:Originium"},{"floor":6,"key":"War Paint"},{"floor":7,"key":"ats:Originium"},{"floor":7,"key":"Bag of Preparation"},{"floor":9,"key":"Oddly Smooth Stone"},{"floor":12,"key":"infinitespire:WardingShard"},{"floor":13,"key":"ats:Originium"},{"floor":13,"key":"Anchor"},{"floor":26,"key":"Simple Rune"},{"floor":31,"key":"ats:Originium"},{"floor":31,"key":"Quantum Egg"},{"floor":36,"key":"CaptainsWheel"},{"floor":41,"key":"ats:Ability Aura"},{"floor":43,"key":"Replay:WaspNest"},{"floor":47,"key":"ReplayTheSpireMod:Ring of Collecting"},{"floor":47,"key":"Ring of Fangs"}],"event_choices":[{"damage_healed":0,"gold_gain":0,"player_choice":"Fight","damage_taken":0,"max_hp_gain":0,"max_hp_loss":0,"event_name":"Mysterious Sphere","floor":36,"gold_loss":0},{"damage_healed":0,"gold_gain":0,"player_choice":"Embrace Madness","damage_taken":9,"max_hp_gain":0,"max_hp_loss":0,"event_name":"Winding Halls","floor":37,"gold_loss":0,"cards_obtained":["Madness","Madness"]},{"damage_healed":0,"gold_gain":0,"player_choice":"Memory 3","damage_taken":10,"max_hp_gain":0,"max_hp_loss":0,"event_name":"SensoryStone","floor":44,"gold_loss":0}],"is_beta":false,"boss_relics":[{"not_picked":["Busted Crown","ReplayTheSpireMod:SealedPack"],"picked":"Replay:Ancient Bell"},{"not_picked":["Regal Pillow","Blue Doll"],"picked":"MawBank"},{"not_picked":["infinitespire:Eraser","infinitespire:Broken Mirror"],"picked":"infinitespire:ShieldingShard"},{"not_picked":["ats:Gyao","Incense Burner"],"picked":"Replay:Arrowhead"},{"not_picked":["Runic Pyramid","Abe\u0027s Treasure"],"picked":"Ring of Chaos"}],"items_purged_floors":[3,21,29],"is_endless":false,"potions_floor_spawned":[5,6,10,13,19,28,31,36,39,46],"ascension_level":0}}