{"host":"kerxro2ytzukjey9","time":1613975244,"event":{"mods":["BaseMod","Colored Map","Minty Spire (QoL Compilation)","Permanent Neow","StSLib"],"gold_per_floor":[116,131,145,70,90,90,118,118,118,146,161,236,236,254,254,332,332,351,266,266,51,25,50,50,61,61,61,87,87,117,134,134,210,210,228,450,498,512,525,525,545,305,305,324,350,350,378,117,117,117,117,117,117,36,66,66],"floor_reached":57,"language":"ENG","playtime":5136,"items_purged":["Defend_G"],"score":2766,"play_id":"831a86a1-af1e-4ad9-8017-557f125a6fbc","local_time":"20210222012724","is_ascension_mode":true,"campfire_choices":[{"data":"Blade Dance","floor":6,"key":"SMITH"},{"data":"Neutralize","floor":8,"key":"SMITH"},{"data":"Phantasmal Killer","floor":13,"key":"SMITH"},{"data":"Finisher","floor":15,"key":"SMITH"},{"data":"Envenom","floor":24,"key":"SMITH"},{"data":"Blade Dance","floor":29,"key":"SMITH"},{"data":"Acrobatics","floor":32,"key":"SMITH"},{"data":"After Image","floor":40,"key":"SMITH"},{"floor":46,"key":"RECALL"},{"data":"Cloak And Dagger","floor":49,"key":"SMITH"},{"data":"After Image","floor":53,"key":"SMITH"}],"circlet_count":0,"master_deck":["AscendersBane","Defend_G+1","Defend_G+1","Defend_G","Survivor","Neutralize+1","After Image+1","Blade Dance+1","Acrobatics","Finisher+1","Phantasmal Killer+1","Flying Knee","Blade Dance+1","Envenom+1","PiercingWail","Terror","Underhanded Strike","Acrobatics+1","PiercingWail","After Image+1","Bite","Bite","Bite","Bite","Bite","Cloak And Dagger+1","Acrobatics","Tools of the Trade","Accuracy","Blade Dance","Backflip+1","Acrobatics+1","Prepared+1","Malaise","Dark Shackles","Dark Shackles","Crippling Poison"],"relics":["Ring of the Serpent","Centennial Puzzle","Question Card","Mango","HoveringKite","War Paint","Nunchaku","Mercury Hourglass","Red Mask","Ninja Scroll","Turnip","Bag of Marbles","Pocketwatch","Omamori","Paper Crane","DollysMirror","Bottled Lightning"],"acts_visited":["Exordium","TheCity","TheBeyond","TheEnding"],"potions_floor_usage":[7,7,51,55,56],"damage_taken":[{"damage":0,"enemies":"2 Louse","floor":1,"turns":5},{"damage":0,"enemies":"Small Slimes","floor":2,"turns":4},{"damage":5,"enemies":"Jaw Worm","floor":3,"turns":4},{"damage":7,"enemies":"Looter","floor":5,"turns":3},{"damage":14,"enemies":"Lagavulin","floor":7,"turns":7},{"damage":7,"enemies":"Gremlin Nob","floor":10,"turns":3},{"damage":5,"enemies":"3 Louse","floor":11,"turns":4},{"damage":0,"enemies":"Large Slime","floor":14,"turns":2},{"damage":19,"enemies":"Slime Boss","floor":16,"turns":5},{"damage":14,"enemies":"2 Thieves","floor":18,"turns":4},{"damage":6,"enemies":"Slavers","floor":23,"turns":4},{"damage":0,"enemies":"Spheric Guardian","floor":25,"turns":1},{"damage":5,"enemies":"Masked Bandits","floor":28,"turns":3},{"damage":7,"enemies":"Book of Stabbing","floor":30,"turns":3},{"damage":0,"enemies":"Centurion and Healer","floor":31,"turns":6},{"damage":7,"enemies":"Champ","floor":33,"turns":5},{"damage":0,"enemies":"Orb Walker","floor":35,"turns":3},{"damage":3,"enemies":"2 Orb Walkers","floor":37,"turns":3},{"damage":6,"enemies":"3 Shapes","floor":38,"turns":6},{"damage":1,"enemies":"Sphere and 2 Shapes","floor":39,"turns":4},{"damage":0,"enemies":"4 Shapes","floor":41,"turns":5},{"damage":0,"enemies":"Transient","floor":44,"turns":6},{"damage":0,"enemies":"Reptomancer","floor":45,"turns":4},{"damage":2,"enemies":"Giant Head","floor":47,"turns":5},{"damage":17,"enemies":"Donu and Deca","floor":50,"turns":6},{"damage":30,"enemies":"Time Eater","floor":51,"turns":7},{"damage":9,"enemies":"Shield and Spear","floor":55,"turns":7},{"damage":51,"enemies":"The Heart","floor":56,"turns":9}],"seed_played":"-4985146311768110459","potions_obtained":[{"floor":2,"key":"DistilledChaos"},{"floor":5,"key":"Regen Potion"},{"floor":14,"key":"Energy Potion"},{"floor":16,"key":"Ancient Potion"},{"floor":23,"key":"Swift Potion"}],"is_trial":false,"path_per_floor":["M","M","M","?","M","R","E","R","T","E","M","?","R","M","R","B",null,"M","?","?","$","$","E","R","M","T","?","?","R","E","M","R","B",null,"M","?","?","M","M","R","M","$","T","M","E","R","E","$","R","B","B",null,"R","$","E","B",null],"character_chosen":"THE_SILENT","items_purchased":["Acrobatics","Nunchaku","PiercingWail","Bag of Marbles","Dark Shackles","DollysMirror","DistilledChaos"],"campfire_rested":0,"item_purchase_floors":[21,21,22,42,48,48,54],"current_hp_per_floor":[59,59,54,54,47,47,48,48,48,55,50,39,39,39,39,20,65,51,51,51,51,51,45,45,45,45,45,50,50,47,56,56,51,55,56,56,56,52,55,55,56,56,56,56,56,56,54,54,54,47,29,49,49,49,50,7],"gold":66,"neow_bonus":"ONE_RANDOM_RARE_CARD","is_daily":false,"chose_seed":false,"campfire_upgraded":10,"win_rate":0.0,"timestamp":1613975244,"path_taken":["M","M","M","?","M","R","E","R","T","E","M","?","R","M","R","BOSS","M","?","?","?","$","E","R","M","T","?","?","R","E","M","R","BOSS","M","?","?","M","M","R","M","$","T","M","E","R","E","$","R","BOSS","BOSS","R","$","E","BOSS"],"items_purchased_type":["Card","Relic","Card","Relic","Card","Relic","Potion"],"build_version":"2020-12-22","purchased_purges":1,"victory":true,"max_hp_per_floor":[66,66,66,66,66,66,66,66,66,80,80,80,80,80,80,80,80,80,80,80,80,80,80,80,80,80,56,56,56,56,56,56,56,56,56,56,56,56,56,56,56,56,56,56,56,56,56,56,56,56,56,56,56,56,56,56],"card_choices":[{"not_picked":["Outmaneuver","Quick Slash"],"picked":"Blade Dance","floor":1},{"not_picked":["Prepared","Dodge and Roll"],"picked":"Acrobatics","floor":2},{"not_picked":["PiercingWail","Cloak And Dagger"],"picked":"Finisher","floor":3},{"not_picked":["Riddle With Holes","Dodge and Roll","Outmaneuver"],"picked":"SKIP","floor":5},{"not_picked":["Quick Slash","Riddle With Holes"],"picked":"Phantasmal Killer","floor":7},{"not_picked":["Poisoned Stab","Slice","Bane","Distraction"],"picked":"SKIP","floor":10},{"not_picked":["Poisoned Stab","Slice","Sucker Punch"],"picked":"Flying Knee","floor":11},{"not_picked":["Acrobatics","Deadly Poison","Expertise"],"picked":"Blade Dance","floor":14},{"not_picked":["Adrenaline","After Image","Malaise"],"picked":"Envenom","floor":16},{"not_picked":["Footwork","Catalyst","Flying Knee"],"picked":"PiercingWail","floor":18},{"not_picked":["Sucker Punch","Blur","Distraction","Terror"],"picked":"SKIP","floor":23},{"not_picked":["Dagger Spray","Infinite Blades","Flying Knee"],"picked":"After Image","floor":25},{"not_picked":["Riddle With Holes+1","Deflect","Backstab"],"picked":"Cloak And Dagger","floor":30},{"not_picked":["Underhanded Strike","Outmaneuver","Dodge and Roll"],"picked":"Acrobatics","floor":31},{"not_picked":["Storm of Steel","Envenom","Burst"],"picked":"Tools of the Trade","floor":33},{"not_picked":["Deflect","Blade Dance","Dagger Throw"],"picked":"Accuracy","floor":35},{"not_picked":["Slice","Dagger Throw+1","Flying Knee"],"picked":"Blade Dance","floor":37},{"not_picked":["Dagger Spray","Footwork+1","Masterful Stab"],"picked":"Backflip+1","floor":38},{"not_picked":["Unload","Dagger Throw","Bane"],"picked":"Acrobatics+1","floor":39},{"not_picked":["Underhanded Strike","Heel Hook","Slice","All Out Attack"],"picked":"SKIP","floor":41},{"not_picked":["Dagger Spray","Cloak And Dagger","Catalyst+1"],"picked":"Prepared+1","floor":44},{"not_picked":["Blade Dance","Calculated Gamble","Tools of the Trade","Outmaneuver"],"picked":"SKIP","floor":45},{"not_picked":["Blade Dance","Calculated Gamble","Tools of the Trade","Outmaneuver"],"picked":"SKIP","floor":45},{"not_picked":["Eviscerate+1","Outmaneuver","Finisher+1"],"picked":"Malaise","floor":47},{"not_picked":["Footwork+1","Concentrate","Finisher"],"picked":"Crippling Poison","floor":55}],"player_experience":620550,"relics_obtained":[{"floor":7,"key":"Centennial Puzzle"},{"floor":9,"key":"Question Card"},{"floor":10,"key":"Mango"},{"floor":23,"key":"Mercury Hourglass"},{"floor":28,"key":"Red Mask"},{"floor":30,"key":"Ninja Scroll"},{"floor":37,"key":"Turnip"},{"floor":43,"key":"Pocketwatch"},{"floor":45,"key":"Omamori"},{"floor":47,"key":"Paper Crane"},{"floor":55,"key":"Bottled Lightning"}],"event_choices":[{"cards_removed":["Strike_G"],"damage_healed":0,"gold_gain":0,"player_choice":"Card Removal","damage_taken":0,"max_hp_gain":0,"max_hp_loss":0,"event_name":"The Cleric","floor":4,"gold_loss":75},{"damage_healed":0,"gold_gain":75,"player_choice":"Gather Gold","damage_taken":11,"max_hp_gain":0,"max_hp_loss":0,"event_name":"World of Goop","floor":12,"gold_loss":0},{"damage_healed":0,"gold_gain":0,"player_choice":"Obtained Relic","damage_taken":0,"relics_obtained":["War Paint"],"max_hp_gain":0,"max_hp_loss":0,"event_name":"Addict","floor":19,"gold_loss":85},{"damage_healed":0,"gold_gain":0,"cards_transformed":["Strike_G","Defend_G"],"player_choice":"Became Test Subject","damage_taken":0,"max_hp_gain":0,"max_hp_loss":0,"event_name":"Drug Dealer","floor":20,"gold_loss":0,"cards_obtained":["Terror","Underhanded Strike"]},{"damage_healed":0,"gold_gain":0,"player_choice":"Became a vampire","damage_taken":0,"max_hp_gain":0,"max_hp_loss":24,"event_name":"Vampires","floor":27,"gold_loss":0,"cards_obtained":["Bite","Bite","Bite","Bite","Bite"]},{"damage_healed":0,"gold_gain":0,"player_choice":"Fought Bandits","damage_taken":0,"max_hp_gain":0,"max_hp_loss":0,"event_name":"Masked Bandits","floor":28,"gold_loss":0},{"damage_healed":0,"gold_gain":222,"player_choice":"Wore Mask","damage_taken":0,"max_hp_gain":0,"max_hp_loss":0,"event_name":"Tomb of Lord Red Mask","floor":36,"gold_loss":0},{"damage_healed":0,"gold_gain":0,"player_choice":"Fight","damage_taken":0,"max_hp_gain":0,"max_hp_loss":0,"event_name":"Mysterious Sphere","floor":37,"gold_loss":0}],"is_beta":false,"boss_relics":[{"not_picked":["Tiny House","Runic Dome"],"picked":"HoveringKite"},{"not_picked":["Snecko Eye","Philosopher\u0027s Stone"],"picked":"Ring of the Serpent"}],"items_purged_floors":[42],"is_endless":false,"potions_floor_spawned":[2,5,14,16,23,30,31,38,39,41],"ascension_level":20}}