{"host":"254qdhpnbonm8z0p","time":1613983719,"event":{"mods":["AchievementEnabler","BaseMod","Block Reminder","Colored Map","Colored Powertips","Minty Spire (QoL Compilation)","ojb\u0027s Better Paths Mod"],"gold_per_floor":[113,125,51,51,69,69,86,161,187,187,203,220,220,233,233,332,332,346,271,297,311,410,410,410,410,410,76,90,90,110,138,138,240,240,255,255,274,274,274,309,320,38,38,38,54,74,25,25,25,25,25],"floor_reached":50,"language":"ENG","playtime":11225,"items_purged":["Calculated Gamble+1","Writhe"],"score":532,"play_id":"f3b5049f-d3a4-4a9e-86e9-9f6f7bf220a2","local_time":"20210222004839","is_ascension_mode":true,"campfire_choices":[{"data":"Tactician","floor":6.0,"key":"SMITH"},{"floor":13.0,"key":"REST"},{"floor":15.0,"key":"REST"},{"data":"Footwork","floor":23.0,"key":"SMITH"},{"data":"Blade Dance","floor":29.0,"key":"SMITH"},{"floor":32.0,"key":"REST"},{"floor":44.0,"key":"REST"},{"floor":49.0,"key":"REST"}],"circlet_count":0,"master_deck":["Strike_G","Strike_G+1","Defend_G+1","Defend_G+1","Survivor+1","Neutralize","Tactician+1","Well Laid Plans","Well Laid Plans","Acrobatics","Caltrops","Underhanded Strike","Footwork+1","Backflip","Phantasmal Killer","Bullet Time+1","Slice+1","Acrobatics+1","Blade Dance+1","Finesse","Poisoned Stab+1","Dash","Slice","Wraith Form v2","Noxious Fumes+1","Blade Dance","Enlightenment","Finisher+1","Escape Plan","Blade Dance+1"],"relics":["Ring of the Snake","War Paint","Astrolabe","Oddly Smooth Stone","Letter Opener","Ornamental Fan","Regal Pillow","Black Star","PreservedInsect","Paper Crane","TwistedFunnel","Bottled Flame"],"acts_visited":["Exordium","TheCity","TheBeyond"],"potions_floor_usage":[],"damage_taken":[{"damage":1.0,"enemies":"2 Louse","floor":1.0,"turns":4.0},{"damage":0.0,"enemies":"Small Slimes","floor":2.0,"turns":3.0},{"damage":0.0,"enemies":"Cultist","floor":5.0,"turns":4.0},{"damage":7.0,"enemies":"Blue Slaver","floor":7.0,"turns":4.0},{"damage":8.0,"enemies":"Exordium Wildlife","floor":11.0,"turns":6.0},{"damage":10.0,"enemies":"Large Slime","floor":12.0,"turns":7.0},{"damage":0.0,"enemies":"3 Louse","floor":14.0,"turns":3.0},{"damage":22.0,"enemies":"Hexaghost","floor":16.0,"turns":16.0},{"damage":6.0,"enemies":"Spheric Guardian","floor":18.0,"turns":5.0},{"damage":0.0,"enemies":"Chosen","floor":21.0,"turns":7.0},{"damage":6.0,"enemies":"Centurion and Healer","floor":28.0,"turns":5.0},{"damage":0.0,"enemies":"Snake Plant","floor":30.0,"turns":4.0},{"damage":19.0,"enemies":"Slavers","floor":31.0,"turns":4.0},{"damage":1.0,"enemies":"Champ","floor":33.0,"turns":12.0},{"damage":20.0,"enemies":"3 Shapes","floor":35.0,"turns":6.0},{"damage":16.0,"enemies":"3 Darklings","floor":37.0,"turns":5.0},{"damage":1.0,"enemies":"Nemesis","floor":40.0,"turns":6.0},{"damage":12.0,"enemies":"Spire Growth","floor":41.0,"turns":5.0},{"damage":28.0,"enemies":"Transient","floor":45.0,"turns":5.0},{"damage":27.0,"enemies":"Jaw Worm Horde","floor":46.0,"turns":5.0},{"damage":62,"enemies":"Time Eater","floor":50,"turns":3}],"seed_played":"-5875888375639193066","potions_obtained":[{"floor":2.0,"key":"LiquidMemories"},{"floor":5.0,"key":"Weak Potion"},{"floor":12.0,"key":"ColorlessPotion"},{"floor":16.0,"key":"FearPotion"},{"floor":18.0,"key":"Explosive Potion"},{"floor":28.0,"key":"Fire Potion"},{"floor":40.0,"key":"Dexterity Potion"},{"floor":41.0,"key":"SneckoOil"},{"floor":46.0,"key":"SmokeBomb"}],"is_trial":false,"path_per_floor":["M","M","$","?","M","R","M","?","T","?","M","M","R","M","R","B",null,"M","?","T","M","?","R","?","?","T","$","M","R","M","E","R","B",null,"M","?","M","?","?","E","M","$","T","R","M","M","$","?","R","B"],"character_chosen":"THE_SILENT","items_purchased":["Well Laid Plans","Ornamental Fan","Escape Plan","TwistedFunnel","Strength Potion"],"campfire_rested":5,"item_purchase_floors":[3,27,42,42,47],"current_hp_per_floor":[69,69,69,55,55,55,48,37,37,37,29,19,40,40,61,39,70,64,64,64,64,64,64,64,64,64,64,58,58,58,39,70,69,70,50,50,34,34,52,51,39,39,39,70,42,15,15,15,51,0,0],"gold":25,"neow_bonus":"REMOVE_CARD","is_daily":false,"chose_seed":false,"campfire_upgraded":3,"win_rate":0.0,"timestamp":1613983719,"path_taken":["M","M","$","?","M","R","M","?","T","?","M","?","R","M","R","BOSS","M","?","?","M","?","R","?","?","T","$","M","R","M","E","R","BOSS","M","?","?","?","?","E","M","$","T","R","M","M","$","?","R","BOSS"],"items_purchased_type":["Card","Relic","Card","Relic","Potion"],"build_version":"2020-12-22","purchased_purges":2,"victory":false,"max_hp_per_floor":[70,70,70,70,70,70,70,70,70,70,70,70,70,70,70,70,70,70,70,70,70,70,70,70,70,70,70,70,70,70,70,70,70,70,70,70,70,70,70,70,70,70,70,70,70,70,70,70,70,70,70],"card_choices":[{"not_picked":["Poisoned Stab","Dagger Spray"],"picked":"Tactician","floor":1.0},{"not_picked":["Terror","Bane"],"picked":"Well Laid Plans","floor":2.0},{"not_picked":["Endless Agony","Reflex"],"picked":"Acrobatics","floor":5.0},{"not_picked":["Flechettes","Quick Slash"],"picked":"Caltrops","floor":7.0},{"not_picked":["Dagger Spray","Catalyst"],"picked":"Underhanded Strike","floor":11.0},{"not_picked":["Dagger Spray","Backstab"],"picked":"Footwork","floor":12.0},{"not_picked":["Cloak And Dagger","Dodge and Roll"],"picked":"Backflip","floor":14.0},{"not_picked":["Glass Knife","Unload"],"picked":"Phantasmal Killer","floor":16.0},{"not_picked":["Catalyst+1","Reflex"],"picked":"Acrobatics+1","floor":18.0},{"not_picked":["Leg Sweep","Flechettes","Quick Slash"],"picked":"SKIP","floor":21.0},{"not_picked":["Backflip","Flying Knee+1"],"picked":"Poisoned Stab+1","floor":28.0},{"not_picked":["Dagger Spray+1","All Out Attack"],"picked":"Dash","floor":30.0},{"not_picked":["PiercingWail","Backstab"],"picked":"Slice","floor":31.0},{"not_picked":["Phantasmal Killer","Envenom"],"picked":"Wraith Form v2","floor":33.0},{"not_picked":["Acrobatics+1","Cloak And Dagger"],"picked":"Noxious Fumes+1","floor":35.0},{"not_picked":["Tactician+1","Skewer+1"],"picked":"Blade Dance","floor":37.0},{"not_picked":["Good Instincts","Trip"],"picked":"Enlightenment","floor":38.0},{"not_picked":["Calculated Gamble+1","Backflip","Bouncing Flask+1"],"picked":"SKIP","floor":40.0},{"not_picked":["Acrobatics","Well Laid Plans"],"picked":"Finisher+1","floor":41.0},{"not_picked":["Quick Slash+1","Noxious Fumes+1"],"picked":"Blade Dance+1","floor":45.0},{"not_picked":["PiercingWail+1","Predator+1","Deadly Poison+1"],"picked":"SKIP","floor":46.0}],"player_experience":138483,"relics_obtained":[{"floor":9.0,"key":"War Paint"},{"floor":20.0,"key":"Oddly Smooth Stone"},{"floor":26.0,"key":"Letter Opener"},{"floor":31.0,"key":"Regal Pillow"},{"floor":40.0,"key":"PreservedInsect"},{"floor":40.0,"key":"Paper Crane"},{"floor":43.0,"key":"Bottled Flame"}],"event_choices":[{"damage_healed":0.0,"max_hp_gain":0.0,"max_hp_loss":0.0,"gold_gain":0.0,"event_name":"Shining Light","player_choice":"Entered Light","floor":4.0,"gold_loss":0.0,"damage_taken":14.0,"cards_upgraded":["Defend_G","Strike_G"]},{"damage_healed":0.0,"max_hp_gain":0.0,"max_hp_loss":0.0,"gold_gain":75.0,"event_name":"World of Goop","player_choice":"Gather Gold","floor":8.0,"gold_loss":0.0,"damage_taken":11.0},{"damage_healed":0.0,"max_hp_gain":0.0,"max_hp_loss":0.0,"gold_gain":0.0,"event_name":"The Woman in Blue","player_choice":"Bought 0 Potions","floor":10.0,"gold_loss":0.0,"damage_taken":0.0},{"cards_removed":["Defend_G"],"damage_healed":0.0,"max_hp_gain":0.0,"max_hp_loss":0.0,"gold_gain":0.0,"event_name":"Beggar","player_choice":"Gave Gold","floor":19.0,"gold_loss":75.0,"damage_taken":0.0},{"damage_healed":0.0,"max_hp_gain":0.0,"max_hp_loss":0.0,"gold_gain":99.0,"event_name":"Nest","player_choice":"Stole From Cult","floor":22.0,"gold_loss":0.0,"damage_taken":0.0},{"damage_healed":0.0,"max_hp_gain":0.0,"max_hp_loss":0.0,"gold_gain":0.0,"event_name":"The Library","player_choice":"Read","floor":24.0,"gold_loss":0.0,"damage_taken":0.0,"cards_obtained":["Blade Dance"]},{"damage_healed":0.0,"max_hp_gain":0.0,"max_hp_loss":0.0,"gold_gain":0.0,"event_name":"Match and Keep!","player_choice":"1 cards matched","floor":25.0,"gold_loss":0.0,"damage_taken":0.0,"cards_obtained":["Finesse"]},{"damage_healed":0.0,"max_hp_gain":0.0,"max_hp_loss":0.0,"gold_gain":0.0,"event_name":"Match and Keep!","player_choice":"0 cards matched","floor":36.0,"gold_loss":0.0,"damage_taken":0.0,"cards_obtained":[]},{"damage_healed":0.0,"max_hp_gain":0.0,"max_hp_loss":0.0,"gold_gain":0.0,"event_name":"SensoryStone","player_choice":"Memory 1","floor":38.0,"gold_loss":0.0,"damage_taken":0.0},{"damage_healed":18.0,"max_hp_gain":0.0,"max_hp_loss":0.0,"gold_gain":0.0,"event_name":"Winding Halls","player_choice":"Writhe","floor":39.0,"gold_loss":0.0,"damage_taken":0.0,"cards_obtained":["Writhe"]},{"cards_removed":["Strike_G"],"damage_healed":0.0,"max_hp_gain":0.0,"max_hp_loss":0.0,"gold_gain":0.0,"event_name":"Bonfire Elementals","player_choice":"Offered Basic","floor":48.0,"gold_loss":0.0,"damage_taken":0.0}],"is_beta":false,"boss_relics":[{"not_picked":["Tiny House","Runic Pyramid"],"picked":"Astrolabe"},{"not_picked":["Snecko Eye","Velvet Choker"],"picked":"Black Star"}],"items_purged_floors":[27,42],"is_endless":false,"potions_floor_spawned":[2,5,12,14,16,18,28,33,40,41,46],"killed_by":"Time Eater","ascension_level":1}}