{"host":"yhhyog5h1q67ienp","time":1613959566,"event":{"mods":["AchievementEnabler","BaseMod","Block Reminder","Colored Map","Colored Powertips","Minty Spire (QoL Compilation)","Quick Restart","Relic Stats","StSLib","ojb\u0027s Better Paths Mod","ojb\u0027s Info Mod"],"gold_per_floor":[110,129,149,149,74,74,74],"floor_reached":6,"language":"ENG","playtime":524,"items_purged":[],"score":72,"play_id":"f0914ef9-d755-46d1-b3f0-80268500ec8c","local_time":"20210221230606","is_ascension_mode":true,"campfire_choices":[],"circlet_count":0,"master_deck":["AscendersBane","Strike_B","Strike_B","Strike_B","Defend_B","Defend_B","Defend_B","Zap","Dualcast","Leap","Cold Snap","Cold Snap","Go for the Eyes"],"relics":["SlaversCollar"],"acts_visited":["Exordium"],"potions_floor_usage":[],"damage_taken":[{"damage":8,"enemies":"Cultist","floor":1,"turns":5},{"damage":6,"enemies":"Jaw Worm","floor":2,"turns":6},{"damage":0,"enemies":"2 Louse","floor":3,"turns":4},{"damage":75,"enemies":"Gremlin Nob","floor":6,"turns":7}],"seed_played":"2747701493445053191","potions_obtained":[{"floor":2,"key":"LiquidBronze"},{"floor":3,"key":"Energy Potion"}],"is_trial":false,"path_per_floor":["M","M","M","?","?","E"],"character_chosen":"DEFECT","items_purchased":[],"campfire_rested":0,"item_purchase_floors":[],"current_hp_per_floor":[56,50,50,50,50,0,0],"gold":74,"neow_bonus":"BOSS_RELIC","is_daily":false,"chose_seed":false,"campfire_upgraded":0,"win_rate":0.0,"timestamp":1613959566,"path_taken":["M","M","?","?","?","E"],"items_purchased_type":[],"build_version":"2020-12-22","purchased_purges":0,"victory":false,"max_hp_per_floor":[71,71,71,71,71,71,71],"relic_stats":{"counters":[4,22],"obtain_stats":[{"SlaversCollar":0,"Cracked Core":0},{"SlaversCollar":0,"Cracked Core":0},{"SlaversCollar":0,"Cracked Core":0}]},"card_choices":[{"not_picked":["Turbo","Go for the Eyes"],"picked":"Leap","floor":1},{"not_picked":["Gash","FTL"],"picked":"Cold Snap","floor":2},{"not_picked":["Gash","Compile Driver"],"picked":"Cold Snap","floor":3}],"player_experience":1515989,"relics_obtained":[],"event_choices":[{"damage_healed":0,"gold_gain":0,"cards_transformed":["Strike_B"],"player_choice":"Change","damage_taken":0,"max_hp_gain":0,"max_hp_loss":0,"event_name":"Living Wall","floor":4,"gold_loss":0,"cards_obtained":["Go for the Eyes"]},{"cards_removed":["Defend_B"],"damage_healed":0,"gold_gain":0,"player_choice":"Card Removal","damage_taken":0,"max_hp_gain":0,"max_hp_loss":0,"event_name":"The Cleric","floor":5,"gold_loss":75}],"is_beta":false,"boss_relics":[],"items_purged_floors":[],"is_endless":false,"potions_floor_spawned":[2,3],"killed_by":"Gremlin Nob","ascension_level":20}}