{"host":"kda2p2afd6bvz6qo","time":1613963011,"event":{"mods":["BaseMod","Colored Map","Minty Spire (QoL Compilation)","Relic Stats"],"gold_per_floor":[114,125,29,29,29,61,61,92,92,102,102,118,118,129,129,227,227,240,510,525,80,95,95,10,10,10,43,43,68,68,82,82,178,178,197,248,264,111,122,122,152,152,206,239,239,239,259,288,288,288,288,288,48,75,75],"floor_reached":56,"language":"ENG","playtime":3623,"items_purged":["Strike_B","Defend_B"],"score":1915,"play_id":"f09f9a8b-51e2-4fb3-8bf3-e22de9de203e","local_time":"20210222030331","is_ascension_mode":true,"campfire_choices":[{"data":"Beam Cell","floor":7,"key":"SMITH"},{"floor":11,"key":"REST"},{"data":"Aggregate","floor":13,"key":"SMITH"},{"data":"Go for the Eyes","floor":15,"key":"SMITH"},{"floor":23,"key":"REST"},{"data":"Reprogram","floor":25,"key":"SMITH"},{"data":"Seek","floor":28,"key":"SMITH"},{"data":"Hologram","floor":32,"key":"SMITH"},{"floor":40,"key":"REST"},{"data":"Buffer","floor":42,"key":"SMITH"},{"floor":46,"key":"RECALL"},{"floor":49,"key":"REST"},{"data":"Echo Form","floor":52,"key":"SMITH"}],"circlet_count":0,"master_deck":["Defend_B+1","Defend_B","Defend_B","Rebound+1","Meteor Strike+1","Skim+1","Aggregate+1","Beam Cell+1","Gash","Beam Cell","Go for the Eyes+1","Reinforced Body+1","Seek+1","Hologram+1","Reprogram+1","Melter","Sweeping Beam","Double Energy+1","Scrape","Echo Form+1","Gash","Buffer+1","Gash+1","Hologram+1","Skim+1","Hologram+1","Injury","All For One","Stack+1","Conserve Battery+1","Finesse"],"relics":["Astrolabe","TungstenRod","Happy Flower","Mummified Hand","StoneCalendar","Cursed Key","Lantern","Chemical X","Oddly Smooth Stone","Bag of Preparation","Tiny Chest","Centennial Puzzle","Empty Cage","FossilizedHelix","War Paint","Emotion Chip","Regal Pillow","Meat on the Bone","Vajra"],"acts_visited":["Exordium","TheCity","TheBeyond","TheEnding"],"potions_floor_usage":[6,8,27,29,29,33,41],"damage_taken":[{"damage":1.0,"enemies":"Cultist","floor":1.0,"turns":4.0},{"damage":7,"enemies":"Small Slimes","floor":2,"turns":4},{"damage":15,"enemies":"Gremlin Nob","floor":6,"turns":3},{"damage":18,"enemies":"3 Sentries","floor":8,"turns":7},{"damage":2,"enemies":"2 Louse","floor":10,"turns":2},{"damage":10,"enemies":"Large Slime","floor":12,"turns":5},{"damage":8,"enemies":"Red Slaver","floor":14,"turns":2},{"damage":7,"enemies":"Hexaghost","floor":16,"turns":9},{"damage":4,"enemies":"Shell Parasite","floor":18,"turns":4},{"damage":12,"enemies":"2 Thieves","floor":20,"turns":3},{"damage":5,"enemies":"Snake Plant","floor":22,"turns":4},{"damage":12,"enemies":"Slavers","floor":27,"turns":4},{"damage":0,"enemies":"Book of Stabbing","floor":29,"turns":3},{"damage":0,"enemies":"Shelled Parasite and Fungi","floor":31,"turns":3},{"damage":7,"enemies":"Champ","floor":33,"turns":8},{"damage":18,"enemies":"Orb Walker","floor":35,"turns":4},{"damage":25,"enemies":"2 Orb Walkers","floor":36,"turns":6},{"damage":0,"enemies":"3 Darklings","floor":37,"turns":3},{"damage":0,"enemies":"Maw","floor":39,"turns":3},{"damage":0,"enemies":"Nemesis","floor":41,"turns":5},{"damage":0,"enemies":"Reptomancer","floor":44,"turns":7},{"damage":0,"enemies":"Sphere and 2 Shapes","floor":47,"turns":4},{"damage":4,"enemies":"Nemesis","floor":48,"turns":5},{"damage":0,"enemies":"Donu and Deca","floor":50,"turns":3},{"damage":0,"enemies":"Shield and Spear","floor":54,"turns":7},{"damage":19,"enemies":"The Heart","floor":55,"turns":11}],"seed_played":"8751815037778064916","potions_obtained":[{"floor":1,"key":"Fire Potion"},{"floor":6,"key":"FairyPotion"},{"floor":10,"key":"BlessingOfTheForge"},{"floor":12,"key":"BlessingOfTheForge"},{"floor":20,"key":"AttackPotion"},{"floor":22,"key":"ColorlessPotion"},{"floor":27,"key":"SteroidPotion"},{"floor":31,"key":"Swift Potion"},{"floor":35,"key":"Strength Potion"},{"floor":39,"key":"SkillPotion"},{"floor":44,"key":"DistilledChaos"}],"is_trial":false,"path_per_floor":["M","M","$","?","?","E","R","E","T","M","R","M","R","M","R","B",null,"M","?","M","$","M","R","?","R","T","E","R","E","?","M","R","B",null,"M","?","M","$","M","R","E","R","T","E","?","R","M","E","R","B",null,"R","$","E","B",null],"character_chosen":"DEFECT","items_purchased":["Beam Cell","Energy Potion","Lantern","Melter","Chemical X","War Paint","Finesse","SkillPotion"],"campfire_rested":4,"item_purchase_floors":[3,3,21,21,21,38,53,53],"current_hp_per_floor":[67,60,60,65,53,38,38,20,20,18,42,32,32,24,24,17,64,60,37,25,25,20,44,44,44,44,32,32,32,32,32,32,25,66,48,23,23,23,23,47,47,47,47,47,47,47,47,43,80,80,80,80,80,80,61],"gold":75,"neow_bonus":"BOSS_RELIC","is_daily":false,"chose_seed":false,"campfire_upgraded":8,"win_rate":0.0,"timestamp":1613963011,"path_taken":["M","?","?","?","?","E","R","E","T","M","R","M","R","M","R","BOSS","M","?","M","$","?","R","?","R","T","E","R","E","?","M","R","BOSS","M","?","M","$","M","R","E","R","T","E","?","R","M","E","R","BOSS","R","$","E","BOSS"],"items_purchased_type":["Card","Potion","Relic","Card","Relic","Relic","Card","Potion"],"build_version":"2020-12-22","purchased_purges":2,"victory":true,"max_hp_per_floor":[75,75,75,80,80,80,80,80,80,80,80,80,80,80,80,80,80,80,80,80,80,80,80,80,80,80,80,80,80,80,80,80,80,80,80,80,80,80,80,80,80,80,80,80,80,80,80,80,80,80,80,80,80,80,80],"relic_stats":{"Regal Pillow":13,"Happy Flower":[37],"counters":[26,123],"Astrolabe":["Rebound","Meteor Strike","Skim"],"StoneCalendar":[150],"Bag of Preparation":[30],"War Paint":["Reinforced Body","Defend_B"],"Cursed Key":2,"Centennial Puzzle":[15],"Emotion Chip":[6,0,0,0,6],"Mummified Hand":[20],"Tiny Chest":0,"Chemical X":[21],"obtain_stats":[{"Lantern":21,"Regal Pillow":44,"Happy Flower":6,"Astrolabe":0,"Oddly Smooth Stone":24,"Vajra":54,"StoneCalendar":9,"Bag of Preparation":26,"War Paint":38,"Cursed Key":17,"Empty Cage":34,"Centennial Puzzle":29,"Emotion Chip":41,"Mummified Hand":8,"Tiny Chest":27,"Chemical X":21,"Cracked Core":0,"TungstenRod":5,"FossilizedHelix":36,"Meat on the Bone":48},{"Lantern":10,"Regal Pillow":21,"Happy Flower":3,"Astrolabe":0,"Oddly Smooth Stone":11,"Vajra":25,"StoneCalendar":4,"Bag of Preparation":11,"War Paint":18,"Cursed Key":8,"Empty Cage":15,"Centennial Puzzle":13,"Emotion Chip":20,"Mummified Hand":4,"Tiny Chest":12,"Chemical X":10,"Cracked Core":0,"TungstenRod":2,"FossilizedHelix":17,"Meat on the Bone":23},{"Lantern":43,"Regal Pillow":93,"Happy Flower":11,"Astrolabe":0,"Oddly Smooth Stone":47,"Vajra":112,"StoneCalendar":18,"Bag of Preparation":47,"War Paint":78,"Cursed Key":36,"Empty Cage":65,"Centennial Puzzle":54,"Emotion Chip":86,"Mummified Hand":18,"Tiny Chest":51,"Chemical X":43,"Cracked Core":0,"TungstenRod":8,"FossilizedHelix":75,"Meat on the Bone":102}],"TungstenRod":41,"Meat on the Bone":0},"card_choices":[{"not_picked":["Go for the Eyes","Redo"],"picked":"Aggregate","floor":1},{"not_picked":["Consume","Doom and Gloom","Glacier"],"picked":"SKIP","floor":2},{"not_picked":["Reprogram","Aggregate"],"picked":"Gash","floor":6},{"not_picked":["Lockon","Doom and Gloom","Compile Driver"],"picked":"SKIP","floor":8},{"not_picked":["Stack","Capacitor"],"picked":"Beam Cell","floor":10},{"not_picked":["Scrape","Heatsinks"],"picked":"Go for the Eyes","floor":12},{"not_picked":["Coolheaded","Electrodynamics"],"picked":"Reinforced Body","floor":14},{"not_picked":["Amplify","Buffer"],"picked":"Seek","floor":16},{"not_picked":["Coolheaded","Leap+1"],"picked":"Hologram","floor":18},{"not_picked":["Coolheaded+1","Sweeping Beam"],"picked":"Reprogram","floor":20},{"not_picked":["Reboot","Conserve Battery"],"picked":"Sweeping Beam","floor":22},{"not_picked":["Aggregate+1","Static Discharge"],"picked":"Double Energy+1","floor":27},{"not_picked":["Beam Cell","Coolheaded"],"picked":"Scrape","floor":29},{"not_picked":["Sunder","Coolheaded"],"picked":"Gash","floor":31},{"not_picked":["Reboot","Biased Cognition"],"picked":"Buffer","floor":33},{"not_picked":["Fusion","Beam Cell"],"picked":"Gash+1","floor":35},{"not_picked":["Self Repair","Sweeping Beam"],"picked":"Hologram+1","floor":36},{"not_picked":["Redo","Cold Snap+1"],"picked":"Skim+1","floor":37},{"not_picked":["Melter+1","Static Discharge"],"picked":"Hologram+1","floor":39},{"not_picked":["Hologram","Blizzard","BootSequence"],"picked":"SKIP","floor":41},{"not_picked":["Conserve Battery+1","Auto Shields"],"picked":"All For One","floor":44},{"not_picked":["Chaos","Leap+1"],"picked":"Stack+1","floor":47},{"not_picked":["Ball Lightning","Aggregate+1"],"picked":"Conserve Battery+1","floor":48},{"not_picked":["Sweeping Beam+1","Coolheaded+1","Gash+1"],"picked":"SKIP","floor":54}],"player_experience":289508,"relics_obtained":[{"floor":6,"key":"Happy Flower"},{"floor":8,"key":"Mummified Hand"},{"floor":9,"key":"StoneCalendar"},{"floor":26,"key":"Bag of Preparation"},{"floor":27,"key":"Tiny Chest"},{"floor":29,"key":"Centennial Puzzle"},{"floor":36,"key":"FossilizedHelix"},{"floor":41,"key":"Emotion Chip"},{"floor":44,"key":"Regal Pillow"},{"floor":48,"key":"Meat on the Bone"},{"floor":54,"key":"Vajra"}],"event_choices":[{"damage_healed":0,"gold_gain":0,"player_choice":"Donut","damage_taken":0,"max_hp_gain":5,"max_hp_loss":0,"event_name":"Big Fish","floor":4,"gold_loss":0},{"damage_healed":0,"gold_gain":0,"player_choice":"Success","damage_taken":12,"relics_obtained":["TungstenRod"],"max_hp_gain":0,"max_hp_loss":0,"event_name":"Scrap Ooze","floor":5,"gold_loss":0},{"damage_healed":0,"gold_gain":270,"player_choice":"GOLD GOLD GOLD ","damage_taken":27,"max_hp_gain":0,"max_hp_loss":0,"event_name":"Knowing Skull","floor":19,"potions_obtained":[],"gold_loss":0,"cards_obtained":[]},{"damage_healed":0,"gold_gain":0,"player_choice":"Obtained Relic","damage_taken":0,"relics_obtained":["Oddly Smooth Stone"],"max_hp_gain":0,"max_hp_loss":0,"event_name":"Addict","floor":24,"gold_loss":85},{"damage_healed":0,"gold_gain":0,"cards_transformed":["Strike_B","Strike_B"],"player_choice":"Became Test Subject","damage_taken":0,"max_hp_gain":0,"max_hp_loss":0,"event_name":"Drug Dealer","floor":30,"gold_loss":0,"cards_obtained":["Echo Form","White Noise"]},{"damage_healed":0,"gold_gain":0,"player_choice":"Fight","damage_taken":0,"max_hp_gain":0,"max_hp_loss":0,"event_name":"Mysterious Sphere","floor":36,"gold_loss":0},{"damage_healed":0,"gold_gain":0,"player_choice":"Ignored","damage_taken":0,"max_hp_gain":0,"max_hp_loss":0,"event_name":"Tomb of Lord Red Mask","floor":45,"gold_loss":0}],"is_beta":false,"boss_relics":[{"not_picked":["Black Star","Inserter"],"picked":"Cursed Key"},{"not_picked":["Runic Dome","SlaversCollar"],"picked":"Empty Cage"}],"items_purged_floors":[21,53],"is_endless":false,"potions_floor_spawned":[1,6,10,12,20,22,27,31,35,39,44],"ascension_level":9}}