{"host":"23qk1co0p3p8qz56","time":1613966754,"event":{"mods":["100% Spire Juice","AchievementEnabler","Act Like it!","Arknights","BaseMod","Better Note","Better Third Choice","BetterRewards","CapriCore","Chen","Colored Map","DNKmod","Downfall","Friendly Minions","Gensokyo","Gold Saver","Halation","HololiveMod","KinomotoSakuraMod(木之本?)","Koishi","KomeijiMod","Lobotomy","LobotomyExtend","Mari Mod (Legacy)","Mari\u0027s V1 Patch","Marisa（霧雨　魔理沙）","Minty Spire (QoL Compilation)","MostiFishMod","Prisma Mod","Railgun Mod","Reimu（博??梦）","Remilia（蕾米莉?）","RumiaBox-露米?的神秘盒子","StSLib","The Administrix","The Alterego","The Animator","The Immortal","The Senshi","Waifu the Spire","WarShipGirlsR/??少女R mod","Yakumo Yukari mod","Yohane!","Yuyuko"],"gold_per_floor":[10019,10019,10019,10029,9417,9417,9450,9463,9510,7789,7789,7802,7802,7802,7802,7898,7898,7910,7769,7781,7452,7471,7471,7489,7523,7523,6865,6865,6885,6885,6918,6918,7013,7013,7024,7024,7043,7055,7073,7105,7105,7205,7229,7249,7249,7265,7276,7287,7287,7287,7287,7287,5963,5992,5992],"floor_reached":56,"language":"ENG","playtime":5677,"items_purged":["PrismaMod:ChloeAnyCommonTrace"],"score":1652,"play_id":"4220c721-ea75-4315-aac1-a4179d6f3e6c","local_time":"20210221210554","is_ascension_mode":true,"campfire_choices":[{"floor":6,"key":"RECALL"},{"data":"PrismaMod:ChloeBetterTracePools","floor":13,"key":"SMITH"},{"data":"PrismaMod:ChloeEyeOfTheEuryale","floor":15,"key":"SMITH"},{"data":"PrismaMod:ChloeUnlimitedBladeWorks","floor":23,"key":"SMITH"},{"data":"PrismaMod:ChloeGreatTracePools","floor":30,"key":"SMITH"},{"data":"PrismaMod:ChloeUnlimitedBladeWorks","floor":32,"key":"SMITH"},{"data":"PrismaMod:ChloeGreatTracePools","floor":41,"key":"SMITH"},{"data":"PrismaMod:ChloeAnyRareTrace","floor":45,"key":"SMITH"},{"data":"PrismaMod:ChloeDemonicTutor","floor":49,"key":"SMITH"},{"data":"PrismaMod:ChloeAnyRareTrace","floor":52,"key":"SMITH"}],"circlet_count":0,"master_deck":["PrismaMod:ChloeCheapAttack+1","PrismaMod:ChloeCheapDefend","PrismaMod:ChloeCheapAttackTwo","PrismaMod:ChloeCheapAttackTwo","PrismaMod:ChloeDemonicTutor+1","PrismaMod:ChloeDevil","PrismaMod:ChloeBetterTracePools+1","PrismaMod:ChloeChristmas","PrismaMod:ChloeCaladbolg","PrismaMod:ChloeDiscardRecovery","PrismaMod:ChloeRitsuka","PrismaMod:ChloeDoubleRelicSpeed+1","PrismaMod:ChloeEyeOfTheEuryale+1","PrismaMod:ChloeUnlimitedBladeWorks+1","PrismaMod:ChloeCheapDefendTwo+1","PrismaMod:ChloeMordred","PrismaMod:ChloeRuleBreaker","PrismaMod:ChloeAnyRareTrace+1","PrismaMod:ChloeGaeBolg","PrismaMod:ChloeExhaustOne","PrismaMod:ChloeCommonAOEAttack+1","PrismaMod:ChloeGreatTracePools+1","PrismaMod:ChloeCheapAttack","PrismaMod:ChloeAnyRareTrace+1","PrismaMod:ChloeAnyPowerTrace","PrismaMod:ChloeGreatTracePools+1","PrismaMod:ChloeAnyAttackTrace","PrismaMod:ChloeAnyUncommonTrace","PrismaMod:ChloeHalloween+1","PrismaMod:ChloeCarnivalAttack","PrismaMod:ChloeUnlimitedBladeWorks+1","PrismaMod:ChloeExhaustThree","PrismaMod:ChloeCarnivalAttack","PrismaMod:ChloeCheapAttack+1","PrismaMod:ChloeCheapDefend","PrismaMod:ChloeAnyUncommonTrace","PrismaMod:ChloeRhongomyniad","PrismaMod:ChloeAnySkillTrace","PrismaMod:ChloeDiscardRecovery+1","PrismaMod:ChloeCheapAttackTwo+1","PrismaMod:ChloeExhaustTwo+1","PrismaMod:ChloeCheapDefend","PrismaMod:ChloeUncommonAOEAttack+1","PrismaMod:ChloeCheapDefend+1","PrismaMod:ChloeCheapAttack+1","PrismaMod:ChloeCheapAttack+1","PrismaMod:ChloeDiscardRecovery+1","PrismaMod:ChloeCheapDefendTwo+1"],"relics":["PrismaMod:PrismaTraceOn","Shovel","HollowDreamFlower","TungstenRod","DaveBox","DianPoetry","SynthV:TestCard","LetterFromLob","halation:PinkSoulGem","Ornamental Fan","halation:BottledLove","BirthdayGift-Tetrahedron","MostiFishMod:Haymaker","Omamori","RhineSuit","GodSword1","halation:SelfBoilingWater","SumBook","Bottled Flame","Bag of Preparation","Meat on the Bone","SoulBox","Anchor","SynthV:C4","MetatronsCube","Sundial","Happy Flower","Orichalcum"],"acts_visited":["Exordium","TheCity","TheBeyond","TheEnding"],"potions_floor_usage":[24,35,40,54],"damage_taken":[{"damage":0,"enemies":"Small Slimes","floor":1,"turns":3},{"damage":1,"enemies":"2 Louse","floor":4,"turns":3},{"damage":4,"enemies":"3 Sentries","floor":7,"turns":4},{"damage":3,"enemies":"Jaw Worm","floor":8,"turns":3},{"damage":0,"enemies":"Exordium Thugs","floor":12,"turns":2},{"damage":0,"enemies":"Slime Boss","floor":16,"turns":2},{"damage":0,"enemies":"Spheric Guardian","floor":18,"turns":1},{"damage":14,"enemies":"2 Thieves","floor":20,"turns":3},{"damage":0,"enemies":"Centurion and Healer","floor":22,"turns":2},{"damage":0,"enemies":"Chosen and Byrds","floor":24,"turns":2},{"damage":23,"enemies":"Slavers","floor":25,"turns":2},{"damage":0,"enemies":"Snecko","floor":29,"turns":1},{"damage":12,"enemies":"Gremlin Leader","floor":31,"turns":3},{"damage":0,"enemies":"Collector","floor":33,"turns":3},{"damage":0,"enemies":"3 Darklings","floor":35,"turns":2},{"damage":0,"enemies":"Orb Walker","floor":37,"turns":1},{"damage":0,"enemies":"3 Darklings","floor":38,"turns":2},{"damage":0,"enemies":"Maw","floor":39,"turns":2},{"damage":0,"enemies":"Reptomancer","floor":40,"turns":2},{"damage":0,"enemies":"Jaw Worm Horde","floor":44,"turns":1},{"damage":0,"enemies":"Transient","floor":46,"turns":3},{"damage":0,"enemies":"4 Shapes","floor":47,"turns":1},{"damage":0,"enemies":"3 Darklings","floor":48,"turns":1},{"damage":9,"enemies":"Donu and Deca","floor":50,"turns":3},{"damage":0,"enemies":"Shield and Spear","floor":54,"turns":3},{"damage":0,"enemies":"The Heart","floor":55,"turns":3}],"seed_played":"-2393247600633856986","potions_obtained":[{"floor":4,"key":"bronze:BurnAndBuffPotion"},{"floor":8,"key":"Block Potion"},{"floor":16,"key":"GamblersBrew"},{"floor":18,"key":"CalmPotion"},{"floor":24,"key":"Explosive Potion"},{"floor":25,"key":"Fire Potion"},{"floor":31,"key":"Block Potion"},{"floor":39,"key":"Slimebound:ThreeZeroPotion"},{"floor":40,"key":"AttackPotion"},{"floor":47,"key":"SpeedPotion"},{"floor":54,"key":"CalmPotion"}],"is_trial":false,"path_per_floor":["M","?","?","M","$","R","E","M","T","$","?","M","R","E","R","B",null,"M","$","M","$","M","R","M","E","T","$","?","M","R","E","R","B",null,"M","$","M","M","M","E","R","?","T","M","R","M","M","M","R","B",null,"R","$","E","B",null],"character_chosen":"CHLOE","items_purchased":["PrismaMod:ChloeDevil","PrismaMod:ChloeBetterTracePools","PrismaMod:ChloeChristmas","PrismaMod:ChloeCaladbolg","Ornamental Fan","PrismaMod:ChloeDoubleRelicSpeed","BirthdayGift-Tetrahedron","MostiFishMod:Haymaker","Omamori","PrismaMod:ChloeMordred","PrismaMod:ChloeRuleBreaker","PrismaMod:ChloeGaeBolg","GodSword1","PrismaMod:ChloeExhaustOne","PrismaMod:ChloeCarnivalAttack","PrismaMod:ChloeCheapAttack","PrismaMod:ChloeCheapDefend","Bottled Flame","Bag of Preparation","MetatronsCube","Sundial","Happy Flower"],"campfire_rested":0,"item_purchase_floors":[5,5,5,5,5,10,10,10,10,19,19,21,21,21,27,27,27,27,27,53,53,53],"current_hp_per_floor":[500,500,500,499,499,499,498,499,499,499,499,500,500,500,500,500,500,500,500,488,488,492,492,498,479,479,479,479,483,483,475,475,479,500,500,500,500,500,500,500,500,500,500,500,500,500,500,500,500,491,500,500,500,500,500],"gold":5992,"neow_bonus":"THREE_CARDS","is_daily":false,"chose_seed":false,"campfire_upgraded":9,"win_rate":0.0,"timestamp":1613966754,"path_taken":["M","?","?","M","$","R","E","M","T","$","?","M","R","E","R","BOSS","M","$","M","$","M","R","M","E","T","$","?","M","R","E","R","BOSS","M","$","M","M","M","E","R","?","T","M","R","M","?","M","R","BOSS","R","$","E","BOSS"],"items_purchased_type":["Card","Card","Card","Card","Relic","Card","Relic","Relic","Relic","Card","Card","Card","Relic","Card","Card","Card","Card","Relic","Relic","Relic","Relic","Relic"],"build_version":"2020-12-22","purchased_purges":1,"victory":true,"max_hp_per_floor":[500,500,500,500,500,500,500,500,500,500,500,500,500,500,500,500,500,500,500,500,500,500,500,500,500,500,500,500,500,500,500,500,500,500,500,500,500,500,500,500,500,500,500,500,500,500,500,500,500,500,500,500,500,500,500],"card_choices":[{"not_picked":["PrismaMod:ChloeMaid","PrismaMod:ChloeCommonAOEAttack"],"picked":"PrismaMod:ChloeCheapAttackTwo","floor":0},{"not_picked":["PrismaMod:ChloeCheapAttack","PrismaMod:ChloeCheapDefend"],"picked":"PrismaMod:ChloeCheapAttackTwo","floor":1},{"not_picked":["PrismaMod:ChloeCheapDefendTwo","PrismaMod:ChloeDiscardRecovery","PrismaMod:ChloeCaladbolg","PrismaMod:ChloeUncommonDefend"],"picked":"PrismaMod:ChloeDemonicTutor","floor":4},{"not_picked":["PrismaMod:ChloeDemonicTutor","PrismaMod:ChloeExcalibur","PrismaMod:ChloeRhongomyniad","PrismaMod:ChloeExhaustOne"],"picked":"PrismaMod:ChloeDiscardRecovery","floor":7},{"not_picked":["PrismaMod:ChloeDiscardRecovery","PrismaMod:ChloeDemonicTutor","PrismaMod:ChloeExhaustTwo","PrismaMod:ChloeCheapAttack"],"picked":"PrismaMod:ChloeRitsuka","floor":8},{"not_picked":["PrismaMod:ChloeExcalibur","PrismaMod:ChloeChristmas","PrismaMod:ChloeCheapDefend","PrismaMod:ChloeUncommonDefend"],"picked":"PrismaMod:ChloeEyeOfTheEuryale","floor":12},{"not_picked":["PrismaMod:ChloeCarnivalDefend","PrismaMod:ChloeCarnivalAOEAttack","PrismaMod:ChloeGreatTracePools","PrismaMod:ChloeReshuffleDiscard"],"picked":"PrismaMod:ChloeUnlimitedBladeWorks","floor":16},{"not_picked":["PrismaMod:ChloeCheapAttack","PrismaMod:ChloeDiscardRecovery","PrismaMod:ChloeMaid","PrismaMod:ChloeCheapDefend"],"picked":"PrismaMod:ChloeCheapDefendTwo+1","floor":18},{"not_picked":["PrismaMod:ChloeCheapAttack","PrismaMod:ChloeCheapDefendTwo","PrismaMod:ChloeCheapDefend","PrismaMod:ChloeCommonAOEAttack"],"picked":"PrismaMod:ChloeAnyRareTrace","floor":20},{"not_picked":["PrismaMod:ChloeCheapAttack+1","PrismaMod:ChloeExhaustOne","PrismaMod:ChloeCheapDefend","PrismaMod:ChloeBetterTracePools"],"picked":"PrismaMod:ChloeCommonAOEAttack+1","floor":22},{"not_picked":["PrismaMod:ChloeDemonicTutor","PrismaMod:ChloeUncommonAttack","PrismaMod:ChloeCommonAOEAttack","PrismaMod:ChloeExhaustOne"],"picked":"PrismaMod:ChloeGreatTracePools","floor":24},{"not_picked":["PrismaMod:ChloeMordred","PrismaMod:ChloeCommonAOEAttack","PrismaMod:ChloeGaeBolg","PrismaMod:ChloeCheapDefendTwo"],"picked":"PrismaMod:ChloeCheapAttack","floor":25},{"not_picked":["PrismaMod:ChloeExhaustOne","PrismaMod:ChloeCommonAOEAttack","PrismaMod:ChloeCheapAttack","PrismaMod:ChloeChristmas+1"],"picked":"PrismaMod:ChloeAnyUncommonTrace","floor":29},{"not_picked":["PrismaMod:ChloeGaeBolg","PrismaMod:ChloeDiscardRecovery+1","PrismaMod:ChloeRitsuka","PrismaMod:ChloeCheapDefendTwo"],"picked":"PrismaMod:ChloeRhongomyniad","floor":31},{"not_picked":["PrismaMod:ChloeCarnivalAttack","PrismaMod:ChloeAnyPowerTrace","PrismaMod:ChloeAnyRareTrace","PrismaMod:ChloeGreatTracePools"],"picked":"PrismaMod:ChloeAnySkillTrace","floor":33},{"not_picked":["PrismaMod:ChloeCheapAttack+1","PrismaMod:ChloeCommonAOEAttack","PrismaMod:ChloeCaladbolg+1","PrismaMod:ChloeCheapAttackTwo"],"picked":"PrismaMod:ChloeDiscardRecovery+1","floor":35},{"not_picked":["PrismaMod:ChloeDiscardRecovery","PrismaMod:ChloeEyeOfTheEuryale","PrismaMod:ChloeCommonAOEAttack","PrismaMod:ChloeBetterTracePools+1"],"picked":"PrismaMod:ChloeCheapAttackTwo+1","floor":37},{"not_picked":["PrismaMod:ChloeCheapDefendTwo","PrismaMod:ChloeCommonAOEAttack","PrismaMod:ChloeCheapAttackTwo","PrismaMod:ChloeMordred"],"picked":"PrismaMod:ChloeExhaustTwo+1","floor":38},{"not_picked":["PrismaMod:ChloeEyeOfTheEuryale","PrismaMod:ChloeCommonAOEAttack+1","PrismaMod:ChloeRitsuka+1","PrismaMod:ChloeMaid"],"picked":"PrismaMod:ChloeCheapDefend","floor":39},{"not_picked":["PrismaMod:ChloeRuleBreaker+1","PrismaMod:ChloeAnyCommonTrace","PrismaMod:ChloeCheapAttackTwo","PrismaMod:ChloeRitsuka+1"],"picked":"PrismaMod:ChloeUncommonAOEAttack+1","floor":40},{"not_picked":["PrismaMod:ChloeRitsuka+1","PrismaMod:ChloeMaid","PrismaMod:ChloeBetterTracePools+1","PrismaMod:ChloeDemonicTutor"],"picked":"PrismaMod:ChloeCheapDefend+1","floor":44},{"not_picked":["PrismaMod:ChloeCheapDefendTwo+1","PrismaMod:ChloeExhaustOne","PrismaMod:ChloeCheapAttackTwo+1","PrismaMod:ChloeRuleBreaker+1"],"picked":"PrismaMod:ChloeCheapAttack+1","floor":46},{"not_picked":["PrismaMod:ChloeCommonAOEAttack","PrismaMod:ChloeUncommonDefend+1","PrismaMod:ChloeRuleBreaker","PrismaMod:ChloeExhaustOne+1"],"picked":"PrismaMod:ChloeCheapAttack+1","floor":47},{"not_picked":["PrismaMod:ChloeUncommonDefend","PrismaMod:ChloeEyeOfTheEuryale+1","PrismaMod:ChloeCommonAOEAttack+1","PrismaMod:ChloeAnySkillTrace"],"picked":"PrismaMod:ChloeDiscardRecovery+1","floor":48},{"not_picked":["PrismaMod:ChloeCheapDefend","PrismaMod:ChloeBetterTracePools","PrismaMod:ChloeEyeOfTheEuryale+1","PrismaMod:ChloeRhongomyniad"],"picked":"PrismaMod:ChloeCheapDefendTwo+1","floor":54}],"player_experience":229153,"relics_obtained":[{"floor":1,"key":"SynthV:TestCard"},{"floor":1,"key":"LetterFromLob"},{"floor":7,"key":"halation:BottledLove"},{"floor":25,"key":"halation:SelfBoilingWater"},{"floor":26,"key":"SumBook"},{"floor":31,"key":"Meat on the Bone"},{"floor":40,"key":"Anchor"},{"floor":43,"key":"SynthV:C4"},{"floor":54,"key":"Orichalcum"}],"event_choices":[{"damage_healed":0,"gold_gain":0,"player_choice":"Grow","damage_taken":0,"max_hp_gain":0,"max_hp_loss":0,"event_name":"Living Wall","floor":3,"gold_loss":0,"cards_upgraded":["PrismaMod:ChloeCheapAttack"]},{"damage_healed":0,"gold_gain":0,"player_choice":"Upgraded","damage_taken":0,"max_hp_gain":0,"max_hp_loss":0,"event_name":"Upgrade Shrine","floor":11,"gold_loss":0,"cards_upgraded":["PrismaMod:ChloeDoubleRelicSpeed"]},{"damage_healed":0,"gold_gain":0,"player_choice":"Ignored","damage_taken":0,"max_hp_gain":0,"max_hp_loss":0,"event_name":"betterNote:BetterNote","floor":28,"gold_loss":0,"cards_obtained":["animator:Wiz"]},{"damage_healed":0,"gold_gain":100,"player_choice":"Pray","damage_taken":0,"max_hp_gain":0,"max_hp_loss":0,"event_name":"Golden Shrine","floor":42,"gold_loss":0}],"is_beta":false,"boss_relics":[{"not_picked":["Hololive_TopUpMoneyS","ExusiaiGun"],"picked":"RhineSuit"},{"not_picked":["halation:ForbiddenBikini","NightmareShop"],"picked":"SoulBox"}],"items_purged_floors":[53],"is_endless":false,"potions_floor_spawned":[4,8,16,18,24,25,31,39,40,47,48,54],"ascension_level":1}}