{"host":"zmzacdglms6ret13","time":1613987917,"event":{"mods":["Act Like it!","BaseMod","Colored Map","Decade(王小明)","Downfall","Energized Spire","Highlight Path","Marisa（F雨　魔理沙）","Minty Spire (QoL Compilation)","MostiFishMod","Pale of the Ancients","Quick Restart","Replay The Spire","RumiaBox-露米娅的神秘盒子","SOS（斯巴达之子）","StSLib","Td1madao Mod","The Construct","The Cursed","The IronCluck","The Servant 0.9.4","Waifu the Spire","Warlord Emblem"],"gold_per_floor":[119,119,119,132,151,186,186,186,210,241,241,276,276,304,304,400,400,415,427,427,61,61,96,96,122,122,122,141,154,189,189,189,285,285,298,248,266,281,218,253,253,283,334,348,360,380,380,414,414,414,433,445,445,144,144,158,158,60,60,60],"floor_reached":61,"language":"ZHS","playtime":3923,"items_purged":["Bash","Strike_R","Strike_R","Strike_R"],"score":1867,"play_id":"120083e9-1e13-4f5c-adf8-39d28b80cbb1","local_time":"20210222175837","is_ascension_mode":true,"campfire_choices":[{"data":"Entrench","floor":7.0,"key":"SMITH"},{"data":"Armaments","floor":11.0,"key":"SMITH"},{"data":"Rampage","floor":13.0,"key":"SMITH"},{"floor":15.0,"key":"RECALL"},{"data":"True Grit","floor":27.0,"key":"SMITH"},{"data":"True Grit","floor":32.0,"key":"SMITH"},{"data":"MostiFishMod:Galeforce","floor":41.0,"key":"SMITH"},{"data":"Barricade","floor":47.0,"key":"SMITH"},{"data":"Defy Death","floor":49.0,"key":"SMITH"},{"data":"Pot Of Greed","floor":55.0,"key":"SMITH"},{"data":"Seeing Red","floor":57,"key":"SMITH"}],"circlet_count":0,"master_deck":["Defend_R+1","Defend_R","Defend_R","Defend_R","Rampage+1","Shrug It Off","True Grit+1","Armaments+1","Entrench+1","Power Through","Berserk","ReplayReversal+1","Body Slam","ReplayTheSpireMod:Corrosion Curse+1","Dark Embrace+1","MostiFishMod:Galeforce+1","Second Wind","Body Slam","True Grit+1","Defy Death+1","Battle Trance+1","Seeing Red+1","Feel No Pain+1","Sentinel","Barricade+1","Feel No Pain+1","Body Slam+1","Shrug It Off+1","Pot Of Greed+1","Pot Of Greed+1","Pot Of Greed+1","Body Slam+1","MostiFishMod:MusicBox"],"relics":["Burning Blood","DaveBox","ThornShield","SynthV:TestCard","Strawberry","Art of War","Ancient Tea Set","Blue Doll","MagicDraw3","PatriotShield","Membership Card","GodSword4","FossilizedHelix","Gambling Chip","Replay:Baseball","GodSword6","bronze:MakeshiftBattery","Mercury Hourglass","Calipers","Omamori","ReplayTheSpireMod:Shallot","paleoftheancients:Timepiece","paleoftheancients:KeyRelic","Ice Cream","Bronze Scales","paleoftheancients:SoulOfTheCollector","Blue Candle","Grinning Jar","War Paint","Technique"],"acts_visited":["Exordium","TheCity","TheBeyond","TheBeyond"],"potions_floor_usage":[60],"damage_taken":[{"damage":3.0,"enemies":"Jaw Worm","floor":1.0,"turns":4.0},{"damage":1.0,"enemies":"2 Louse","floor":4.0,"turns":2.0},{"damage":3.0,"enemies":"Small Slimes","floor":5.0,"turns":3.0},{"damage":1.0,"enemies":"Replay:BlueRogue","floor":6.0,"turns":7.0},{"damage":0.0,"enemies":"Gremlin Nob","floor":10.0,"turns":4.0},{"damage":16.0,"enemies":"Lagavulin","floor":12.0,"turns":9.0},{"damage":1.0,"enemies":"Gremlin Nob","floor":14.0,"turns":3.0},{"damage":11.0,"enemies":"Hexaghost","floor":16.0,"turns":11.0},{"damage":0.0,"enemies":"Spheric Guardian","floor":18.0,"turns":4.0},{"damage":0.0,"enemies":"Shell Parasite","floor":19.0,"turns":3.0},{"damage":8.0,"enemies":"Book of Stabbing","floor":23.0,"turns":5.0},{"damage":0.0,"enemies":"Slavers","floor":25.0,"turns":4.0},{"damage":0.0,"enemies":"Chosen and Byrds","floor":28.0,"turns":3.0},{"damage":0.0,"enemies":"Snake Plant","floor":29.0,"turns":4.0},{"damage":0.0,"enemies":"Gremlin Leader","floor":30.0,"turns":5.0},{"damage":0.0,"enemies":"Champ","floor":33.0,"turns":7.0},{"damage":0.0,"enemies":"Orb Walker","floor":35.0,"turns":3.0},{"damage":0.0,"enemies":"3 Darklings","floor":37.0,"turns":4.0},{"damage":0.0,"enemies":"4 Shapes","floor":38.0,"turns":5.0},{"damage":0.0,"enemies":"Reptomancer","floor":40.0,"turns":4.0},{"damage":0.0,"enemies":"Giant Head","floor":42.0,"turns":4.0},{"damage":0.0,"enemies":"Maw","floor":44.0,"turns":5.0},{"damage":0.0,"enemies":"Spire Growth","floor":45.0,"turns":4.0},{"damage":0.0,"enemies":"Writhing Mass","floor":46.0,"turns":4.0},{"damage":0.0,"enemies":"Nemesis","floor":48.0,"turns":5.0},{"damage":0.0,"enemies":"Donu and Deca","floor":50.0,"turns":6.0},{"damage":0.0,"enemies":"Donu and Deca","floor":51.0,"turns":5.0},{"damage":0.0,"enemies":"Donu and Deca","floor":52.0,"turns":3.0},{"damage":0,"enemies":"Donu and Deca","floor":56,"turns":8},{"damage":4,"enemies":"paleoftheancients:N","floor":60,"turns":5}],"seed_played":"-796328604682196117","potions_obtained":[{"floor":4.0,"key":"Energy Potion"},{"floor":5.0,"key":"Fire Potion"},{"floor":6.0,"key":"Reflective Coating"},{"floor":23.0,"key":"ColorlessPotion"},{"floor":25.0,"key":"Adrenaline Potion"},{"floor":28.0,"key":"ElixirPotion"},{"floor":38.0,"key":"Energy Potion"},{"floor":52.0,"key":"EntropicBrew"}],"is_trial":false,"path_per_floor":["M","?","?","M","M","E","R","?","T","E","R","E","R","E","R_BF","B",null,"M","M","?","$","T","E","?","E","T","R","M","M","E","?","R","B",null,"M","$","M","M","$","E","R","E","T","M","M","M","R","E","R","B","M","M","?","$","R","M","R","$","?","B",null],"character_chosen":"IRONCLAD","items_purchased":["Membership Card","Dark Embrace+1","GodSword4","MostiFishMod:Galeforce","Grinning Jar","War Paint","Technique","MostiFishMod:MusicBox"],"campfire_rested":0,"item_purchase_floors":[21,21,21,21,54,54,54,58],"current_hp_per_floor":[80,85,85,85,85,92,92,92,92,92,92,82,82,87,87,82,92,92,92,92,92,92,90,90,92,92,92,92,92,92,92,92,92,92,92,92,92,92,92,92,92,92,92,92,92,92,92,92,92,92,92,92,87,87,87,92,92,92,92,92],"gold":60,"neow_bonus":"TRANSFORM_CARD","is_daily":false,"chose_seed":false,"campfire_upgraded":10,"win_rate":0.0,"timestamp":1613987917,"path_taken":["M","?","?","M","M","E","R","?","T","E","R","E","R","E","R_BF","BOSS","M","M","?","$","?","E","?","E","T","R","M","?","E","?","R","BOSS","M","$","?","M","$","E","R","E","T","M","?","M","R","E","R","BOSS","M","M","?","$","R","M","R","$","?","BOSS"],"items_purchased_type":["Relic","Card","Relic","Card","Relic","Relic","Relic","Card"],"build_version":"2020-12-22","purchased_purges":4,"victory":true,"max_hp_per_floor":[80,85,85,85,85,92,92,92,92,92,92,92,92,92,92,92,92,92,92,92,92,92,92,92,92,92,92,92,92,92,92,92,92,92,92,92,92,92,92,92,92,92,92,92,92,92,92,92,92,92,92,92,92,92,92,92,92,92,92,92],"card_choices":[{"not_picked":["Twin Strike","Dark Embrace"],"picked":"Shrug It Off","floor":1.0},{"not_picked":["Anger","Perfected Strike","Run Through","ReplayTheSpireMod:Strike From Hell"],"picked":"True Grit","floor":4.0},{"not_picked":["ReplayTheSpireMod:LeadingStrike","Thunderclap","Combust","Battle Trance"],"picked":"Armaments","floor":5.0},{"not_picked":["Burning Pact","ReplayTheSpireMod:Limb From Limb","True Grit","Fiend Fire"],"picked":"Entrench","floor":6.0},{"not_picked":["Combust","Warcry","Shrug It Off","Disarm","Twin Strike"],"picked":"SKIP","floor":10.0},{"not_picked":["Inflame","Dual Wield","MostiFishMod:KnuckleDown","Dark Embrace"],"picked":"Power Through","floor":12.0},{"not_picked":["Massacre","Wild Strike","Perfected Strike","True Grit","Clash"],"picked":"SKIP","floor":14.0},{"not_picked":["MostiFishMod:404NotFound","Fiend Fire","Feed","Demon Form"],"picked":"Berserk","floor":16.0},{"not_picked":["Clothesline","Sword Boomerang","ReplayTheSpireMod:Limb From Limb","Shrug It Off"],"picked":"ReplayReversal","floor":18.0},{"not_picked":["Armaments","ReplayTheSpireMod:LeadingStrike+1","Warcry","Havoc+1","Run Through"],"picked":"SKIP","floor":19.0},{"not_picked":["Juggernaut","Clothesline","Sever Soul+1","Inflame"],"picked":"Second Wind","floor":23.0},{"not_picked":["Ghostly Armor","Shrug It Off+1","Inflame+1","Hemokinesis"],"picked":"Body Slam","floor":25.0},{"not_picked":["Sever Soul","Cleave+1","Dark Embrace","Thunderclap"],"picked":"True Grit","floor":28.0},{"not_picked":["Inflame+1","Immolate","Cleave","ReplayTheSpireMod:Strike From Hell+1"],"picked":"Defy Death","floor":29.0},{"not_picked":["Dark Embrace","Bloodletting","Ghostly Armor","Clash"],"picked":"Battle Trance+1","floor":30.0},{"not_picked":["Metallicize","Armaments+1","Abandon","True Grit"],"picked":"Seeing Red","floor":35.0},{"not_picked":["Inflame","Flex+1","Combust","Anger"],"picked":"Feel No Pain+1","floor":37.0},{"not_picked":["ReplayReversal","Twin Strike","Wild Strike","ReplayTheSpireMod:Muscle Training+1"],"picked":"Sentinel","floor":38.0},{"not_picked":["ReplayTheSpireMod:Strike From Hell+1","Bloodletting+1","Ghostly Armor+1","ReplayTheSpireMod:Corrosion Curse","Battle Trance"],"picked":"SKIP","floor":40.0},{"not_picked":["Entrench+1","Power Through+1","ReplayTheSpireMod:Muscle Training","Cleave+1"],"picked":"Barricade","floor":42.0},{"not_picked":["Whirlwind","True Grit","Heavy Blade+1","Iron Wave+1","Berserk"],"picked":"SKIP","floor":44.0},{"not_picked":["Pummel+1","True Grit+1","Clothesline","Perfected Strike+1"],"picked":"Feel No Pain+1","floor":45.0},{"not_picked":["True Grit","Perfected Strike","Body Slam+1","Entrench","Disarm"],"picked":"SKIP","floor":46.0},{"not_picked":["Heavy Blade","Rage","Pommel Strike","Armaments"],"picked":"Body Slam+1","floor":48.0},{"not_picked":["Reckless Charge+1","Replay:Undeath\u0027s Touch+1","MostiFishMod:HellRitual","Perfected Strike"],"picked":"Shrug It Off+1","floor":51.0},{"not_picked":["Whirlwind","True Grit+1","Pummel+1","MostiFishMod:BrandingRite","Flame Barrier"],"picked":"SKIP","floor":52.0},{"not_picked":["Flex","Heavy Blade","True Grit","Massacre"],"picked":"Body Slam+1","floor":56}],"player_experience":361298,"relics_obtained":[{"floor":1.0,"key":"SynthV:TestCard"},{"floor":6.0,"key":"Strawberry"},{"floor":9.0,"key":"Art of War"},{"floor":10.0,"key":"Ancient Tea Set"},{"floor":12.0,"key":"Blue Doll"},{"floor":14.0,"key":"MagicDraw3"},{"floor":23.0,"key":"FossilizedHelix"},{"floor":25.0,"key":"Gambling Chip"},{"floor":26.0,"key":"Replay:Baseball"},{"floor":30.0,"key":"GodSword6"},{"floor":40.0,"key":"Mercury Hourglass"},{"floor":42.0,"key":"Calipers"},{"floor":43.0,"key":"Omamori"},{"floor":48.0,"key":"ReplayTheSpireMod:Shallot"},{"floor":52.0,"key":"paleoftheancients:SoulOfTheCollector"}],"event_choices":[{"damage_healed":0.0,"max_hp_gain":5.0,"max_hp_loss":0.0,"gold_gain":0.0,"event_name":"Big Fish","player_choice":"Donut","floor":2.0,"gold_loss":0.0,"damage_taken":0.0},{"cards_removed":["Strike_R"],"damage_healed":0.0,"max_hp_gain":0.0,"max_hp_loss":0.0,"gold_gain":0.0,"event_name":"Living Wall","player_choice":"Forget","floor":3.0,"gold_loss":0.0,"damage_taken":0.0},{"damage_healed":0.0,"max_hp_gain":0.0,"max_hp_loss":0.0,"gold_gain":0.0,"event_name":"Liars Game","player_choice":"Ignored","floor":8.0,"gold_loss":0.0,"damage_taken":0.0},{"damage_healed":0.0,"max_hp_gain":0.0,"max_hp_loss":0.0,"gold_gain":0.0,"event_name":"Match and Keep!","player_choice":"2 cards matched","floor":20.0,"gold_loss":0.0,"damage_taken":0.0,"cards_obtained":["Body Slam","ReplayTheSpireMod:Corrosion Curse"]},{"damage_healed":0.0,"max_hp_gain":0.0,"max_hp_loss":0.0,"gold_gain":0.0,"event_name":"Upgrade Shrine","player_choice":"Upgraded","floor":31.0,"gold_loss":0.0,"damage_taken":0.0,"cards_upgraded":["ReplayReversal"]}],"is_beta":false,"boss_relics":[{"not_picked":["energizedSpire:RedRose","energizedSpire:DecayingSkull"],"picked":"PatriotShield"},{"not_picked":["Black Blood","Electric Blood"],"picked":"bronze:MakeshiftBattery"}],"items_purged_floors":[21,36,39,54],"is_endless":false,"potions_floor_spawned":[4,5,6,23,25,28,29,30,38,40,42,45,52,56],"ascension_level":1}}