{"host":"aa6fvbpmsafso8gw","time":1613967342,"event":{"mods":["2.2 Compatiblity","Act Like it!","Arknights","Aspiration","Bartender","BaseMod","Beaked The Cultist","Better Altar","Better Match","Better Note","Better Sensory Stone","Better Skull","Better Third Choice","BetterRewards","CatGirl Mod","ChefMod","Colored Map","Colored Powertips","Conspire","Curses Come First","Dio Mod","Downfall","Energized Spire","GifTheSpireLib","Halation","Hallownest","Hubris","Infinite Spire","JesterMod","Jorbs\u0027s Wanderer Trilogy","Minty Spire (QoL Compilation)","MostiFishMod","Quick Restart","Rare Cards Sparkle","Reliquary","Replay The Spire","Retaliation","Robot Space Explorer","Ruina","Shade Mod","Shapeshifter Mod","Shop Mod","Spicy Shops","Spire Arcade","StSLib","Stuff the Spire","SuperFastMode","The Bug Knight","The Cursed","The Disciple","The Dragonkin","The Gatherer","The Hayseed","The Hierophant","The IronCluck","The Mystic","The Poker Player","The Problem Sleuth","The Sage","The Wild Card","TheFirefly","slay the spire mod where everything is the same but ironclad has a cowboy hat","thorton"],"gold_per_floor":[367,387,140,153,153,153,169,24,48,80,106,106,133,157,157,275,275,314,314,314,350,388,388,388,388,412,444,444,469,669,695,695,818,818,851,883,914,413,437,437,437,437,461,505,555,239,264,297,297,340,340,340,3,58,84],"floor_reached":56,"language":"ENG","playtime":2649,"items_purged":["chefmod:Defend","Regret","Injury","StSShapeShifter:ShapeShifter_Strike","StSShapeShifter:ShapeShifter_Defend","StSShapeShifter:ShapeShifter_Strike","StSShapeShifter:ShapeShifter_Strike"],"score":1103,"play_id":"76eabbb4-8ddf-4782-a92e-7034e36562bb","local_time":"20210221231542","is_ascension_mode":false,"campfire_choices":[{"floor":12.0,"key":"REST"},{"floor":15.0,"key":"REST"},{"data":"StSShapeShifter:VineHandcuffs","floor":23.0,"key":"SMITH"},{"data":"infinitespire:Punishment","floor":25.0,"key":"SMITH"},{"floor":32.0,"key":"REST"},{"floor":40.0,"key":"REST"},{"floor":49.0,"key":"RECALL"},{"data":"StSShapeShifter:CosmicShifter","floor":52.0,"key":"SMITH"}],"circlet_count":0,"master_deck":["StSShapeShifter:ShapeShifter_Strike+1","StSShapeShifter:ShapeShifter_Strike","StSShapeShifter:ShapeShifter_Defend","StSShapeShifter:ShapeShifter_Defend","StSShapeShifter:ShapeShifter_Defend","StSShapeShifter:Tortoise_Form+1","StSShapeShifter:Lynx_Form","StSShapeShifter:BurstingSpore+1","StSShapeShifter:BladeOfGrass+1","StSShapeShifter:OakBlade","StSShapeShifter:VineHandcuffs+1","StSShapeShifter:BloomingSlash","StSShapeShifter:PantherForm+1","StSShapeShifter:ShiftingStrike","StSShapeShifter:PoisonIvy+1","StSShapeShifter:AdaptiveStrikes+1","StSShapeShifter:RockSlide","StSShapeShifter:MysticalSeed","StSShapeShifter:DiverseSpirit+1","StSShapeShifter:SquirrelForm+1","hubris:Fate+1","infinitespire:Collect+1","StSShapeShifter:PoisonIvy+1","StSShapeShifter:ShiftingStrike","infinitespire:Punishment+1","StSShapeShifter:Roar+1","StSShapeShifter:PowerShifter","StSShapeShifter:CosmicShifter+1","StSShapeShifter:MammothForm+1","StSShapeShifter:DeerForm+1","StSShapeShifter:PhoenixForm+1","StSShapeShifter:FoxForm+1","StSShapeShifter:BaskInBloom","StSShapeShifter:MultiSpiritedStrike+1","StSShapeShifter:DeerForm+1","StSShapeShifter:PantherForm+1","Discovery+1","StSShapeShifter:Bonk","StSShapeShifter:BladeOfGrass+1","StSShapeShifter:RatForm+1","StSShapeShifter:Summer","StSShapeShifter:BurstingSpore+1","StSShapeShifter:VineHandcuffs+1","StSShapeShifter:HippoForm+1","StSShapeShifter:CosmicShifter","StSShapeShifter:OpportuneSwoop","StSShapeShifter:RaptorForm+1"],"relics":["StSShapeShifter:AnimalHeart","StSShapeShifter:TheShapeShiftersMagnolia","DaveBox","SynthV:TestCard","MerchantsRug","Toxic Egg 2","StuffTheSpire:RedRose","Replay:Bandana","xbg","reliquary:PrincelyHelmet","Membership Card","StSShapeShifter:EmeraldPantherFigurine","StuffTheSpire:Experiment12","infinitespire:Satchel","conspire:TopHat","Replay:WaspNest","StSShapeShifter:WristwrapsOfDiscovery","Cleaning_Rag","OrangePellets","hubris:Spice"],"acts_visited":["Exordium","TheCity","TheBeyond","TheEnding"],"potions_floor_usage":[55,55],"damage_taken":[{"damage":14.0,"enemies":"Jaw Worm","floor":1.0,"turns":5.0},{"damage":3.0,"enemies":"Small Slimes","floor":2.0,"turns":3.0},{"damage":0.0,"enemies":"Cultist","floor":4.0,"turns":2.0},{"damage":3.0,"enemies":"Large Slime","floor":7.0,"turns":5.0},{"damage":13.0,"enemies":"2 Fungi Beasts","floor":10.0,"turns":3.0},{"damage":26.0,"enemies":"Exordium Thugs","floor":11.0,"turns":3.0},{"damage":0.0,"enemies":"Exordium Wildlife","floor":13.0,"turns":3.0},{"damage":9.0,"enemies":"Lots of Slimes","floor":14.0,"turns":4.0},{"damage":42.0,"enemies":"Slime Boss","floor":16.0,"turns":6.0},{"damage":0.0,"enemies":"Chosen","floor":18.0,"turns":4.0},{"damage":6.0,"enemies":"Shell Parasite","floor":21.0,"turns":3.0},{"damage":0.0,"enemies":"Cultist and Chosen","floor":22.0,"turns":3.0},{"damage":21.0,"enemies":"Snake Plant","floor":27.0,"turns":4.0},{"damage":8.0,"enemies":"Snecko","floor":29.0,"turns":3.0},{"damage":20.0,"enemies":"Centurion and Healer","floor":31.0,"turns":3.0},{"damage":10.0,"enemies":"hubris:MusketHawk","floor":33.0,"turns":4.0},{"damage":17.0,"enemies":"3 Shapes","floor":35.0,"turns":4.0},{"damage":0.0,"enemies":"Orb Walker","floor":36.0,"turns":3.0},{"damage":10.0,"enemies":"Writhing Mass","floor":37.0,"turns":4.0},{"damage":0.0,"enemies":"Jaw Worm Horde","floor":39.0,"turns":2.0},{"damage":18.0,"enemies":"Transient","floor":44.0,"turns":5.0},{"damage":4.0,"enemies":"Giant Head","floor":45.0,"turns":6.0},{"damage":2.0,"enemies":"Reptomancer","floor":48.0,"turns":2.0},{"damage":39.0,"enemies":"Replay:Hell Engine","floor":50.0,"turns":8.0},{"damage":59.0,"enemies":"Shield and Spear","floor":54.0,"turns":4.0},{"damage":55,"enemies":"The Heart","floor":55,"turns":6}],"seed_played":"-4976295425694979892","potions_obtained":[{"floor":10.0,"key":"LiquidMemories"},{"floor":11.0,"key":"Reflective Coating"},{"floor":13.0,"key":"SkillPotion"},{"floor":18.0,"key":"hexamod:SoulburnPotion"},{"floor":27.0,"key":"Slimebound:ThreeZeroPotion"},{"floor":31.0,"key":"hexamod:SoulburnPotion"},{"floor":44.0,"key":"Milkshake"}],"is_trial":false,"path_per_floor":["M","M","$","M","?","?","M","$","T","M","M","R","M","M","R","B",null,"M","?","AVR","M","M","R","?","R","T","M","?","M","?","M","R","B",null,"M","M","M","$","M","R","?","?","T","M","E","$","T","E","R","B",null,"R","$","E","B",null],"character_chosen":"SHAPESHIFTER","items_purchased":["MerchantsRug","StSShapeShifter:OakBlade","StSShapeShifter:PantherForm+1","Membership Card","StSShapeShifter:BaskInBloom","StSShapeShifter:MultiSpiritedStrike+1","StSShapeShifter:EmeraldPantherFigurine","StSShapeShifter:DeerForm+1","StSShapeShifter:PantherForm+1","Discovery+1","StuffTheSpire:Experiment12","infinitespire:Midas Blood","Whetstone","StSShapeShifter:BurstingSpore+1","StSShapeShifter:HippoForm+1","StSShapeShifter:WristwrapsOfDiscovery","StSShapeShifter:CosmicShifter","BlessingOfTheForge","Cleaning_Rag","StSShapeShifter:OpportuneSwoop","OrangePellets"],"campfire_rested":4,"item_purchase_floors":[3,3,8,38,38,38,38,38,38,38,38,46,46,46,53,53,53,53,53,53,53],"current_hp_per_floor":[64,61,61,61,61,61,58,58,58,45,19,42,42,33,56,14,78,78,78,78,72,72,72,53,53,53,32,32,24,24,4,27,17,78,61,61,51,51,51,74,74,74,74,56,52,52,52,50,50,11,76,76,76,25,13],"gold":84,"neow_bonus":"TWO_FIFTY_GOLD","is_daily":false,"chose_seed":false,"campfire_upgraded":3,"win_rate":0.0,"timestamp":1613967342,"path_taken":["M","M","$","M","?","?","M","$","T","M","M","R","M","M","R","BOSS","M","?","AVR","M","M","R","?","R","T","M","?","?","?","M","R","BOSS","M","M","?","$","M","R","?","?","T","?","E","$","?","E","R","BOSS","R","$","E","BOSS"],"items_purchased_type":["Relic","Card","Card","Relic","Card","Card","Relic","Card","Card","Card","Relic","Relic","Relic","Card","Card","Relic","Card","Potion","Relic","Card","Relic"],"build_version":"2020-12-22","purchased_purges":7,"victory":true,"max_hp_per_floor":[78,78,78,78,78,78,78,78,78,78,78,78,78,78,78,78,78,78,78,78,78,78,78,78,78,78,78,78,78,78,78,78,78,78,78,78,78,78,78,78,78,78,78,78,78,78,78,76,76,76,76,76,76,84,84],"card_choices":[{"not_picked":["StSShapeShifter:BearForm","StSShapeShifter:FesteringBite"],"picked":"StSShapeShifter:BurstingSpore","floor":1.0},{"not_picked":["StSShapeShifter:Rest","StSShapeShifter:SpiritOfTheEarth","StSShapeShifter:FesteringBite","StSShapeShifter:PoisonIvy"],"picked":"StSShapeShifter:BladeOfGrass","floor":2.0},{"not_picked":["StSShapeShifter:SunflowerShuriken","StSShapeShifter:BurstingSpore","StSShapeShifter:TopazSkin","StSShapeShifter:HippoForm"],"picked":"StSShapeShifter:VineHandcuffs","floor":4.0},{"not_picked":["StSShapeShifter:Roar+1","StSShapeShifter:ShiftingStrike","StSShapeShifter:MonkeyForm+1","StSShapeShifter:MooseForm+1"],"picked":"StSShapeShifter:BloomingSlash","floor":7.0},{"not_picked":["StSShapeShifter:FlowerShield+1","StSShapeShifter:Hunt","StSShapeShifter:BladeOfGrass","StSShapeShifter:EntForm+1"],"picked":"StSShapeShifter:ShiftingStrike","floor":10.0},{"not_picked":["StSShapeShifter:BarkSkin+1","StSShapeShifter:FallingLeaves+1","StSShapeShifter:SquirrelForm+1","StSShapeShifter:Autumn"],"picked":"StSShapeShifter:PoisonIvy+1","floor":11.0},{"not_picked":["StSShapeShifter:Maul","StSShapeShifter:BladeOfGrass","StSShapeShifter:OpportuneSwoop","StSShapeShifter:SquirrelForm+1"],"picked":"StSShapeShifter:AdaptiveStrikes","floor":13.0},{"not_picked":["StSShapeShifter:CursedApple","StSShapeShifter:Synchronicity","StSShapeShifter:FoxForm+1","StSShapeShifter:Sapling+1"],"picked":"StSShapeShifter:RockSlide","floor":14.0},{"not_picked":["StSShapeShifter:Sap_Burst","StSShapeShifter:MooseForm+1","StSShapeShifter:BurstOfLifeEscapeDeath","StSShapeShifter:BurrBomb+1"],"picked":"StSShapeShifter:MysticalSeed","floor":16.0},{"not_picked":["StSShapeShifter:BladeOfGrass+1","StSShapeShifter:ThrashAbout","StSShapeShifter:OpportuneSwoop","StSShapeShifter:Guard+1"],"picked":"StSShapeShifter:DiverseSpirit+1","floor":18.0},{"not_picked":["StSShapeShifter:Maul","StSShapeShifter:ShiftingStrike","StSShapeShifter:Guard+1","StSShapeShifter:AdaptiveStrikes"],"picked":"StSShapeShifter:PoisonIvy+1","floor":21.0},{"not_picked":["StSShapeShifter:WaspSwarmForm+1","StSShapeShifter:BulwarkOfDiscovery","StSShapeShifter:BloomingSlash","StSShapeShifter:EmbraceTheCycle"],"picked":"StSShapeShifter:ShiftingStrike","floor":22.0},{"not_picked":["infinitespire:SealOfDarkness+","infinitespire:Menacing"],"picked":"infinitespire:Punishment","floor":24.0},{"not_picked":["StSShapeShifter:AdaptiveStrikes+1","StSShapeShifter:ShiftingStrike","StSShapeShifter:Sapling+1","StSShapeShifter:ClimbTree+1"],"picked":"StSShapeShifter:Roar+1","floor":27.0},{"not_picked":["StSShapeShifter:Rest+1","StSShapeShifter:ShiftingStrike","StSShapeShifter:EntForm+1","StSShapeShifter:VineHandcuffs+1"],"picked":"StSShapeShifter:PowerShifter","floor":29.0},{"not_picked":["StSShapeShifter:DiverseSpirit","StSShapeShifter:SunflowerShuriken","StSShapeShifter:ThornToss","StSShapeShifter:CursedApple"],"picked":"StSShapeShifter:CosmicShifter","floor":31.0},{"not_picked":["StSShapeShifter:Forgiveness+1","StSShapeShifter:RitualOfTheExtinct","StSShapeShifter:Flood+1","StSShapeShifter:PowerShifter"],"picked":"StSShapeShifter:MammothForm+1","floor":33.0},{"not_picked":["StSShapeShifter:VineHandcuffs+1","StSShapeShifter:BloomingSlash+1","StSShapeShifter:OpportuneSwoop+1","StSShapeShifter:SunflowerShuriken"],"picked":"StSShapeShifter:DeerForm+1","floor":35.0},{"not_picked":["StSShapeShifter:BloomingSlash+1","StSShapeShifter:Sapling+1","StSShapeShifter:VineHandcuffs+1","StSShapeShifter:FesteringBite"],"picked":"StSShapeShifter:PhoenixForm+1","floor":36.0},{"not_picked":["StSShapeShifter:SquirrelForm+1","StSShapeShifter:BurstingSpore","StSShapeShifter:Rest+1","StSShapeShifter:CursedApple"],"picked":"StSShapeShifter:FoxForm+1","floor":37.0},{"not_picked":["StSShapeShifter:OakBlade","StSShapeShifter:Wildfire2+1","StSShapeShifter:Roar+1","StSShapeShifter:OpportuneSwoop"],"picked":"StSShapeShifter:Bonk","floor":39.0},{"not_picked":["StSShapeShifter:FesteringBite+1","StSShapeShifter:WiltingWrath","StSShapeShifter:DiverseSpirit+1","StSShapeShifter:SquirrelForm+1"],"picked":"StSShapeShifter:RatForm+1","floor":44.0},{"not_picked":["StSShapeShifter:AdaptiveStrikes+1","StSShapeShifter:Maul","StSShapeShifter:Evolution","StSShapeShifter:BloomingSlash"],"picked":"StSShapeShifter:Summer","floor":45.0},{"not_picked":["StSShapeShifter:FruitBasket+1","StSShapeShifter:BurstingSpore+1","StSShapeShifter:SquirrelForm+1","StSShapeShifter:Guard+1"],"picked":"StSShapeShifter:VineHandcuffs+1","floor":48.0},{"not_picked":["StSShapeShifter:OpportuneSwoop+1","StSShapeShifter:BladeOfGrass+1","StSShapeShifter:IntimidatingAura+1","StSShapeShifter:MonkeyForm+1"],"picked":"StSShapeShifter:RaptorForm+1","floor":54.0}],"player_experience":356726,"relics_obtained":[{"floor":1.0,"key":"SynthV:TestCard"},{"floor":9.0,"key":"Replay:Bandana"},{"floor":26.0,"key":"Gremlin Food"},{"floor":43.0,"key":"infinitespire:Satchel"},{"floor":45.0,"key":"conspire:TopHat"},{"floor":45.0,"key":"Replay:WaspNest"},{"floor":48.0,"key":"hubris:ToyBattleship"},{"floor":54.0,"key":"hubris:Spice"}],"event_choices":[{"cards_removed":["StSShapeShifter:MysticalSeed"],"damage_healed":0.0,"max_hp_gain":0.0,"max_hp_loss":0.0,"gold_gain":0.0,"event_name":"betterNote:BetterNote","player_choice":"Take \u0026 Give","floor":19.0,"gold_loss":0.0,"damage_taken":0.0,"cards_obtained":["StSShapeShifter:SquirrelForm"]},{"cards_removed":["Strike_R"],"damage_healed":0.0,"max_hp_gain":0.0,"max_hp_loss":0.0,"gold_gain":0.0,"event_name":"Bonfire Elementals","player_choice":"Offered Basic","floor":28.0,"gold_loss":0.0,"damage_taken":0.0},{"damage_healed":0.0,"max_hp_gain":0.0,"max_hp_loss":0.0,"gold_gain":250.0,"event_name":"The Joust","player_choice":"Bet on Owner","floor":30.0,"gold_loss":50.0,"damage_taken":0.0},{"damage_healed":0.0,"max_hp_gain":0.0,"max_hp_loss":0.0,"gold_gain":0.0,"event_name":"Tomb of Lord Red Mask","player_choice":"Ignored","floor":41.0,"gold_loss":0.0,"damage_taken":0.0},{"damage_healed":0.0,"max_hp_gain":0.0,"max_hp_loss":0.0,"gold_gain":0.0,"cards_transformed":["StSShapeShifter:ShapeShifter_Defend"],"event_name":"Transmorgrifier","player_choice":"Transformed","floor":42.0,"gold_loss":0.0,"damage_taken":0.0,"cards_obtained":["StSShapeShifter:BladeOfGrass"]}],"is_beta":false,"boss_relics":[{"not_picked":["hubris:CrackedHourglass","StuffTheSpire:Kangaroo"],"picked":"xbg"},{"not_picked":["RhineCircuit","reliquary:RedPaperclip"],"picked":"Velvet Choker"}],"items_purged_floors":[3,8,20,38,38,46,53],"is_endless":false,"potions_floor_spawned":[10,11,13,14,18,27,31,35,36,44],"ascension_level":0}}