{"host":"zwfzlkwql9nyrw94","time":1613987129,"event":{"mods":["AchievementEnabler","BaseMod","Highlight Path","Minty Spire (QoL Compilation)"],"gold_per_floor":[118,143,153,153,103,114,148,73,73,2,34,48,48,48,48,150,150,168,218,234,333,333,365,379,393,393,393,406,85,85,96,96,192,192,212,259,259,259,273,273,341,16,89,89,189,205,222,236,236,236,236,236,14,41,41],"floor_reached":56,"language":"ENG","playtime":4930,"items_purged":["Defend_R","Strike_R","Strike_R","Strike_R"],"score":1225,"play_id":"4831e202-36bd-456f-9b29-a6d8fd1eb3fa","local_time":"20210222034529","is_ascension_mode":false,"campfire_choices":[{"floor":13.0,"key":"RECALL"},{"floor":15.0,"key":"REST"},{"data":"1","floor":32,"key":"LIFT"},{"floor":40,"key":"DIG"},{"data":"2","floor":44,"key":"LIFT"},{"data":"3","floor":49,"key":"LIFT"},{"floor":52,"key":"DIG"}],"circlet_count":0,"master_deck":["Strike_R","Defend_R","Defend_R","Defend_R","Bash","Rampage","Iron Wave","Shrug It Off","Metallicize+1","Rampage","Battle Trance","Armaments+1","Double Tap","Headbutt","Dropkick+1","True Grit","Burning Pact+1","Impatience+1","True Grit+1","Deep Breath+1","Evolve+1","Bloodletting+1"],"relics":["Fusion Hammer","Frozen Egg 2","Thread and Needle","Du-Vu Doll","Coffee Dripper","Eternal Feather","Toxic Egg 2","Membership Card","Bag of Preparation","Girya","Runic Pyramid","Shovel","HornCleat","White Beast Statue","Kunai","Bottled Flame","Meat on the Bone","Ornamental Fan","Medical Kit","Orichalcum"],"acts_visited":["Exordium","TheCity","TheBeyond","TheEnding"],"potions_floor_usage":[33,33,55,55,55],"damage_taken":[{"damage":9.0,"enemies":"Cultist","floor":1.0,"turns":4.0},{"damage":3.0,"enemies":"Jaw Worm","floor":3.0,"turns":3.0},{"damage":0.0,"enemies":"Small Slimes","floor":6.0,"turns":3.0},{"damage":14.0,"enemies":"Lagavulin","floor":7.0,"turns":8.0},{"damage":5.0,"enemies":"Gremlin Nob","floor":11.0,"turns":4.0},{"damage":0.0,"enemies":"Blue Slaver","floor":12.0,"turns":3.0},{"damage":0.0,"enemies":"The Guardian","floor":16.0,"turns":10.0},{"damage":0.0,"enemies":"Chosen","floor":18.0,"turns":4.0},{"damage":0.0,"enemies":"Spheric Guardian","floor":20.0,"turns":3.0},{"damage":0.0,"enemies":"Book of Stabbing","floor":23.0,"turns":5.0},{"damage":0.0,"enemies":"Shelled Parasite and Fungi","floor":24.0,"turns":4.0},{"damage":13.0,"enemies":"Sentry and Sphere","floor":25.0,"turns":6.0},{"damage":22.0,"enemies":"Snake Plant","floor":28.0,"turns":4.0},{"damage":0,"enemies":"Chosen and Byrds","floor":31,"turns":6},{"damage":36,"enemies":"Automaton","floor":33,"turns":7},{"damage":10,"enemies":"3 Shapes","floor":35,"turns":4},{"damage":19,"enemies":"2 Orb Walkers","floor":36,"turns":5},{"damage":3,"enemies":"3 Darklings","floor":39,"turns":6},{"damage":0,"enemies":"Maw","floor":46,"turns":6},{"damage":0,"enemies":"Spire Growth","floor":47,"turns":3},{"damage":0,"enemies":"Sphere and 2 Shapes","floor":48,"turns":5},{"damage":1,"enemies":"Time Eater","floor":50,"turns":6},{"damage":21,"enemies":"Shield and Spear","floor":54,"turns":6},{"damage":61,"enemies":"The Heart","floor":55,"turns":6}],"seed_played":"5223117488619057027","potions_obtained":[{"floor":3.0,"key":"Swift Potion"},{"floor":6.0,"key":"Ancient Potion"},{"floor":12.0,"key":"Weak Potion"},{"floor":18.0,"key":"BlessingOfTheForge"},{"floor":23.0,"key":"ColorlessPotion"},{"floor":24.0,"key":"PowerPotion"},{"floor":31,"key":"PowerPotion"},{"floor":46,"key":"DistilledChaos"},{"floor":47,"key":"Weak Potion"}],"is_trial":false,"path_per_floor":["M","T","M","?","?","M","E","$","T","$","E","M","R","?","R","B",null,"M","?","M","?","?","E","M","M","T","?","M","$","?","M","R","B",null,"M","?","?","?","M","R","T","$","T","R","?","M","M","M","R","B",null,"R","$","E","B",null],"character_chosen":"IRONCLAD","items_purchased":["Rampage","Membership Card","Bag of Preparation","Impatience+1","Kunai","Bottled Flame","EssenceOfSteel","Evolve+1","Medical Kit"],"campfire_rested":1,"item_purchase_floors":[10,29,29,29,42,42,53,53,53],"current_hp_per_floor":[71,71,68,73,73,73,59,59,59,59,54,54,54,54,79,79,85,85,85,85,85,85,85,85,72,72,56,34,34,34,34,46,10,90,80,61,61,61,58,70,70,70,70,82,82,82,82,82,90,89,90,90,90,69,20],"gold":41,"neow_bonus":"BOSS_RELIC","is_daily":false,"chose_seed":false,"campfire_upgraded":0,"win_rate":0.0,"timestamp":1613987129,"path_taken":["M","?","M","?","?","M","E","$","T","?","E","?","R","?","R","BOSS","M","?","?","?","?","E","M","M","T","?","M","$","?","M","R","BOSS","M","?","?","?","?","R","?","$","T","R","?","?","M","M","R","BOSS","R","$","E","BOSS"],"items_purchased_type":["Card","Relic","Relic","Card","Relic","Relic","Potion","Card","Relic"],"build_version":"2020-12-22","purchased_purges":4,"victory":true,"max_hp_per_floor":[80,80,80,85,85,85,85,85,85,85,85,85,85,85,85,85,85,85,85,85,85,85,85,85,85,85,90,90,90,90,90,90,90,90,90,90,90,90,90,90,90,90,90,90,90,90,90,90,90,90,90,90,90,90,90],"card_choices":[{"not_picked":["Flex","Flame Barrier"],"picked":"Rampage","floor":1.0},{"not_picked":["Pummel","Perfected Strike"],"picked":"Iron Wave","floor":3.0},{"not_picked":["Anger","Rupture"],"picked":"Shrug It Off","floor":6.0},{"not_picked":["Carnage","Shockwave"],"picked":"Metallicize+1","floor":7.0},{"not_picked":["Reckless Charge","Anger"],"picked":"Battle Trance","floor":11.0},{"not_picked":["Rage","Blood for Blood"],"picked":"Armaments","floor":12.0},{"not_picked":["Demon Form+1","Feed"],"picked":"Double Tap","floor":16.0},{"not_picked":["Flex","Clash","Body Slam"],"picked":"SKIP","floor":18.0},{"not_picked":["Dark Embrace+1","Anger","Wild Strike"],"picked":"SKIP","floor":20.0},{"not_picked":["Immolate","Offering"],"picked":"Dropkick+1","floor":23.0},{"not_picked":["Perfected Strike","Shrug It Off","Anger+1"],"picked":"SKIP","floor":24.0},{"not_picked":["Spot Weakness","Iron Wave"],"picked":"True Grit","floor":25.0},{"not_picked":["Wild Strike+1","Twin Strike"],"picked":"Burning Pact+1","floor":28.0},{"not_picked":["Heavy Blade","Whirlwind","Ghostly Armor+1"],"picked":"SKIP","floor":31},{"not_picked":["Inflame+1","Rage+1"],"picked":"True Grit+1","floor":35},{"not_picked":["Discovery+1","Trip+1"],"picked":"Deep Breath+1","floor":38},{"not_picked":["Shrug It Off+1","Body Slam+1","Havoc+1"],"picked":"SKIP","floor":39},{"not_picked":["Uppercut+1","True Grit+1","Warcry+1"],"picked":"SKIP","floor":46},{"not_picked":["Clothesline","Shrug It Off+1","Heavy Blade+1"],"picked":"SKIP","floor":47},{"not_picked":["Inflame+1","Cleave+1","Fiend Fire"],"picked":"SKIP","floor":48},{"not_picked":["Bludgeon","Sword Boomerang+1"],"picked":"Bloodletting+1","floor":54}],"player_experience":162957,"relics_obtained":[{"floor":7.0,"key":"Frozen Egg 2"},{"floor":9.0,"key":"Thread and Needle"},{"floor":11.0,"key":"Du-Vu Doll"},{"floor":23.0,"key":"Eternal Feather"},{"floor":26.0,"key":"Toxic Egg 2"},{"floor":36,"key":"Shovel"},{"floor":40,"key":"HornCleat"},{"floor":41,"key":"White Beast Statue"},{"floor":43,"key":"Meat on the Bone"},{"floor":52,"key":"Ornamental Fan"},{"floor":54,"key":"Orichalcum"}],"event_choices":[{"damage_healed":0.0,"max_hp_gain":5.0,"max_hp_loss":0.0,"gold_gain":0.0,"event_name":"Big Fish","player_choice":"Donut","floor":4.0,"gold_loss":0.0,"damage_taken":0.0},{"cards_removed":["Strike_R"],"damage_healed":0.0,"max_hp_gain":0.0,"max_hp_loss":0.0,"gold_gain":0.0,"event_name":"The Cleric","player_choice":"Card Removal","floor":5.0,"gold_loss":50.0,"damage_taken":0.0},{"damage_healed":0.0,"max_hp_gain":0.0,"max_hp_loss":0.0,"gold_gain":0.0,"event_name":"Accursed Blacksmith","player_choice":"Forge","floor":14.0,"gold_loss":0.0,"damage_taken":0.0,"cards_upgraded":["Armaments"]},{"damage_healed":0.0,"max_hp_gain":0.0,"max_hp_loss":0.0,"gold_gain":100.0,"event_name":"The Joust","player_choice":"Bet on Murderer","floor":19.0,"gold_loss":50.0,"damage_taken":0.0},{"damage_healed":0.0,"max_hp_gain":0.0,"max_hp_loss":0.0,"gold_gain":99.0,"event_name":"Nest","player_choice":"Stole From Cult","floor":21.0,"gold_loss":0.0,"damage_taken":0.0},{"damage_healed":0.0,"max_hp_gain":0.0,"max_hp_loss":0.0,"gold_gain":0.0,"event_name":"The Library","player_choice":"Read","floor":22.0,"gold_loss":0.0,"damage_taken":0.0,"cards_obtained":["Headbutt"]},{"damage_healed":0.0,"max_hp_gain":5.0,"max_hp_loss":0.0,"gold_gain":0.0,"event_name":"Forgotten Altar","player_choice":"Shed Blood","floor":27.0,"gold_loss":0.0,"damage_taken":21.0},{"damage_healed":0,"gold_gain":0,"player_choice":"Opened","damage_taken":0,"relics_obtained":["Girya"],"max_hp_gain":0,"max_hp_loss":0,"event_name":"The Mausoleum","floor":30,"gold_loss":0},{"damage_healed":0,"gold_gain":0,"player_choice":"Fight","damage_taken":0,"max_hp_gain":0,"max_hp_loss":0,"event_name":"Mysterious Sphere","floor":36,"gold_loss":0},{"damage_healed":0,"gold_gain":0,"player_choice":"Ignored","damage_taken":0,"max_hp_gain":0,"max_hp_loss":0,"event_name":"Tomb of Lord Red Mask","floor":37,"gold_loss":0},{"damage_healed":0,"gold_gain":0,"player_choice":"Memory 1","damage_taken":0,"max_hp_gain":0,"max_hp_loss":0,"event_name":"SensoryStone","floor":38,"gold_loss":0},{"damage_healed":0,"gold_gain":100,"player_choice":"Pray","damage_taken":0,"max_hp_gain":0,"max_hp_loss":0,"event_name":"Golden Shrine","floor":45,"gold_loss":0}],"is_beta":false,"boss_relics":[{"not_picked":["Pandora\u0027s Box","Calling Bell"],"picked":"Coffee Dripper"},{"not_picked":["Runic Dome","Sozu"],"picked":"Runic Pyramid"}],"items_purged_floors":[8,29,42,53],"is_endless":false,"potions_floor_spawned":[3,6,12,18,23,24,31,46,47,48,54],"ascension_level":0}}