{"host":"gk9qdtkqd8dwfeg2","time":1613997589,"event":{"mods":["ATMod(∞¢Ë™Mod)","Act Like it!","Aspiration","BaseMod","Colored Powertips","Gensokyo","Minty Spire (QoL Compilation)","Quick Restart","Reimu£®≤©¿ˆ¡È√Œ£©","Remilia£®¿Ÿ√◊¿Ú—«£©","Replay The Spire","Shop Mod","StSLib","TestMod","The Servant 0.9.4","Waifu the Spire","Youmu£®ªÍ∆«—˝√Œ£©"],"gold_per_floor":[112,45,59,73,73,300,300,332,332,365,382,400,419,439,439,514,514,524,543,543,553,168,198,198,198,198],"floor_reached":25,"language":"ZHS","playtime":1022,"items_purged":["Strike_B"],"score":590,"play_id":"5d63f406-d35a-449f-a095-040f3afcab42","local_time":"20210222203949","is_ascension_mode":true,"campfire_choices":[{"data":"BasicCrystalCard","floor":7.0,"key":"SMITH"},{"data":"Recycle","floor":15.0,"key":"SMITH"},{"data":"Coolheaded","floor":24,"key":"SMITH"}],"circlet_count":0,"master_deck":["AscendersBane","Strike_B","Defend_B","Defend_B","Defend_B","Zap","Dualcast","AT_ThunderBolt","Transmutation","Coolheaded+1","BasicCrystalCard+1","Strike_G","Venomology","Riddle With Holes","Buffer","Recycle+1","Panic Button","Echo Form","Steam Power","Defragment","Heatsinks","Ball Lightning","AT_WarpDrive"],"relics":["Cracked Core","AT_ATBox","testmod-TestBox","testmod-ConstraintPeriapt","ScarletDevilRocket","testmod-TurbochargingSystem","Meat on the Bone","Replay:Rubber Ducky","testmod-BalancedPeriapt","testmod-StringDisintegrator","MerchantsRug","MealTicket"],"acts_visited":["Exordium","Gensokyo:Gensokyo"],"potions_floor_usage":[18,21,23,25],"damage_taken":[{"damage":8.0,"enemies":"Gensokyo:Python","floor":1.0,"turns":3.0},{"damage":5.0,"enemies":"Gensokyo:2_Kodama","floor":3.0,"turns":3.0},{"damage":6.0,"enemies":"Gensokyo:3_Fairies","floor":4.0,"turns":2.0},{"damage":14.0,"enemies":"Gensokyo:Aya","floor":6.0,"turns":4.0},{"damage":0.0,"enemies":"Gensokyo:Mamizou","floor":8.0,"turns":5.0},{"damage":20.0,"enemies":"Gensokyo:Aya","floor":10.0,"turns":5.0},{"damage":3.0,"enemies":"Gensokyo:3_Kodama","floor":11.0,"turns":3.0},{"damage":7.0,"enemies":"Gensokyo:Kitsune","floor":12.0,"turns":3.0},{"damage":7.0,"enemies":"Gensokyo:CorruptedTreant","floor":13.0,"turns":4.0},{"damage":2.0,"enemies":"Gensokyo:2_Rabbits","floor":14.0,"turns":3.0},{"damage":0.0,"enemies":"Gensokyo:Yukari","floor":16.0,"turns":11.0},{"damage":18,"enemies":"Gensokyo:3_Dogs","floor":18,"turns":5},{"damage":0,"enemies":"Gensokyo:2_Gloops","floor":19,"turns":5},{"damage":29,"enemies":"Gensokyo:Mirror_and_Dog","floor":21,"turns":5},{"damage":23,"enemies":"Gensokyo:Reisen","floor":23,"turns":9},{"damage":51,"enemies":"Gensokyo:Tenshi","floor":25,"turns":3}],"seed_played":"8956071315048345027","potions_obtained":[{"floor":1.0,"key":"testmod-TestPotion"},{"floor":4.0,"key":"Energy Potion"},{"floor":11.0,"key":"FearPotion"},{"floor":13.0,"key":"PowerPotion"}],"is_trial":false,"path_per_floor":["M","COS","M","M","?","E","R","E","T","E","M","M","M","M","R","B",null,"M","M","?","M","$","E","R","E"],"character_chosen":"DEFECT","items_purchased":["MerchantsRug","Heatsinks","Ball Lightning"],"campfire_rested":0,"item_purchase_floors":[22,22,22],"current_hp_per_floor":[58,58,55,51,51,39,39,44,44,38,38,44,40,40,40,50,66,50,53,53,39,39,40,40,0,0],"gold":198,"neow_bonus":"COLORLESS_CARD","is_daily":false,"chose_seed":false,"campfire_upgraded":3,"win_rate":0.0,"timestamp":1613997589,"path_taken":["M","COS","M","M","?","E","R","E","T","E","M","M","M","?","R","BOSS","M","M","?","M","$","E","R","E"],"items_purchased_type":["Relic","Card","Card"],"build_version":"2020-12-22","purchased_purges":1,"victory":false,"max_hp_per_floor":[71,71,71,71,71,71,71,71,71,71,71,71,71,71,71,71,71,71,71,71,71,71,71,71,71,71],"card_choices":[{"not_picked":["Static Discharge","Panic Button"],"picked":"Coolheaded","floor":1.0},{"not_picked":["Leap","Gash"],"picked":"BasicCrystalCard","floor":3.0},{"not_picked":["Go for the Eyes","Conserve Battery","Steam"],"picked":"SKIP","floor":4.0},{"not_picked":["Doom and Gloom","Gash"],"picked":"Buffer","floor":6.0},{"not_picked":["Capacitor","Gash"],"picked":"Recycle","floor":8.0},{"not_picked":["Coolheaded","All For One","Barrage"],"picked":"SKIP","floor":10.0},{"not_picked":["Gash","Hello World"],"picked":"Panic Button","floor":11.0},{"not_picked":["Genetic Algorithm","Rebound","Redo"],"picked":"SKIP","floor":12.0},{"not_picked":["BasicCrystalCard","Auto Shields","Go for the Eyes"],"picked":"SKIP","floor":13.0},{"not_picked":["BasicCrystalCard","Auto Shields","Go for the Eyes"],"picked":"SKIP","floor":13.0},{"not_picked":["Sweeping Beam","ReplaySort","BasicCrystalCard"],"picked":"SKIP","floor":14.0},{"not_picked":["AT_WaterDrop","Amplify"],"picked":"Echo Form","floor":16.0},{"not_picked":["Rebound","Gash"],"picked":"Steam Power","floor":18},{"not_picked":["Chill","Darkness","Streamline"],"picked":"SKIP","floor":19},{"not_picked":["Compile Driver","aspiration:Polymerization","Leap"],"picked":"SKIP","floor":21},{"not_picked":["Sweeping Beam","Stack"],"picked":"AT_WarpDrive","floor":23}],"player_experience":814520,"relics_obtained":[{"floor":6.0,"key":"testmod-TurbochargingSystem"},{"floor":8.0,"key":"Meat on the Bone"},{"floor":9.0,"key":"Replay:Rubber Ducky"},{"floor":10.0,"key":"testmod-BalancedPeriapt"},{"floor":23,"key":"MealTicket"}],"event_choices":[],"is_beta":false,"boss_relics":[{"not_picked":["Painkiller Herb","testmod-Nine"],"picked":"testmod-StringDisintegrator"}],"items_purged_floors":[22],"is_endless":false,"potions_floor_spawned":[1,4,6,11,13,14,23],"killed_by":"Gensokyo:Tenshi","ascension_level":20}}