{"host":"o88u0awh8mkwl1l8","time":1613958609,"event":{"mods":["BaseMod","Colored Map","Highlight Path","Minty Spire (QoL Compilation)","Relic Sorter"],"gold_per_floor":[113,126,85,85,104,140,162,162,189,189,200,220,220,379,379,461,461,482,508,536,563,413,413,413,413],"floor_reached":24,"language":"JPN","playtime":1101,"items_purged":["Doubt"],"score":392,"play_id":"a279f148-8f82-48bf-af20-2c0bcf34dea7","local_time":"20210222105009","is_ascension_mode":true,"campfire_choices":[{"floor":8.0,"key":"REST"},{"data":"Noxious Fumes","floor":10.0,"key":"SMITH"},{"data":"Leg Sweep","floor":13.0,"key":"SMITH"},{"data":"Footwork","floor":15.0,"key":"SMITH"},{"floor":23,"key":"REST"}],"circlet_count":0,"master_deck":["AscendersBane","Strike_G","Strike_G","Strike_G","Strike_G","Strike_G","Defend_G","Defend_G","Defend_G","Defend_G","Defend_G","Survivor","Neutralize","Escape Plan","Cloak And Dagger","Leg Sweep+1","Noxious Fumes+1","Crippling Poison","Backflip","Footwork+1","Malaise","Blur","Bouncing Flask","Ghostly","Ghostly","Ghostly","Caltrops"],"relics":["Ring of the Snake","CeramicFish","Boot","Sozu","Red Mask"],"acts_visited":["Exordium","TheCity"],"potions_floor_usage":[20],"damage_taken":[{"damage":7.0,"enemies":"Small Slimes","floor":1.0,"turns":4.0},{"damage":8.0,"enemies":"Jaw Worm","floor":2.0,"turns":8.0},{"damage":0.0,"enemies":"2 Louse","floor":5.0,"turns":3.0},{"damage":18.0,"enemies":"Lagavulin","floor":6.0,"turns":9.0},{"damage":7.0,"enemies":"2 Fungi Beasts","floor":7.0,"turns":6.0},{"damage":4.0,"enemies":"Blue Slaver","floor":11.0,"turns":4.0},{"damage":4.0,"enemies":"3 Louse","floor":12.0,"turns":4.0},{"damage":12.0,"enemies":"The Guardian","floor":16.0,"turns":15.0},{"damage":0.0,"enemies":"3 Byrds","floor":18.0,"turns":5.0},{"damage":9.0,"enemies":"Spheric Guardian","floor":19.0,"turns":7.0},{"damage":50,"enemies":"Masked Bandits","floor":20,"turns":6},{"damage":0,"enemies":"Slavers","floor":24,"turns":5}],"seed_played":"-5726134093354557333","potions_obtained":[{"floor":1.0,"key":"SkillPotion"},{"floor":5.0,"key":"SpeedPotion"},{"floor":11.0,"key":"CultistPotion"},{"floor":16.0,"key":"SteroidPotion"}],"is_trial":false,"path_per_floor":["M","M","$","?","M","E","M","R","T","R","M","M","R","?","R","B",null,"M","M","?","?","$","R","E"],"character_chosen":"THE_SILENT","items_purchased":["Leg Sweep","Caltrops"],"campfire_rested":2,"item_purchase_floors":[3,22],"current_hp_per_floor":[58,50,50,50,50,32,25,46,46,46,42,38,38,38,38,26,61,61,52,2,2,2,12,12,12],"gold":413,"neow_bonus":"TEN_PERCENT_HP_BONUS","is_daily":false,"chose_seed":false,"campfire_upgraded":3,"win_rate":0.0,"timestamp":1613958609,"path_taken":["M","M","$","?","M","E","M","R","T","R","M","M","R","?","R","BOSS","M","M","?","?","$","R","E"],"items_purchased_type":["Card","Card"],"build_version":"2020-12-22","purchased_purges":1,"victory":false,"max_hp_per_floor":[72,72,72,72,72,72,72,72,72,72,72,72,72,72,72,72,72,72,72,72,36,36,36,36,36],"card_choices":[{"not_picked":["Tactician","Deflect"],"picked":"Escape Plan","floor":1.0},{"not_picked":["Slice","Heel Hook"],"picked":"Cloak And Dagger","floor":2.0},{"not_picked":["Poisoned Stab","Flying Knee"],"picked":"Noxious Fumes","floor":5.0},{"not_picked":["Footwork","Dagger Throw"],"picked":"Crippling Poison","floor":6.0},{"not_picked":["Flying Knee","Setup"],"picked":"Backflip","floor":7.0},{"not_picked":["Flying Knee","Predator","Accuracy"],"picked":"SKIP","floor":11.0},{"not_picked":["Deflect","Quick Slash"],"picked":"Footwork","floor":12.0},{"not_picked":["Adrenaline","Night Terror"],"picked":"Malaise","floor":16.0},{"not_picked":["Backstab","Distraction+1"],"picked":"Blur","floor":18.0},{"not_picked":["Cloak And Dagger","Sucker Punch"],"picked":"Bouncing Flask","floor":19.0}],"player_experience":1323344,"relics_obtained":[{"floor":6.0,"key":"CeramicFish"},{"floor":9.0,"key":"Boot"},{"floor":20,"key":"Red Mask"}],"event_choices":[{"damage_healed":0.0,"max_hp_gain":0.0,"max_hp_loss":0.0,"gold_gain":0.0,"event_name":"Scrap Ooze","player_choice":"Fled","floor":4.0,"gold_loss":0.0,"damage_taken":0.0},{"damage_healed":0.0,"max_hp_gain":0.0,"max_hp_loss":0.0,"gold_gain":150.0,"event_name":"Liars Game","player_choice":"AGREE","floor":14.0,"gold_loss":0.0,"damage_taken":0.0,"cards_obtained":["Doubt"]},{"damage_healed":0,"gold_gain":0,"player_choice":"Fought Bandits","damage_taken":0,"max_hp_gain":0,"max_hp_loss":0,"event_name":"Masked Bandits","floor":20,"gold_loss":0},{"damage_healed":0,"gold_gain":0,"player_choice":"Became a Ghost","damage_taken":0,"max_hp_gain":0,"max_hp_loss":36,"event_name":"Ghosts","floor":21,"gold_loss":0,"cards_obtained":["Ghostly","Ghostly","Ghostly"]}],"is_beta":false,"boss_relics":[{"not_picked":["Busted Crown","Runic Pyramid"],"picked":"Sozu"}],"items_purged_floors":[22],"is_endless":false,"potions_floor_spawned":[1,5,11,16,20],"killed_by":"Slavers","ascension_level":20}}