{"host":"uhi6g4fgvyietct9","time":1613964214,"event":{"mods":["AchievementEnabler","BaseMod","Colored Map","Colored Powertips","Minty Spire (QoL Compilation)","StSLib","SuperFastMode"],"gold_per_floor":[115,190,29,129,146,146,181,192,192,210,236,236,84,95,95,197,197,197],"floor_reached":17,"language":"KOR","playtime":811,"items_purged":["Strike_P"],"score":209,"play_id":"d3e5e25f-3acd-421f-a1b1-b3f48fd018a7","local_time":"20210222122334","is_ascension_mode":true,"campfire_choices":[{"data":"Eruption","floor":6,"key":"SMITH"},{"floor":12,"key":"REST"},{"data":"ClearTheMind","floor":15,"key":"SMITH"}],"circlet_count":0,"master_deck":["Strike_P","Strike_P","Strike_P","Defend_P","Defend_P","Defend_P","Defend_P","Eruption+1","Vigilance","EmptyMind","ClearTheMind+1","Wireheading","EmptyBody","Adaptation","EmptyFist","Weave","WaveOfTheHand","Vault"],"relics":["PureWater","NeowsBlessing","Mercury Hourglass","Orichalcum","TungstenRod","Black Star"],"acts_visited":["Exordium","TheCity"],"potions_floor_usage":[11,11,16],"damage_taken":[{"damage":0.0,"enemies":"Jaw Worm","floor":1.0,"turns":1.0},{"damage":0,"enemies":"Small Slimes","floor":5,"turns":2},{"damage":0,"enemies":"Gremlin Nob","floor":7,"turns":1},{"damage":0,"enemies":"Cultist","floor":8,"turns":3},{"damage":3,"enemies":"Lots of Slimes","floor":10,"turns":3},{"damage":28,"enemies":"Lagavulin","floor":11,"turns":7},{"damage":5,"enemies":"Looter","floor":14,"turns":3},{"damage":19,"enemies":"Slime Boss","floor":16,"turns":5}],"seed_played":"-8434610665685987327","potions_obtained":[{"floor":1.0,"key":"Weak Potion"},{"floor":10,"key":"FearPotion"},{"floor":16,"key":"Energy Potion"}],"is_trial":false,"path_per_floor":["M","?","$","?","M","R","E","M","T","M","E","R","$","M","R","B",null],"character_chosen":"WATCHER","items_purchased":["ClearTheMind","Wireheading","EmptyBody","DistilledChaos"],"campfire_rested":1,"item_purchase_floors":[3,3,3,13],"current_hp_per_floor":[72,61,61,61,61,61,61,61,61,58,30,51,51,46,46,27,72,72],"gold":197,"neow_bonus":"THREE_ENEMY_KILL","is_daily":false,"chose_seed":false,"campfire_upgraded":2,"win_rate":0.0,"timestamp":1613964214,"path_taken":["M","?","$","?","M","R","E","M","T","?","E","R","?","M","R","BOSS"],"items_purchased_type":["Card","Card","Card","Potion"],"build_version":"2020-12-22","purchased_purges":1,"victory":false,"max_hp_per_floor":[72,72,72,72,72,72,72,72,72,72,72,72,72,72,72,72,72,72],"card_choices":[{"not_picked":["FearNoEvil","CrushJoints"],"picked":"EmptyMind","floor":1.0},{"not_picked":["JustLucky","Evaluate"],"picked":"Adaptation","floor":5},{"not_picked":["Protect","PathToVictory"],"picked":"EmptyFist","floor":7},{"not_picked":["BowlingBash","SashWhip","Consecrate"],"picked":"SKIP","floor":8},{"not_picked":["CrushJoints","Pray","FlyingSleeves"],"picked":"SKIP","floor":10},{"not_picked":["Prostrate","Consecrate"],"picked":"Weave","floor":11},{"not_picked":["MentalFortress","Omniscience"],"picked":"WaveOfTheHand","floor":14},{"not_picked":["ConjureBlade","Wish"],"picked":"Vault","floor":16}],"player_experience":619376,"relics_obtained":[{"floor":7,"key":"Mercury Hourglass"},{"floor":9,"key":"Orichalcum"},{"floor":11,"key":"TungstenRod"}],"event_choices":[{"damage_healed":0.0,"max_hp_gain":0.0,"max_hp_loss":0.0,"gold_gain":75.0,"event_name":"World of Goop","player_choice":"Gather Gold","floor":2.0,"gold_loss":0.0,"damage_taken":11.0},{"damage_healed":0,"gold_gain":100,"player_choice":"Pray","damage_taken":0,"max_hp_gain":0,"max_hp_loss":0,"event_name":"Golden Shrine","floor":4,"gold_loss":0}],"is_beta":false,"boss_relics":[{"not_picked":["SlaversCollar","SacredBark"],"picked":"Black Star"}],"items_purged_floors":[13],"is_endless":false,"potions_floor_spawned":[1,10,16],"ascension_level":2}}