{"host":"xo0glkmxta74xh34","time":1613963506,"event":{"mods":["BaseMod","Downfall","Minty Spire (QoL Compilation)","Reliquary","Replay The Spire","StSLib"],"gold_per_floor":[99,116,116,133,118,131,131,131,194,212,212,246,246,280,290,290,290,290],"floor_reached":16,"language":"ENG","playtime":1025,"items_purged":[],"score":165,"play_id":"8b47118b-ffce-4244-849b-ab28a197a8ae","local_time":"20210221211146","is_ascension_mode":true,"campfire_choices":[{"data":"Guardian:CurlUp","floor":1,"key":"SMITH"},{"data":"Guardian:Clone","floor":8,"key":"SMITH"},{"data":"Guardian:ChargeUp","floor":11,"key":"SMITH"},{"floor":13,"key":"REST"}],"circlet_count":0,"master_deck":["AscendersBane","Guardian:Strike_Guardian","Guardian:Strike_Guardian","Guardian:Strike_Guardian","Guardian:Strike_Guardian","Guardian:Defend_Guardian","Guardian:Defend_Guardian","Guardian:Defend_Guardian","Guardian:Defend_Guardian","Guardian:CurlUp+1","Guardian:TwinSlam","Guardian:ChargeUp+1","Guardian:Planning","Guardian:Clone+1","Guardian:ShieldSpikes","Guardian:PrismaticBeam","Guardian:ShieldCharger","Guardian:PiercingHide"],"relics":["reliquary:RedCape","The Courier","Simple Rune","reliquary:Sod","Bottled Lightning"],"acts_visited":["Exordium"],"potions_floor_usage":[3,9,9,16,16,16],"damage_taken":[{"damage":0,"enemies":"Cultist","floor":2,"turns":3},{"damage":3,"enemies":"2 Louse","floor":4,"turns":4},{"damage":0,"enemies":"downfall:FleeingMerchant","floor":5,"turns":4},{"damage":1,"enemies":"Small Slimes","floor":6,"turns":4},{"damage":9,"enemies":"Gremlin Nob","floor":9,"turns":4},{"damage":0,"enemies":"downfall:LooterAlt","floor":10,"turns":5},{"damage":28,"enemies":"Gremlin Nob","floor":12,"turns":5},{"damage":3,"enemies":"Replay:BlueRogue","floor":14,"turns":7},{"damage":9,"enemies":"3 Louse","floor":15,"turns":4},{"damage":64,"enemies":"DF_ARCHETYPE_STREAMLINE","floor":16,"turns":14}],"seed_played":"-4615392631620369876","potions_obtained":[{"floor":3,"key":"DistilledChaos"},{"floor":3,"key":"PowerPotion"},{"floor":3,"key":"Fruit Juice"},{"floor":6,"key":"Elixir"},{"floor":9,"key":"Toxic Potion"},{"floor":12,"key":"Milkshake"},{"floor":14,"key":"Fire Potion"}],"is_trial":false,"path_per_floor":["R","M","?","M","$","M","T","R","?","M","R","E","R","E","M","B"],"character_chosen":"GUARDIAN","items_purchased":[],"campfire_rested":1,"item_purchase_floors":[],"current_hp_per_floor":[72,72,77,74,74,73,73,73,64,64,64,36,61,58,49,0,0,0],"gold":290,"neow_bonus":"BOSS_RELIC","is_daily":false,"chose_seed":false,"campfire_upgraded":3,"win_rate":0.0,"timestamp":1613963506,"path_taken":["R","?","?","M","$","?","T","R","?","M","R","E","R","E","M","BOSS"],"items_purchased_type":[],"build_version":"2020-12-22","purchased_purges":0,"victory":false,"max_hp_per_floor":[80,80,85,85,85,85,85,85,85,85,85,85,85,85,85,85,85,85],"card_choices":[{"not_picked":["Guardian:TemporalShield","Guardian:ChargeCore"],"picked":"Guardian:ChargeUp","floor":2},{"not_picked":["Guardian:VentSteam","Guardian:DonusPower"],"picked":"Guardian:Gem_Yellow","floor":4},{"not_picked":["Guardian:TemporalStrike","Guardian:TemporalShield"],"picked":"Guardian:Planning","floor":5},{"not_picked":["Guardian:Suspension","Guardian:Incinerate"],"picked":"Guardian:Clone","floor":6},{"not_picked":["Guardian:TemporalStrike","Guardian:PrimingBeam"],"picked":"Guardian:ShieldSpikes","floor":9},{"not_picked":["Guardian:Incinerate","Guardian:RollAttack"],"picked":"Guardian:PrismaticBeam","floor":10},{"not_picked":["Guardian:GuardianWhirl","Guardian:PiercingHide"],"picked":"Guardian:ShieldCharger","floor":12},{"not_picked":["Guardian:Reroute","Guardian:GemFire"],"picked":"Guardian:PiercingHide","floor":14},{"not_picked":["Guardian:Gem_Red","Guardian:Reroute","Guardian:Incinerate"],"picked":"SKIP","floor":15}],"player_experience":534967,"relics_obtained":[{"floor":7,"key":"The Courier"},{"floor":12,"key":"reliquary:Sod"},{"floor":14,"key":"Bottled Lightning"}],"event_choices":[{"damage_healed":0,"gold_gain":0,"player_choice":"Got Potions","damage_taken":0,"max_hp_gain":0,"max_hp_loss":0,"event_name":"Lab","floor":3,"gold_loss":0}],"is_beta":false,"boss_relics":[],"items_purged_floors":[],"is_endless":false,"potions_floor_spawned":[6,9,12,14,15],"killed_by":"DF_ARCHETYPE_STREAMLINE","ascension_level":10}}