{"host":"0mk07bycsqo1qk03","time":1613986943,"event":{"mods":["BaseMod","Downfall","Hermit","Hubris","Minty Spire (QoL Compilation)","Reliquary","Replay The Spire","StSLib"],"gold_per_floor":[114,264,16,16,16,16,44,44,95,125,39,100,111,122,122,198,198,216,216,106,126,137,137,137],"floor_reached":23,"language":"ENG","playtime":558,"items_purged":["Doubt"],"score":445,"play_id":"cab8e168-808b-4dc4-b2e7-b289cbdbd987","local_time":"20210222104223","is_ascension_mode":true,"campfire_choices":[{"data":"Neutralize","floor":6,"key":"SMITH"},{"data":"Backstab","floor":8,"key":"SMITH"}],"circlet_count":0,"master_deck":["AscendersBane","Strike_G+1","Strike_G+1","Strike_G+1","Strike_G+1","Strike_G+1","Defend_G+1","Defend_G","Defend_G+1","Defend_G","Defend_G","Survivor+1","Neutralize+1","Backstab+1","Corpse Explosion","Footwork","Replay:Poison Smokescreen","PiercingWail","Underhanded Strike","Envenom","Predator","Hidden Blade","Hidden Blade"],"relics":["Ring of the Snake","NeowsBlessing","TwistedFunnel","Replay:Bottled Eggs","Ancient Tea Set","Replay:Wax Seal","ReplayFunnel","WristBlade","Enchiridion"],"acts_visited":["Exordium","TheCity"],"potions_floor_usage":[16,21,22],"damage_taken":[{"damage":0,"enemies":"Jaw Worm","floor":1,"turns":1},{"damage":0,"enemies":"Lagavulin","floor":7,"turns":1},{"damage":0,"enemies":"Replay:BlueRogue","floor":10,"turns":1},{"damage":19,"enemies":"Lagavulin Event","floor":12,"turns":5},{"damage":0,"enemies":"Small Slimes","floor":13,"turns":3},{"damage":0,"enemies":"2 Louse","floor":14,"turns":1},{"damage":15,"enemies":"The Guardian","floor":16,"turns":10},{"damage":22,"enemies":"3 Byrds","floor":18,"turns":4},{"damage":0,"enemies":"Shell Parasite","floor":21,"turns":5},{"damage":0,"enemies":"Sentry and Sphere","floor":22,"turns":3},{"damage":8,"enemies":"Gremlin Leader","floor":23,"turns":2}],"seed_played":"770043450121229142","potions_obtained":[{"floor":1,"key":"Ancient Potion"},{"floor":10,"key":"DuplicationPotion"},{"floor":16,"key":"EssenceOfSteel"}],"is_trial":false,"path_per_floor":["M","?","$","?","$","R","E","R","T","E","$","?","M","M","R","B",null,"M","?","?","M","M","E"],"character_chosen":"THE_SILENT","items_purchased":["TwistedFunnel","Footwork"],"campfire_rested":0,"item_purchase_floors":[3,11],"current_hp_per_floor":[59,59,59,39,39,39,39,39,39,39,39,20,20,20,20,5,51,29,8,8,8,8,0,0],"gold":137,"neow_bonus":"THREE_ENEMY_KILL","is_daily":false,"chose_seed":false,"campfire_upgraded":2,"win_rate":0.0,"timestamp":1613986943,"path_taken":["M","?","$","?","$","R","E","R","T","E","?","?","M","M","R","BOSS","M","?","?","M","M","E"],"items_purchased_type":["Relic","Card"],"build_version":"2020-12-22","purchased_purges":1,"victory":false,"max_hp_per_floor":[66,66,66,66,66,66,66,66,66,66,66,66,66,66,66,66,66,66,66,66,66,66,66,66],"card_choices":[{"not_picked":["Outmaneuver","ReplayTheSpireMod:Tripwire"],"picked":"Backstab","floor":1},{"not_picked":["Underhanded Strike","Reflex","Deadly Poison"],"picked":"SKIP","floor":7},{"not_picked":["Cloak And Dagger","Acrobatics"],"picked":"Corpse Explosion","floor":10},{"not_picked":["Dodge and Roll","Tactician"],"picked":"Replay:Poison Smokescreen","floor":12},{"not_picked":["Prepared","Sneak Up"],"picked":"PiercingWail","floor":13},{"not_picked":["Dagger Throw","Setup"],"picked":"Underhanded Strike","floor":14},{"not_picked":["Doppelganger","Tools of the Trade"],"picked":"Envenom","floor":16},{"not_picked":["Deflect","hubris:SlightOfHand"],"picked":"Predator","floor":18},{"not_picked":["Flechettes","Bane"],"picked":"Hidden Blade","floor":21},{"not_picked":["Acrobatics+1","Calculated Gamble"],"picked":"Hidden Blade","floor":22}],"player_experience":1052770,"relics_obtained":[{"floor":7,"key":"Replay:Bottled Eggs"},{"floor":9,"key":"Ancient Tea Set"},{"floor":10,"key":"Replay:Wax Seal"},{"floor":12,"key":"ReplayFunnel"},{"floor":19,"key":"Enchiridion"}],"event_choices":[{"damage_healed":0,"gold_gain":150,"player_choice":"AGREE","damage_taken":0,"max_hp_gain":0,"max_hp_loss":0,"event_name":"Liars Game","floor":2,"gold_loss":0,"cards_obtained":["Doubt"]},{"damage_healed":0,"gold_gain":0,"player_choice":"Entered Light","damage_taken":20,"max_hp_gain":0,"max_hp_loss":0,"event_name":"Shining Light","floor":4,"gold_loss":0,"cards_upgraded":["Defend_G","Survivor"]},{"damage_healed":0,"gold_gain":0,"player_choice":"Searched \u00272\u0027 times","damage_taken":0,"max_hp_gain":0,"max_hp_loss":0,"event_name":"Dead Adventurer","floor":12,"gold_loss":0},{"damage_healed":0,"gold_gain":0,"player_choice":"Obtained Book","damage_taken":21,"max_hp_gain":0,"max_hp_loss":0,"event_name":"Cursed Tome","floor":19,"gold_loss":0},{"cards_removed":["Flechettes"],"damage_healed":0,"gold_gain":0,"player_choice":"Upgrade and Remove","damage_taken":0,"max_hp_gain":0,"max_hp_loss":0,"event_name":"Designer","floor":20,"gold_loss":110,"cards_upgraded":["Defend_G"]}],"is_beta":false,"boss_relics":[{"not_picked":["reliquary:Craggleroot","HoveringKite"],"picked":"WristBlade"}],"items_purged_floors":[3],"is_endless":false,"potions_floor_spawned":[1,10,12,16,18],"killed_by":"Gremlin Leader","ascension_level":16}}