{"host":"dv29tre2e7vje47n","time":1613971441,"event":{"mods":["AchievementEnabler","BaseMod","Colored Map","Colored Powertips","DeckTracker","Displayed Cursed Tome","Downfall","Friendly Minions","Googly Eyes","Highlight Path","Key Reminder","Minty Spire (QoL Compilation)","Quick Restart","Random Character Button","Rare Cards Sparkle","Relic Sorter","Relic Stats","Spire Arcade","Spire Birthday Party","StSLib","SuperFastMode","Unceasing Turn Reminder"],"gold_per_floor":[110,110,13,32,44,78,88,113,137,166,241,271,271,288,288,385,385,396,67,67,67,82,82,110,110,110,135,53,78,78,97,97,97,97,97],"floor_reached":33,"language":"ENG","playtime":1121,"items_purged":["sneckomod:Defend"],"score":348,"play_id":"21a46d85-53a6-4aee-b63f-e5d35e32ef2e","local_time":"20210222062401","is_ascension_mode":true,"campfire_choices":[{"floor":15.0,"key":"REST"},{"data":"Ragnarok","floor":23.0,"key":"SMITH"},{"floor":25.0,"key":"REST"},{"floor":30,"key":"REST"},{"data":"sneckomod:Rotation","floor":32,"key":"SMITH"}],"circlet_count":0,"master_deck":["sneckomod:Strike","sneckomod:Strike","sneckomod:Defend","sneckomod:Defend","sneckomod:TailWhip+1","sneckomod:SnekBite","sneckomod:Unknown","sneckomod:RainOfDice+1","sneckomod:Rotation+1","sneckomod:Nope+1","sneckomod:QuickMove","sneckomod:Unknown0Cost","sneckomod:WideSting+1","sneckomod:IronFang","sneckomod:UnknownDexterity","sneckomod:Transmogrify","sneckomod:UnknownClassPURPLE+1","sneckomod:UnknownClassRED","Flash of Steel","Ragnarok+1","sneckomod:Unknown1Cost+1","sneckomod:UnknownRarePower","sneckomod:SlitherStrike","sneckomod:DiceBlock"],"relics":["MutagenicStrength","sneckomod:SuperSneckoSoul","NeowsBlessing","Bronze Scales","Bag of Marbles","Centennial Puzzle","sneckomod:LoadedDie","sneckomod:SneckoCommon","Black Star","Regal Pillow","Boot","Whetstone","Potion Belt","Dream Catcher","hexamod:Sixitude","Lantern"],"acts_visited":["Exordium","TheCity"],"potions_floor_usage":[33],"damage_taken":[{"damage":0.0,"enemies":"Jaw Worm","floor":1.0,"turns":1.0},{"damage":0.0,"enemies":"Cultist","floor":4.0,"turns":1.0},{"damage":0.0,"enemies":"2 Louse","floor":5.0,"turns":1.0},{"damage":19.0,"enemies":"3 Sentries","floor":6.0,"turns":7.0},{"damage":4.0,"enemies":"2 Fungi Beasts","floor":7.0,"turns":3.0},{"damage":26.0,"enemies":"Lagavulin","floor":8.0,"turns":6.0},{"damage":13.0,"enemies":"3 Sentries","floor":10.0,"turns":7.0},{"damage":8.0,"enemies":"Gremlin Nob","floor":12.0,"turns":4.0},{"damage":0.0,"enemies":"Gremlin Gang","floor":14.0,"turns":3.0},{"damage":18.0,"enemies":"Slime Boss","floor":16.0,"turns":6.0},{"damage":19.0,"enemies":"Spheric Guardian","floor":18.0,"turns":4.0},{"damage":19.0,"enemies":"Shell Parasite","floor":22.0,"turns":5.0},{"damage":32.0,"enemies":"Slavers","floor":24.0,"turns":5.0},{"damage":16.0,"enemies":"Gremlin Leader","floor":27.0,"turns":3.0},{"damage":26.0,"enemies":"Slavers","floor":29.0,"turns":3.0},{"damage":0,"enemies":"3 Cultists","floor":31,"turns":2},{"damage":65,"enemies":"Champ","floor":33,"turns":9}],"seed_played":"-6140370330019719661","potions_obtained":[{"floor":4.0,"key":"Dexterity Potion"},{"floor":5.0,"key":"Dexterity Potion"},{"floor":6.0,"key":"champ:CounterPotion"},{"floor":8.0,"key":"Swift Potion"},{"floor":16.0,"key":"Weak Potion"}],"is_trial":false,"path_per_floor":["M","?","$","M","M","E","M","E","T","E","?","E","?","M","R","B",null,"M","$","?","?","M","R","E","R","T","E","$","E","R","M","R","B"],"character_chosen":"THE_SNECKO","items_purchased":["sneckomod:Nope","sneckomod:QuickMove","sneckomod:SneckoCommon","Flash of Steel","sneckomod:SlitherStrike"],"campfire_rested":3,"item_purchase_floors":[3,3,19,19,28],"current_hp_per_floor":[90,90,90,90,90,71,67,41,41,28,17,9,9,9,36,18,90,71,71,71,71,52,52,20,62,62,46,46,20,62,62,62,0,0,0],"gold":97,"neow_bonus":"THREE_ENEMY_KILL","is_daily":false,"chose_seed":false,"campfire_upgraded":2,"win_rate":0.0,"timestamp":1613971441,"path_taken":["M","?","$","M","?","E","?","E","T","E","?","E","?","?","R","BOSS","M","$","?","?","M","R","E","R","T","E","?","E","R","M","R","BOSS"],"items_purchased_type":["Card","Card","Relic","Card","Card"],"build_version":"2020-12-22","purchased_purges":1,"victory":false,"max_hp_per_floor":[90,90,90,90,90,90,90,90,90,90,90,90,90,90,90,90,90,90,90,90,90,90,90,90,90,90,90,90,90,90,90,90,90,90,90],"relic_stats":{"Centennial Puzzle":[24],"Regal Pillow":30,"Dream Catcher":1,"counters":[17,70],"Bronze Scales":[111],"Black Star":3,"Whetstone":["sneckomod:TailWhip","sneckomod:RainOfDice"],"Boot":[28],"obtain_stats":[{"Potion Belt":27,"Regal Pillow":24,"Lantern":24,"sneckomod:SneckoCommon":19,"NeowsBlessing":0,"sneckomod:LoadedDie":6,"sneckomod:BlankCard":12,"hexamod:Sixitude":29,"Guardian:PocketSentry":29,"Whetstone":26,"sneckomod:SneckoSoul":0,"Boot":24,"sneckomod:SuperSneckoSoul":22,"Centennial Puzzle":10,"Dream Catcher":27,"Bronze Scales":8,"MutagenicStrength":20,"Bag of Marbles":9,"Black Star":17},{"Potion Belt":14,"Regal Pillow":13,"Lantern":13,"sneckomod:SneckoCommon":11,"NeowsBlessing":0,"sneckomod:LoadedDie":4,"sneckomod:BlankCard":8,"hexamod:Sixitude":15,"Guardian:PocketSentry":15,"Whetstone":13,"sneckomod:SneckoSoul":0,"Boot":13,"sneckomod:SuperSneckoSoul":12,"Centennial Puzzle":7,"Dream Catcher":14,"Bronze Scales":6,"MutagenicStrength":11,"Bag of Marbles":6,"Black Star":10},{"Potion Belt":56,"Regal Pillow":53,"Lantern":53,"sneckomod:SneckoCommon":43,"NeowsBlessing":0,"sneckomod:LoadedDie":10,"sneckomod:BlankCard":30,"hexamod:Sixitude":59,"Guardian:PocketSentry":59,"Whetstone":53,"sneckomod:SneckoSoul":0,"Boot":53,"sneckomod:SuperSneckoSoul":48,"Centennial Puzzle":26,"Dream Catcher":56,"Bronze Scales":19,"MutagenicStrength":43,"Bag of Marbles":19,"Black Star":39}]},"card_choices":[{"not_picked":["sneckomod:IronFang","sneckomod:SnekBeam"],"picked":"sneckomod:RainOfDice","floor":1.0},{"not_picked":["sneckomod:SoulDraw","sneckomod:RainOfDice","sneckomod:DangerNoodle"],"picked":"SKIP","floor":4.0},{"not_picked":["sneckomod:SoulRoll","sneckomod:UnknownStrike"],"picked":"sneckomod:Unknown0Cost","floor":5.0},{"not_picked":["sneckomod:UnknownUncommonSkill","sneckomod:Unknown0Cost","sneckomod:QuickMove"],"picked":"SKIP","floor":6.0},{"not_picked":["sneckomod:UnknownUncommonPower","sneckomod:DiceCrush"],"picked":"sneckomod:WideSting","floor":7.0},{"not_picked":["sneckomod:UnknownCommonSkill","sneckomod:RainOfDice"],"picked":"sneckomod:IronFang","floor":8.0},{"not_picked":["sneckomod:DiceBoulder","sneckomod:Rotation"],"picked":"sneckomod:UnknownDexterity","floor":10.0},{"not_picked":["sneckomod:UnknownStrike","sneckomod:UnknownUncommonSkill","sneckomod:MixItUp"],"picked":"SKIP","floor":12.0},{"not_picked":["sneckomod:DiceBoulder","sneckomod:Unknown1Cost","sneckomod:SoulRoll"],"picked":"SKIP","floor":14.0},{"not_picked":["sneckomod:Mudshield","sneckomod:SerpentMind"],"picked":"sneckomod:Transmogrify","floor":16.0},{"not_picked":["sneckomod:UnknownCommonAttack+1","sneckomod:IronFang+1"],"picked":"sneckomod:UnknownClassPURPLE+1","floor":18.0},{"not_picked":["sneckomod:SoulRoll","sneckomod:UnknownBlock","sneckomod:Memorize"],"picked":"SKIP","floor":22.0},{"not_picked":["sneckomod:DiceBlock","sneckomod:UnknownCommonAttack+1"],"picked":"sneckomod:Unknown1Cost+1","floor":24.0},{"not_picked":["sneckomod:Memorize","sneckomod:SoulCleanse"],"picked":"sneckomod:UnknownRarePower","floor":27.0},{"not_picked":["sneckomod:UnknownUncommonSkill","sneckomod:UnknownUncommonAttack","sneckomod:MixItUp"],"picked":"SKIP","floor":29.0},{"not_picked":["sneckomod:DiceCrush","sneckomod:RainOfDice"],"picked":"sneckomod:DiceBlock","floor":30},{"not_picked":["sneckomod:SoulCleanse","sneckomod:UnknownDraw","sneckomod:SnakeSap"],"picked":"SKIP","floor":31}],"player_experience":150260,"relics_obtained":[{"floor":6.0,"key":"sneckomod:LoadedDie"},{"floor":8.0,"key":"Bronze Scales"},{"floor":9.0,"key":"Bag of Marbles"},{"floor":10.0,"key":"Centennial Puzzle"},{"floor":12.0,"key":"sneckomod:BlankCard"},{"floor":18.0,"key":"sneckomod:LoadedDie"},{"floor":22.0,"key":"sneckomod:SuperSneckoSoul"},{"floor":22.0,"key":"Black Star"},{"floor":24.0,"key":"Regal Pillow"},{"floor":24.0,"key":"Lantern"},{"floor":24.0,"key":"Boot"},{"floor":26.0,"key":"Whetstone"},{"floor":27.0,"key":"Potion Belt"},{"floor":27.0,"key":"Dream Catcher"},{"floor":29.0,"key":"Guardian:PocketSentry"},{"floor":29.0,"key":"hexamod:Sixitude"},{"floor":31,"key":"Lantern"}],"event_choices":[{"damage_healed":0.0,"max_hp_gain":0.0,"max_hp_loss":0.0,"gold_gain":0.0,"cards_transformed":["sneckomod:Strike"],"event_name":"Transmorgrifier","player_choice":"Transformed","floor":2.0,"gold_loss":0.0,"damage_taken":0.0,"cards_obtained":["sneckomod:Rotation"]},{"damage_healed":0.0,"max_hp_gain":0.0,"max_hp_loss":0.0,"gold_gain":75.0,"event_name":"World of Goop","player_choice":"Gather Gold","floor":11.0,"gold_loss":0.0,"damage_taken":11.0},{"damage_healed":0.0,"max_hp_gain":0.0,"max_hp_loss":0.0,"gold_gain":0.0,"event_name":"Upgrade Shrine","player_choice":"Upgraded","floor":13.0,"gold_loss":0.0,"damage_taken":0.0,"cards_upgraded":["sneckomod:Nope"]},{"damage_healed":0.0,"max_hp_gain":0.0,"max_hp_loss":0.0,"gold_gain":0.0,"event_name":"Drug Dealer","player_choice":"Inject Mutagens","floor":20.0,"gold_loss":0.0,"damage_taken":0.0,"relics_obtained":["MutagenicStrength"]},{"damage_healed":0.0,"max_hp_gain":0.0,"max_hp_loss":0.0,"gold_gain":0.0,"event_name":"Upgrade Shrine","player_choice":"Upgraded","floor":21.0,"gold_loss":0.0,"damage_taken":0.0,"cards_upgraded":["sneckomod:WideSting"]}],"is_beta":false,"boss_relics":[{"not_picked":["Busted Crown","Empty Cage"],"picked":"Black Star"}],"items_purged_floors":[19],"is_endless":false,"potions_floor_spawned":[4,5,6,8,16,18],"killed_by":"Champ","ascension_level":1}}