{"host":"kvh5342rl0c7vxi5","time":1613967650,"event":{"mods":["Act Like it!","BaseMod","Bestiary","Better Third Choice","Challenge The Spire","Downfall","Duelist Mod","GifTheSpireLib","Gremlin Mod","Hermit","Hubris","Ironclad Rager","Jorbs\u0027s Wanderer Trilogy","Melee Mod","Minty Spire (QoL Compilation)","Potionbrewer","Quick Restart","Relic Stats","Replay The Spire","Spicy Shops","Spire Arcade","StSLib","SuperFastMode","The Forsaken","The Judge","The Mystic","The Poker Player","The Sage","slay the spire mod where everything is the same but ironclad has a cowboy hat"],"gold_per_floor":[291,47,78,106,135,135,135,135,163,188,220,220,220,220,248,276,306,331],"floor_reached":19,"language":"ENG","playtime":603,"items_purged":["Strike_P","Strike_P"],"score":790,"play_id":"6c4ef1fc-fed4-409b-95b9-c2afd84e6171","local_time":"20210221232050","daily_mods":["challengethespire:Platinum Difficulty","challengethespire:Elite Rush","Uncertain Future"],"is_ascension_mode":true,"campfire_choices":[{"data":"ICR:YinYang","floor":7,"key":"SMITH"},{"data":"SignatureMove","floor":8,"key":"SMITH"},{"floor":13,"key":"REST"},{"floor":14,"key":"REST"}],"circlet_count":0,"master_deck":["AscendersBane","Strike_P+1","Strike_P","Defend_P","Defend_P","Defend_P+1","Defend_P","Eruption","Vigilance","CutThroughFate+1","Wallop+1","ICR:YinYang+1","SignatureMove+1","Nirvana","Consecrate+1","Tantrum","Weave+1","Vigilance","EmptyFist","Halt+1","FlurryOfBlows","ClearTheMind","Pot Of Greed","Pot Of Greed","ClearTheMind"],"relics":["PureWater","Black Star","Sling","PreservedInsect","Guide Book","BargainBundle","Gremlin Food","hubris:MysteriousPyramids","Blue Doll","Bottled Tornado","Replay:Bottled Snecko","Boot","potionbrewer:BhaskarasWheel","champ:DuelingGlove","Guardian:PocketSentry","hubris:FunFungus","Quantum Egg","Orichalcum","Whetstone","hubris:RunicObelisk","Regal Pillow","Art of War","Bag of Preparation","Garlic","Snack Pack","Grinning Jar","Replay:Ringing Soul","FossilizedHelix"],"acts_visited":["Exordium"],"potions_floor_usage":[18],"damage_taken":[{"damage":0,"enemies":"3 Sentries","floor":3,"turns":4},{"damage":0,"enemies":"Gremlin Nob","floor":4,"turns":2},{"damage":8,"enemies":"Lagavulin","floor":5,"turns":3},{"damage":12,"enemies":"Slavers","floor":9,"turns":3},{"damage":0,"enemies":"Gremlin Leader","floor":10,"turns":2},{"damage":18,"enemies":"Book of Stabbing","floor":11,"turns":3},{"damage":0,"enemies":"Giant Head","floor":15,"turns":3},{"damage":8,"enemies":"Reptomancer","floor":16,"turns":3},{"damage":9,"enemies":"Nemesis","floor":17,"turns":3},{"damage":18,"enemies":"Shield and Spear","floor":18,"turns":3}],"seed_played":"1874217499925153382","potions_obtained":[{"floor":3,"key":"Swift Potion"},{"floor":9,"key":"Adrenaline Potion"}],"is_trial":true,"path_per_floor":["$","$","E","E","E","T","R","R","E","E","E","T","R","R","E","E","E","E",null],"character_chosen":"WATCHER","items_purchased":["CutThroughFate+1","Wallop","Guide Book","ICR:YinYang","BargainBundle","SignatureMove","Nirvana"],"campfire_rested":2,"item_purchase_floors":[1,1,1,1,2,2,2],"current_hp_per_floor":[61,61,61,61,53,53,53,53,41,41,25,25,45,65,67,60,52,41],"gold":331,"neow_bonus":"","is_daily":false,"chose_seed":false,"campfire_upgraded":2,"win_rate":0.0,"timestamp":1613967650,"path_taken":["$","$","E","E","E","T","R","R","E","E","E","T","R","R","E","E","E","E"],"items_purchased_type":["Card","Card","Relic","Card","Relic","Card","Card"],"build_version":"2020-12-22","purchased_purges":2,"victory":true,"max_hp_per_floor":[68,68,68,68,68,68,68,68,68,68,68,68,68,68,68,68,68,68],"relic_stats":{"Regal Pillow":0,"counters":[10,28],"PreservedInsect":551,"Black Star":10,"Art of War":[0],"Bag of Preparation":[0],"Whetstone":["Consecrate","Weave"],"Orichalcum":[12],"Boot":[23],"obtain_stats":[{"champ:DuelingGlove":9,"Regal Pillow":15,"Blue Doll":4,"Bag of Preparation":16,"Whetstone":11,"hubris:MysteriousPyramids":3,"Bottled Tornado":4,"hubris:RunicObelisk":12,"Sling":0,"Boot":5,"Replay:Ringing Soul":18,"hubris:FunFungus":10,"Replay:Bottled Snecko":5,"Gremlin Food":3,"BargainBundle":2,"Guide Book":1,"Quantum Egg":10,"PreservedInsect":0,"potionbrewer:BhaskarasWheel":6,"Guardian:PocketSentry":9,"Orichalcum":11,"Black Star":0,"Art of War":15,"Garlic":16,"Snack Pack":17,"PureWater":0,"Grinning Jar":17,"FossilizedHelix":18},{"champ:DuelingGlove":4,"Regal Pillow":7,"Blue Doll":2,"Bag of Preparation":8,"Whetstone":6,"hubris:MysteriousPyramids":1,"Bottled Tornado":2,"hubris:RunicObelisk":6,"Sling":0,"Boot":3,"Replay:Ringing Soul":10,"hubris:FunFungus":5,"Replay:Bottled Snecko":3,"Gremlin Food":1,"BargainBundle":0,"Guide Book":0,"Quantum Egg":5,"PreservedInsect":0,"potionbrewer:BhaskarasWheel":3,"Guardian:PocketSentry":4,"Orichalcum":6,"Black Star":0,"Art of War":7,"Garlic":8,"Snack Pack":9,"PureWater":0,"Grinning Jar":9,"FossilizedHelix":10},{"champ:DuelingGlove":12,"Regal Pillow":20,"Blue Doll":6,"Bag of Preparation":23,"Whetstone":17,"hubris:MysteriousPyramids":4,"Bottled Tornado":6,"hubris:RunicObelisk":17,"Sling":0,"Boot":9,"Replay:Ringing Soul":28,"hubris:FunFungus":14,"Replay:Bottled Snecko":9,"Gremlin Food":4,"BargainBundle":0,"Guide Book":0,"Quantum Egg":14,"PreservedInsect":0,"potionbrewer:BhaskarasWheel":9,"Guardian:PocketSentry":12,"Orichalcum":17,"Black Star":0,"Art of War":20,"Garlic":23,"Snack Pack":25,"PureWater":0,"Grinning Jar":25,"FossilizedHelix":28}]},"card_choices":[],"player_experience":595531,"relics_obtained":[{"floor":3,"key":"Gremlin Food"},{"floor":3,"key":"hubris:MysteriousPyramids"},{"floor":4,"key":"Blue Doll"},{"floor":4,"key":"Bottled Tornado"},{"floor":5,"key":"Replay:Bottled Snecko"},{"floor":5,"key":"Boot"},{"floor":9,"key":"champ:DuelingGlove"},{"floor":9,"key":"Guardian:PocketSentry"},{"floor":10,"key":"hubris:FunFungus"},{"floor":10,"key":"Quantum Egg"},{"floor":11,"key":"Orichalcum"},{"floor":11,"key":"Whetstone"},{"floor":15,"key":"Regal Pillow"},{"floor":15,"key":"Art of War"},{"floor":16,"key":"Bag of Preparation"},{"floor":16,"key":"Garlic"},{"floor":17,"key":"Snack Pack"},{"floor":17,"key":"Grinning Jar"},{"floor":18,"key":"Replay:Ringing Soul"},{"floor":18,"key":"FossilizedHelix"}],"event_choices":[],"is_beta":false,"boss_relics":[{"not_picked":["Fusion Hammer","hubris:GrandSneckoEye"],"picked":"potionbrewer:BhaskarasWheel"},{"not_picked":["hubris:Backtick","ChewingGum"],"picked":"hubris:RunicObelisk"}],"items_purged_floors":[1,2],"is_endless":false,"potions_floor_spawned":[3,9,10,11,16],"ascension_level":20}}