{"host":"ju1b3c4x8n2jtjm7","time":1613961171,"event":{"mods":["AchievementEnabler","BaseMod","Colored Map","Colored Powertips","DeckTracker","Highlight Path","Minty Spire (QoL Compilation)","Quick Restart","Rare Cards Sparkle","Relic Stats"],"gold_per_floor":[114,133,144,144,156,156,191,191,191,191,203,221,255,255,255,353,353,365,380,259,277,192,192,225,240,240,240,254,254,286,286,286,382,382,399,412,412,82,95,95,106,138,163,163,173,203,252,265,265,265,265,265,43,75,75,75],"floor_reached":55,"language":"ENG","playtime":5158,"items_purged":["Anger","Iron Wave","Bludgeon+1"],"score":1465,"play_id":"2671e010-578b-4b16-b802-1f67bfbf0d8d","local_time":"20210222033251","is_ascension_mode":true,"campfire_choices":[{"data":"Armaments","floor":6.0,"key":"SMITH"},{"data":"Uppercut","floor":8.0,"key":"SMITH"},{"data":"Bludgeon","floor":10.0,"key":"SMITH"},{"data":"Cleave","floor":15.0,"key":"SMITH"},{"data":"Feel No Pain","floor":23.0,"key":"SMITH"},{"data":"Dark Embrace","floor":27.0,"key":"SMITH"},{"data":"Dark Embrace","floor":29.0,"key":"SMITH"},{"data":"Infernal Blade","floor":32.0,"key":"SMITH"},{"data":"Power Through","floor":40.0,"key":"SMITH"},{"floor":44.0,"key":"RECALL"},{"data":"Inflame","floor":49.0,"key":"SMITH"},{"data":"Sever Soul","floor":52.0,"key":"SMITH"}],"circlet_count":0,"master_deck":["AscendersBane","Warcry","Armaments+1","Intimidate","Reckless Charge","Infernal Blade+1","Uppercut+1","Sever Soul+1","Power Through+1","Cleave+1","Dark Embrace+1","Feel No Pain+1","Fiend Fire","Burning Pact+1","Warcry+1","Dark Embrace+1","Impervious+1","Seeing Red+1","Offering+1","Ghostly+1","Ghostly+1","Ghostly+1","Ghostly+1","Ghostly+1","Dark Embrace","Warcry+1","Inflame+1"],"relics":["Pandora\u0027s Box","Eternal Feather","Toxic Egg 2","Vajra","Mark of Pain","Singing Bowl","Letter Opener","Ginger","Bag of Preparation","Busted Crown","Centennial Puzzle","Omamori","Nunchaku","Prayer Wheel","Bottled Lightning"],"acts_visited":["Exordium","TheCity","TheBeyond","TheEnding"],"potions_floor_usage":[55,55],"damage_taken":[{"damage":9.0,"enemies":"Jaw Worm","floor":1.0,"turns":3.0},{"damage":0.0,"enemies":"Cultist","floor":2.0,"turns":2.0},{"damage":0.0,"enemies":"2 Louse","floor":3.0,"turns":1.0},{"damage":0.0,"enemies":"Exordium Thugs","floor":5.0,"turns":3.0},{"damage":10.0,"enemies":"3 Sentries","floor":7.0,"turns":4.0},{"damage":0.0,"enemies":"Large Slime","floor":11.0,"turns":2.0},{"damage":0.0,"enemies":"Blue Slaver","floor":12.0,"turns":2.0},{"damage":2.0,"enemies":"Lagavulin","floor":13.0,"turns":5.0},{"damage":0.0,"enemies":"Slime Boss","floor":16.0,"turns":5.0},{"damage":19.0,"enemies":"2 Thieves","floor":18.0,"turns":4.0},{"damage":0.0,"enemies":"Chosen","floor":19.0,"turns":2.0},{"damage":11.0,"enemies":"Centurion and Healer","floor":21.0,"turns":5.0},{"damage":27.0,"enemies":"Book of Stabbing","floor":24.0,"turns":6.0},{"damage":0.0,"enemies":"Snake Plant","floor":25.0,"turns":1.0},{"damage":7.0,"enemies":"Chosen and Byrds","floor":28.0,"turns":6.0},{"damage":4.0,"enemies":"Slavers","floor":30.0,"turns":5.0},{"damage":1.0,"enemies":"Collector","floor":33.0,"turns":6.0},{"damage":2.0,"enemies":"3 Shapes","floor":35.0,"turns":3.0},{"damage":1.0,"enemies":"Orb Walker","floor":36.0,"turns":2.0},{"damage":1.0,"enemies":"Writhing Mass","floor":39.0,"turns":5.0},{"damage":1.0,"enemies":"Spire Growth","floor":41.0,"turns":4.0},{"damage":0.0,"enemies":"Nemesis","floor":42.0,"turns":5.0},{"damage":0.0,"enemies":"Maw","floor":45.0,"turns":6.0},{"damage":0.0,"enemies":"Reptomancer","floor":46.0,"turns":5.0},{"damage":1.0,"enemies":"2 Orb Walkers","floor":47.0,"turns":4.0},{"damage":2.0,"enemies":"Sphere and 2 Shapes","floor":48.0,"turns":4.0},{"damage":2.0,"enemies":"Donu and Deca","floor":50.0,"turns":8.0},{"damage":2.0,"enemies":"Shield and Spear","floor":54.0,"turns":5.0},{"damage":34,"enemies":"The Heart","floor":55,"turns":11}],"seed_played":"-1120765908474668510","potions_obtained":[{"floor":1.0,"key":"Regen Potion"},{"floor":2.0,"key":"Strength Potion"},{"floor":19.0,"key":"Ancient Potion"},{"floor":24.0,"key":"SneckoOil"},{"floor":25.0,"key":"Explosive Potion"},{"floor":30.0,"key":"Strength Potion"},{"floor":36.0,"key":"DuplicationPotion"},{"floor":46.0,"key":"Energy Potion"}],"is_trial":false,"path_per_floor":["M","M","M","?","M","R","E","R","T","R","M","M","E","?","R","B",null,"M","M","$","M","?","R","E","M","T","R","M","R","E","?","R","B",null,"M","M","?","$","M","R","M","E","T","R","M","E","?","M","R","B",null,"R","$","E","B"],"character_chosen":"IRONCLAD","items_purchased":["Warcry+1","Dark Embrace","Warcry+1","Centennial Puzzle","Fruit Juice"],"campfire_rested":0,"item_purchase_floors":[20,38,38,38,53],"current_hp_per_floor":[63,63,63,63,63,63,53,59,59,65,65,65,77,77,80,80,80,61,61,61,50,50,59,32,34,34,43,36,48,44,41,41,42,43,43,44,44,44,45,47,48,48,48,49,51,53,54,56,59,57,59,59,59,59,30,30],"gold":75,"neow_bonus":"BOSS_RELIC","is_daily":false,"chose_seed":false,"campfire_upgraded":11,"win_rate":0.0,"timestamp":1613961171,"path_taken":["M","M","M","?","M","R","E","R","T","R","M","?","E","?","R","BOSS","M","M","$","M","?","R","E","M","T","R","M","R","E","?","R","BOSS","M","M","?","$","M","R","M","E","T","R","M","E","?","M","R","BOSS","R","$","E","BOSS"],"items_purchased_type":["Card","Card","Card","Relic","Potion"],"build_version":"2020-12-22","purchased_purges":3,"victory":false,"max_hp_per_floor":[80,80,80,80,80,80,80,80,80,80,80,80,80,80,80,80,80,80,80,80,80,80,80,80,82,82,82,82,82,82,41,41,43,43,45,47,45,45,47,47,49,49,49,49,51,53,55,59,59,59,59,59,59,61,66,66],"relic_stats":{"Centennial Puzzle":[18],"Nunchaku":[9],"Busted Crown":22,"Singing Bowl":24,"counters":[29,124],"Pandora\u0027s Box":["Bludgeon","Warcry","Armaments","Intimidate","Reckless Charge","Clash","Iron Wave","Infernal Blade","Uppercut"],"Eternal Feather":51,"Prayer Wheel":1,"Bag of Preparation":[26],"Letter Opener":[343],"Ginger":[15],"obtain_stats":[{"Singing Bowl":22,"Vajra":13,"Eternal Feather":7,"Bag of Preparation":30,"Omamori":42,"Letter Opener":24,"Ginger":26,"Burning Blood":0,"Centennial Puzzle":38,"Nunchaku":46,"Busted Crown":34,"Pandora\u0027s Box":0,"Prayer Wheel":47,"Mark of Pain":17,"Bottled Lightning":54,"Toxic Egg 2":9},{"Singing Bowl":12,"Vajra":8,"Eternal Feather":5,"Bag of Preparation":16,"Omamori":22,"Letter Opener":13,"Ginger":14,"Burning Blood":0,"Centennial Puzzle":19,"Nunchaku":24,"Busted Crown":17,"Pandora\u0027s Box":0,"Prayer Wheel":25,"Mark of Pain":9,"Bottled Lightning":28,"Toxic Egg 2":5},{"Singing Bowl":38,"Vajra":22,"Eternal Feather":13,"Bag of Preparation":56,"Omamori":81,"Letter Opener":44,"Ginger":45,"Burning Blood":0,"Centennial Puzzle":67,"Nunchaku":92,"Busted Crown":62,"Pandora\u0027s Box":0,"Prayer Wheel":96,"Mark of Pain":27,"Bottled Lightning":113,"Toxic Egg 2":13}]},"card_choices":[{"not_picked":["Twin Strike","Wild Strike"],"picked":"Sever Soul","floor":1.0},{"not_picked":["Burning Pact","Warcry"],"picked":"Power Through","floor":2.0},{"not_picked":["Metallicize","Armaments","Sever Soul"],"picked":"SKIP","floor":3.0},{"not_picked":["Headbutt","Perfected Strike"],"picked":"Cleave","floor":5.0},{"not_picked":["True Grit","Clothesline","Dual Wield"],"picked":"SKIP","floor":7.0},{"not_picked":["Intimidate+1","Entrench+1"],"picked":"Dark Embrace","floor":11.0},{"not_picked":["Armaments+1","Reaper"],"picked":"Feel No Pain","floor":12.0},{"not_picked":["Searing Blow","Combust","Headbutt"],"picked":"SKIP","floor":13.0},{"not_picked":["Demon Form","Juggernaut"],"picked":"Fiend Fire","floor":16.0},{"not_picked":["Shockwave+1","Rage+1"],"picked":"Burning Pact+1","floor":18.0},{"not_picked":["Armaments+1","Dropkick","Clash"],"picked":"SKIP","floor":19.0},{"not_picked":["Ghostly Armor+1","Sentinel+1"],"picked":"Dark Embrace","floor":21.0},{"not_picked":["Sword Boomerang","True Grit+1"],"picked":"Impervious+1","floor":24.0},{"not_picked":["Rampage","Body Slam","Wild Strike"],"picked":"Singing Bowl","floor":25.0},{"not_picked":["Armaments+1","Cleave"],"picked":"Seeing Red+1","floor":28.0},{"not_picked":["Havoc+1","Clothesline"],"picked":"Offering+1","floor":30.0},{"not_picked":["Bludgeon","Berserk","Corruption"],"picked":"Singing Bowl","floor":33.0},{"not_picked":["Clothesline"],"picked":"Singing Bowl","floor":35.0},{"not_picked":["Wild Strike+1"],"picked":"Singing Bowl","floor":36.0},{"not_picked":["Rampage"],"picked":"Singing Bowl","floor":39.0},{"not_picked":["Headbutt+1"],"picked":"Singing Bowl","floor":41.0},{"not_picked":[],"picked":"Inflame","floor":42.0},{"not_picked":["Pommel Strike+1"],"picked":"Singing Bowl","floor":45.0},{"not_picked":["Perfected Strike"],"picked":"Singing Bowl","floor":46.0},{"not_picked":["Flex+1"],"picked":"Singing Bowl","floor":47.0},{"not_picked":["Sever Soul+1"],"picked":"Singing Bowl","floor":48.0},{"not_picked":["Searing Blow"],"picked":"Singing Bowl","floor":48.0},{"not_picked":["Dual Wield+1"],"picked":"Singing Bowl","floor":54.0}],"player_experience":467430,"relics_obtained":[{"floor":7.0,"key":"Eternal Feather"},{"floor":9.0,"key":"Toxic Egg 2"},{"floor":13.0,"key":"Vajra"},{"floor":24.0,"key":"Letter Opener"},{"floor":26.0,"key":"Ginger"},{"floor":30.0,"key":"Bag of Preparation"},{"floor":42.0,"key":"Omamori"},{"floor":46.0,"key":"Nunchaku"},{"floor":47.0,"key":"Prayer Wheel"},{"floor":54.0,"key":"Bottled Lightning"}],"event_choices":[{"cards_removed":["Bash"],"damage_healed":0.0,"max_hp_gain":0.0,"max_hp_loss":0.0,"gold_gain":0.0,"event_name":"Purifier","player_choice":"Purged","floor":4.0,"gold_loss":0.0,"damage_taken":0.0},{"damage_healed":0.0,"max_hp_gain":0.0,"max_hp_loss":0.0,"gold_gain":0.0,"cards_transformed":["Clash"],"event_name":"Transmorgrifier","player_choice":"Transformed","floor":14.0,"gold_loss":0.0,"damage_taken":0.0,"cards_obtained":["Anger"]},{"damage_healed":0.0,"max_hp_gain":0.0,"max_hp_loss":0.0,"gold_gain":0.0,"event_name":"Addict","player_choice":"Obtained Relic","floor":22.0,"gold_loss":85.0,"damage_taken":0.0,"relics_obtained":["Singing Bowl"]},{"damage_healed":0.0,"max_hp_gain":0.0,"max_hp_loss":41.0,"gold_gain":0.0,"event_name":"Ghosts","player_choice":"Became a Ghost","floor":31.0,"gold_loss":0.0,"damage_taken":0.0,"cards_obtained":["Ghostly","Ghostly","Ghostly","Ghostly","Ghostly"]},{"damage_healed":0.0,"max_hp_gain":0.0,"max_hp_loss":2.0,"gold_gain":0.0,"event_name":"Winding Halls","player_choice":"Max HP","floor":37.0,"gold_loss":0.0,"damage_taken":0.0},{"damage_healed":0.0,"max_hp_gain":0.0,"max_hp_loss":0.0,"gold_gain":0.0,"event_name":"Mysterious Sphere","player_choice":"Fight","floor":47.0,"gold_loss":0.0,"damage_taken":0.0}],"is_beta":false,"boss_relics":[{"not_picked":["Tiny House","Cursed Key"],"picked":"Mark of Pain"},{"not_picked":["Coffee Dripper","Runic Pyramid"],"picked":"Busted Crown"}],"items_purged_floors":[20,38,53],"is_endless":false,"potions_floor_spawned":[1,2,5,11,19,24,25,30,33,36,41,42,46,47],"killed_by":"The Heart","ascension_level":11}}