{"host":"lv7etzzgwahaenh9","time":1613965490,"event":{"mods":["AchievementEnabler","BaseMod","Colored Map","Colored Powertips","Highlight Path","Minty Spire (QoL Compilation)","Permanent Neow","Quick Restart","Random Character Button","StSLib"],"gold_per_floor":[362,373,5,19,84,84,115,126,181,181,210,223,223,233,233,312,312,312,312,312,312,312,312,312,312,312,312,312,312,312,312,312,312,312,312,312,312,312,312,312,312,312,312,312,312,312,80,80,80,80,80,80,29,29,29],"floor_reached":56,"language":"ENG","playtime":2967,"items_purged":["Strike_R+1"],"score":1861,"play_id":"eb14ddde-d18e-4b83-b24f-253ec177f514","local_time":"20210221194450","is_ascension_mode":true,"campfire_choices":[{"data":"Whirlwind","floor":6.0,"key":"SMITH"},{"data":"Uppercut","floor":13.0,"key":"SMITH"},{"data":"Second Wind","floor":15.0,"key":"SMITH"},{"data":"Armaments","floor":23.0,"key":"SMITH"},{"floor":25.0,"key":"REST"},{"data":"Immolate","floor":30.0,"key":"SMITH"},{"floor":32.0,"key":"REST"},{"data":"Clothesline","floor":40.0,"key":"SMITH"},{"floor":46,"key":"RECALL"},{"floor":49,"key":"REST"},{"data":"Shrug It Off","floor":52,"key":"SMITH"}],"circlet_count":0,"master_deck":["AscendersBane","Strike_R+1","Strike_R+1","Strike_R+1","Strike_R+1","Defend_R+1","Defend_R+1","Defend_R+1","Defend_R+1","Bash","Hemokinesis","Second Wind+1","Whirlwind+1","Clothesline+1","Fiend Fire+1","Anger","Uppercut+1","Double Tap","Immolate+1","Armaments+1","Power Through","Demon Form+1","Ghostly Armor","Corruption+1","Power Through","Metallicize+1","Shockwave+1","Evolve+1","Warcry+1","Wild Strike+1","Shrug It Off+1","Bludgeon"],"relics":["Burning Blood","Lizard Tail","Frozen Egg 2","Whetstone","Oddly Smooth Stone","Ectoplasm","Enchiridion","Omamori","Bronze Scales","Snecko Eye","Du-Vu Doll","Mango","Letter Opener","Strange Spoon","Anchor","Toy Ornithopter"],"acts_visited":["Exordium","TheCity","TheBeyond","TheEnding"],"potions_floor_usage":[45,54,55],"damage_taken":[{"damage":6.0,"enemies":"Cultist","floor":1.0,"turns":4.0},{"damage":4.0,"enemies":"Jaw Worm","floor":2.0,"turns":3.0},{"damage":10.0,"enemies":"Small Slimes","floor":4.0,"turns":5.0},{"damage":30.0,"enemies":"3 Sentries","floor":7.0,"turns":5.0},{"damage":0.0,"enemies":"Looter","floor":8.0,"turns":1.0},{"damage":10.0,"enemies":"Gremlin Nob","floor":11.0,"turns":3.0},{"damage":0.0,"enemies":"Exordium Wildlife","floor":12.0,"turns":3.0},{"damage":0.0,"enemies":"2 Fungi Beasts","floor":14.0,"turns":2.0},{"damage":8.0,"enemies":"Slime Boss","floor":16.0,"turns":9.0},{"damage":2.0,"enemies":"Chosen","floor":18.0,"turns":3.0},{"damage":0.0,"enemies":"Spheric Guardian","floor":20.0,"turns":2.0},{"damage":9.0,"enemies":"Snecko","floor":21.0,"turns":4.0},{"damage":7.0,"enemies":"Sentry and Sphere","floor":22.0,"turns":3.0},{"damage":18.0,"enemies":"Snake Plant","floor":24.0,"turns":3.0},{"damage":7.0,"enemies":"Snecko","floor":27.0,"turns":4.0},{"damage":2.0,"enemies":"Cultist and Chosen","floor":28.0,"turns":3.0},{"damage":45.0,"enemies":"Gremlin Leader","floor":29.0,"turns":6.0},{"damage":24.0,"enemies":"Automaton","floor":33.0,"turns":9.0},{"damage":0.0,"enemies":"3 Darklings","floor":35.0,"turns":1.0},{"damage":2.0,"enemies":"3 Shapes","floor":36.0,"turns":6.0},{"damage":0.0,"enemies":"Spire Growth","floor":37.0,"turns":4.0},{"damage":6.0,"enemies":"3 Darklings","floor":38.0,"turns":3.0},{"damage":20.0,"enemies":"Nemesis","floor":41.0,"turns":5.0},{"damage":3.0,"enemies":"2 Orb Walkers","floor":42.0,"turns":4.0},{"damage":14.0,"enemies":"Reptomancer","floor":44.0,"turns":3.0},{"damage":0,"enemies":"Maw","floor":45,"turns":6},{"damage":30,"enemies":"Nemesis","floor":48,"turns":7},{"damage":47,"enemies":"Donu and Deca","floor":50,"turns":8},{"damage":66,"enemies":"Shield and Spear","floor":54,"turns":7},{"damage":74,"enemies":"The Heart","floor":55,"turns":8}],"seed_played":"-7630710157527884486","potions_obtained":[{"floor":7.0,"key":"Fire Potion"},{"floor":11.0,"key":"LiquidMemories"},{"floor":12.0,"key":"Block Potion"},{"floor":18.0,"key":"FairyPotion"},{"floor":44.0,"key":"Fruit Juice"},{"floor":54,"key":"Strength Potion"}],"is_trial":false,"path_per_floor":["M","M","$","M","?","R","E","M","T","?","E","M","R","M","R","B",null,"M","?","M","M","M","R","M","R","T","M","M","E","R","?","R","B",null,"M","M","M","M","?","R","E","?","T","E","M","R","$","E","R","B",null,"R","$","E","B",null],"character_chosen":"IRONCLAD","items_purchased":["Whirlwind","Lizard Tail","Strange Spoon","Block Potion"],"campfire_rested":3,"item_purchase_floors":[3,3,47,53],"current_hp_per_floor":[51,53,53,49,49,49,25,31,31,57,53,59,59,65,65,63,76,80,64,70,67,66,66,54,78,78,77,80,41,41,41,65,47,72,78,80,80,80,76,76,62,79,79,71,82,82,82,58,86,45,83,83,83,23,43],"gold":29,"neow_bonus":"TWO_FIFTY_GOLD","is_daily":false,"chose_seed":false,"campfire_upgraded":7,"win_rate":0.0,"timestamp":1613965490,"path_taken":["M","?","$","M","?","R","E","M","T","?","E","M","R","M","R","BOSS","M","?","M","M","M","R","M","R","T","M","M","E","R","?","R","BOSS","M","M","M","M","?","R","E","?","T","E","M","R","$","E","R","BOSS","R","$","E","BOSS"],"items_purchased_type":["Card","Relic","Relic","Potion"],"build_version":"2020-12-22","purchased_purges":1,"victory":true,"max_hp_per_floor":[80,80,80,80,80,80,80,80,80,80,80,80,80,80,80,80,80,80,80,80,80,80,80,80,80,80,80,80,80,80,80,80,80,80,80,80,80,80,76,76,76,90,90,90,95,95,95,95,95,95,95,95,95,95,95],"card_choices":[{"not_picked":["Headbutt","Thunderclap"],"picked":"Hemokinesis","floor":1.0},{"not_picked":["Evolve","Heavy Blade"],"picked":"Second Wind","floor":2.0},{"not_picked":["Clash","Twin Strike"],"picked":"Clothesline","floor":4.0},{"not_picked":["Clothesline","Sever Soul"],"picked":"Fiend Fire","floor":7.0},{"not_picked":["Heavy Blade","Pummel"],"picked":"Anger","floor":8.0},{"not_picked":["Iron Wave","Entrench"],"picked":"Uppercut","floor":11.0},{"not_picked":["Perfected Strike","Clash"],"picked":"Double Tap","floor":12.0},{"not_picked":["Headbutt","Pommel Strike","Pummel"],"picked":"SKIP","floor":14.0},{"not_picked":["Berserk+1","Limit Break"],"picked":"Immolate","floor":16.0},{"not_picked":["Hemokinesis","Dual Wield"],"picked":"Armaments","floor":18.0},{"not_picked":["Hemokinesis","Body Slam","Pommel Strike"],"picked":"SKIP","floor":20.0},{"not_picked":["Iron Wave","Cleave+1","Anger"],"picked":"SKIP","floor":21.0},{"not_picked":["Havoc","Clothesline","Armaments"],"picked":"SKIP","floor":22.0},{"not_picked":["Perfected Strike","Twin Strike"],"picked":"Power Through","floor":24.0},{"not_picked":["Flex","Havoc","Cleave"],"picked":"SKIP","floor":27.0},{"not_picked":["Flex","Havoc","Cleave"],"picked":"SKIP","floor":27.0},{"not_picked":["Headbutt","Clothesline"],"picked":"Demon Form+1","floor":28.0},{"not_picked":["Twin Strike","Sword Boomerang"],"picked":"Ghostly Armor","floor":29.0},{"not_picked":["Feed","Exhume"],"picked":"Corruption+1","floor":33.0},{"not_picked":["Shockwave","Iron Wave"],"picked":"Power Through","floor":35.0},{"not_picked":["Cleave","Armaments"],"picked":"Metallicize+1","floor":36.0},{"not_picked":["True Grit+1","Hemokinesis"],"picked":"Shockwave+1","floor":37.0},{"not_picked":["Bloodletting","Thunderclap"],"picked":"Evolve+1","floor":38.0},{"not_picked":["Bloodletting","Rampage"],"picked":"Warcry+1","floor":41.0},{"not_picked":["Thunderclap","Evolve+1"],"picked":"Wild Strike+1","floor":42.0},{"not_picked":["Evolve+1","Intimidate"],"picked":"Shrug It Off","floor":44.0},{"not_picked":["Body Slam","Cleave","Double Tap"],"picked":"SKIP","floor":45},{"not_picked":["Seeing Red","Shrug It Off","Pommel Strike+1"],"picked":"SKIP","floor":48},{"not_picked":["Bloodletting","Perfected Strike+1"],"picked":"Bludgeon","floor":54}],"player_experience":494036,"relics_obtained":[{"floor":7.0,"key":"Frozen Egg 2"},{"floor":9.0,"key":"Whetstone"},{"floor":11.0,"key":"Oddly Smooth Stone"},{"floor":19.0,"key":"Enchiridion"},{"floor":26.0,"key":"Omamori"},{"floor":29.0,"key":"Bronze Scales"},{"floor":41.0,"key":"Du-Vu Doll"},{"floor":42.0,"key":"Mango"},{"floor":44.0,"key":"Letter Opener"},{"floor":48,"key":"Anchor"},{"floor":54,"key":"Toy Ornithopter"}],"event_choices":[{"damage_healed":0.0,"max_hp_gain":0.0,"max_hp_loss":0.0,"gold_gain":65.0,"event_name":"Golden Wing","player_choice":"Gained Gold","floor":5.0,"gold_loss":0.0,"damage_taken":0.0},{"damage_healed":26.0,"max_hp_gain":0.0,"max_hp_loss":0.0,"gold_gain":0.0,"event_name":"Big Fish","player_choice":"Banana","floor":10.0,"gold_loss":0.0,"damage_taken":0.0},{"damage_healed":0.0,"max_hp_gain":0.0,"max_hp_loss":0.0,"gold_gain":0.0,"event_name":"Cursed Tome","player_choice":"Obtained Book","floor":19.0,"gold_loss":0.0,"damage_taken":16.0},{"damage_healed":0.0,"max_hp_gain":0.0,"max_hp_loss":0.0,"gold_gain":0.0,"event_name":"Back to Basics","player_choice":"Simplicity","floor":31.0,"gold_loss":0.0,"damage_taken":0.0,"cards_upgraded":["Strike_R","Strike_R","Strike_R","Strike_R","Defend_R","Defend_R","Defend_R","Defend_R"]},{"damage_healed":0.0,"max_hp_gain":0.0,"max_hp_loss":4.0,"gold_gain":0.0,"event_name":"Winding Halls","player_choice":"Max HP","floor":39.0,"gold_loss":0.0,"damage_taken":0.0},{"damage_healed":0.0,"max_hp_gain":0.0,"max_hp_loss":0.0,"gold_gain":0.0,"event_name":"Mysterious Sphere","player_choice":"Fight","floor":42.0,"gold_loss":0.0,"damage_taken":0.0}],"is_beta":false,"boss_relics":[{"not_picked":["Tiny House","Empty Cage"],"picked":"Ectoplasm"},{"not_picked":["SlaversCollar","Fusion Hammer"],"picked":"Snecko Eye"}],"items_purged_floors":[47],"is_endless":false,"potions_floor_spawned":[7,11,12,18,20,28,29,36,37,41,44,54],"ascension_level":13}}