{"host":"l1pzlbpva2o8t11s","time":1613988745,"event":{"mods":["AchievementEnabler","BaseMod","Block Reminder","Colored Map","Minty Spire (QoL Compilation)","Random Character Button","Relic Stats","StSLib","The Jungle"],"gold_per_floor":[117,136,136,153,170,204,224,252,252,272,447,447,447,447,447,549,599,616,616,616,635,560,560,560],"floor_reached":23,"language":"ENG","playtime":1721,"items_purged":["Bash"],"score":238,"play_id":"cd141b97-f8ba-4bd3-8a08-0316cbfb7a40","local_time":"20210222111225","is_ascension_mode":true,"campfire_choices":[{"floor":13.0,"key":"REST"},{"data":"Armaments","floor":15.0,"key":"SMITH"}],"circlet_count":0,"master_deck":["Defend_R","Defend_R","Defend_R","Defend_R","Shrug It Off","Body Slam+1","Armaments+1","Juggernaut","Bite","Bite","Bite","Bite","Bite"],"relics":["Burning Blood","Boot","StrikeDummy","Tiny House"],"acts_visited":["Exordium","TheCity"],"potions_floor_usage":[21,21],"damage_taken":[{"damage":5.0,"enemies":"Small Slimes","floor":1.0,"turns":3.0},{"damage":0.0,"enemies":"2 Louse","floor":2.0,"turns":2.0},{"damage":0.0,"enemies":"Jaw Worm","floor":4.0,"turns":5.0},{"damage":10.0,"enemies":"2 Fungi Beasts","floor":5.0,"turns":6.0},{"damage":53.0,"enemies":"Gremlin Nob","floor":6.0,"turns":7.0},{"damage":9.0,"enemies":"Blue Slaver","floor":7.0,"turns":7.0},{"damage":28.0,"enemies":"3 Sentries","floor":8.0,"turns":16.0},{"damage":9.0,"enemies":"Lots of Slimes","floor":10.0,"turns":6.0},{"damage":0.0,"enemies":"Exordium Wildlife","floor":14.0,"turns":1.0},{"damage":30.0,"enemies":"The Guardian","floor":16.0,"turns":15.0},{"damage":73,"enemies":"3 Byrds","floor":18,"turns":7},{"damage":17,"enemies":"Chosen","floor":21,"turns":7},{"damage":25,"enemies":"Slavers","floor":23,"turns":3}],"seed_played":"8238130422188082470","potions_obtained":[{"floor":2.0,"key":"SmokeBomb"},{"floor":5.0,"key":"Block Potion"},{"floor":6.0,"key":"Regen Potion"},{"floor":10.0,"key":"Dexterity Potion"},{"floor":17.0,"key":"SneckoOil"},{"floor":18,"key":"Dexterity Potion"}],"is_trial":false,"path_per_floor":["M","M","?","M","M","E","M","E","T","M","?","T","R","M","R","B",null,"M","?","?","M","$","E"],"character_chosen":"IRONCLAD","items_purchased":[],"campfire_rested":1,"item_purchase_floors":[],"current_hp_per_floor":[80,80,73,79,75,28,27,22,22,21,21,21,45,53,53,31,85,18,18,18,29,29,11,11],"gold":560,"neow_bonus":"REMOVE_CARD","is_daily":false,"chose_seed":false,"campfire_upgraded":1,"win_rate":0.0,"timestamp":1613988745,"path_taken":["M","M","?","M","M","E","M","E","T","M","?","?","R","M","R","BOSS","M","?","?","M","$","E"],"items_purchased_type":[],"build_version":"2020-12-22","purchased_purges":1,"victory":false,"max_hp_per_floor":[80,80,80,80,80,80,80,80,80,80,80,80,80,80,80,80,85,85,85,85,85,85,85,85],"relic_stats":{"counters":[13,85],"Boot":[8],"obtain_stats":[{"Blood Vial":6,"Tiny House":17,"Boot":8,"StrikeDummy":9,"Burning Blood":0},{"Blood Vial":5,"Tiny House":10,"Boot":7,"StrikeDummy":7,"Burning Blood":0},{"Blood Vial":23,"Tiny House":68,"Boot":46,"StrikeDummy":46,"Burning Blood":0}],"Burning Blood":65},"card_choices":[{"not_picked":["Clash","Clothesline"],"picked":"Shrug It Off","floor":1.0},{"not_picked":["Rupture","Armaments","Pommel Strike"],"picked":"SKIP","floor":2.0},{"not_picked":["Juggernaut","Dual Wield"],"picked":"Body Slam","floor":4.0},{"not_picked":["Perfected Strike","Rage","Intimidate"],"picked":"SKIP","floor":5.0},{"not_picked":["Combust","Intimidate","Wild Strike"],"picked":"SKIP","floor":6.0},{"not_picked":["Rupture","Twin Strike","Heavy Blade"],"picked":"SKIP","floor":7.0},{"not_picked":["Sword Boomerang","Headbutt","Dropkick"],"picked":"SKIP","floor":8.0},{"not_picked":["Uppercut","Dropkick"],"picked":"Armaments","floor":10.0},{"not_picked":["Bludgeon","Berserk"],"picked":"Juggernaut","floor":16.0},{"not_picked":["Iron Wave","Flame Barrier","Combust"],"picked":"SKIP","floor":18},{"not_picked":["Twin Strike","Flex","Headbutt+1"],"picked":"SKIP","floor":21}],"player_experience":187513,"relics_obtained":[{"floor":6.0,"key":"Blood Vial"},{"floor":8.0,"key":"Boot"},{"floor":9.0,"key":"StrikeDummy"}],"event_choices":[{"cards_removed":["Strike_R"],"damage_healed":0.0,"max_hp_gain":0.0,"max_hp_loss":0.0,"gold_gain":0.0,"event_name":"Golden Wing","player_choice":"Card Removal","floor":3.0,"gold_loss":0.0,"damage_taken":7.0},{"damage_healed":0.0,"max_hp_gain":0.0,"max_hp_loss":0.0,"gold_gain":175.0,"event_name":"Liars Game","player_choice":"AGREE","floor":11.0,"gold_loss":0.0,"damage_taken":0.0,"cards_obtained":["Doubt"]},{"damage_healed":0,"gold_gain":0,"player_choice":"Became a vampire (Vial)","damage_taken":0,"max_hp_gain":0,"max_hp_loss":0,"event_name":"Vampires","floor":19,"relics_lost":["Blood Vial"],"gold_loss":0,"cards_obtained":["Bite","Bite","Bite","Bite","Bite"]},{"cards_removed":["Doubt"],"damage_healed":0,"gold_gain":0,"player_choice":"Removed Curses","damage_taken":0,"max_hp_gain":0,"max_hp_loss":0,"event_name":"Fountain of Cleansing","floor":20,"gold_loss":0}],"is_beta":false,"boss_relics":[{"not_picked":["Runic Dome","Astrolabe"],"picked":"Tiny House"}],"items_purged_floors":[22],"is_endless":false,"potions_floor_spawned":[2,5,6,10,14,18],"killed_by":"Slavers","ascension_level":1}}