{"host":"a1eatafr7pisesky","time":1613993020,"event":{"mods":["AchievementEnabler","BaseMod","Colored Map","Keyboard Shortcuts","Minty Spire (QoL Compilation)","Say the Spire","StSLib","SuperFastMode","everything is the same but u backflip on backflip"],"gold_per_floor":[109,120,45,45,45,77,77,90,90,116,16,28,28,41,41,41,41],"floor_reached":16,"language":"KOR","playtime":336,"items_purged":["Defend_G"],"score":243,"play_id":"abe8d4ae-8790-472a-aa67-38334481b7d6","local_time":"20210222202340","is_ascension_mode":true,"campfire_choices":[{"data":"Footwork","floor":7,"key":"SMITH"},{"data":"Calculated Gamble","floor":15,"key":"SMITH"}],"circlet_count":0,"master_deck":["AscendersBane","Strike_G","Strike_G","Defend_G","Defend_G","Defend_G","Defend_G","Survivor","Neutralize","Backstab","Footwork+1","Acrobatics","Cloak And Dagger","Underhanded Strike","Masterful Stab","Calculated Gamble+1"],"relics":["Ring of the Snake","NeowsBlessing","Unceasing Top","Mummified Hand","InkBottle"],"acts_visited":["Exordium"],"potions_floor_usage":[10],"damage_taken":[{"damage":0,"enemies":"Cultist","floor":1,"turns":1},{"damage":0,"enemies":"Small Slimes","floor":2,"turns":1},{"damage":0,"enemies":"Lagavulin","floor":6,"turns":1},{"damage":0,"enemies":"2 Louse","floor":8,"turns":2},{"damage":26,"enemies":"3 Sentries","floor":10,"turns":12},{"damage":2,"enemies":"Lots of Slimes","floor":12,"turns":6},{"damage":0,"enemies":"Exordium Thugs","floor":14,"turns":3},{"damage":1,"enemies":"Hexaghost","floor":16,"turns":6}],"seed_played":"5729732341881993331","potions_obtained":[{"floor":1,"key":"BlessingOfTheForge"},{"floor":10,"key":"Block Potion"},{"floor":12,"key":"Weak Potion"}],"is_trial":false,"path_per_floor":["M","M","?","$","?","E","R","M","T","E","$","M","?","M","R","B"],"character_chosen":"THE_SILENT","items_purchased":["Underhanded Strike"],"campfire_rested":0,"item_purchase_floors":[11],"current_hp_per_floor":[59,59,59,59,59,59,59,59,59,33,33,31,31,31,31,30,30],"gold":41,"neow_bonus":"THREE_ENEMY_KILL","is_daily":false,"chose_seed":false,"campfire_upgraded":2,"win_rate":0.0,"timestamp":1613993020,"path_taken":["M","?","?","$","?","E","R","?","T","E","$","M","?","M","R","BOSS"],"items_purchased_type":["Card"],"build_version":"2020-12-22","purchased_purges":1,"victory":false,"max_hp_per_floor":[66,66,66,66,66,66,66,66,66,66,66,66,66,66,66,66,66],"card_choices":[{"not_picked":["Blade Dance","Bouncing Flask"],"picked":"Backstab","floor":1},{"not_picked":["Choke","Slice","Escape Plan"],"picked":"SKIP","floor":2},{"not_picked":["Deadly Poison","Flying Knee"],"picked":"Footwork","floor":6},{"not_picked":["Choke","Deflect"],"picked":"Acrobatics","floor":8},{"not_picked":["Poisoned Stab","Finisher"],"picked":"Cloak And Dagger","floor":10},{"not_picked":["Expertise","Deflect"],"picked":"Masterful Stab","floor":12},{"not_picked":["All Out Attack","Underhanded Strike"],"picked":"Calculated Gamble","floor":14}],"player_experience":484765,"relics_obtained":[{"floor":6,"key":"Unceasing Top"},{"floor":9,"key":"Mummified Hand"},{"floor":10,"key":"InkBottle"}],"event_choices":[{"cards_removed":["Strike_G"],"damage_healed":0,"gold_gain":0,"player_choice":"Card Removal","damage_taken":0,"max_hp_gain":0,"max_hp_loss":0,"event_name":"The Cleric","floor":3,"gold_loss":75},{"cards_removed":["Strike_G"],"damage_healed":0,"gold_gain":0,"player_choice":"Purged","damage_taken":0,"max_hp_gain":0,"max_hp_loss":0,"event_name":"Purifier","floor":5,"gold_loss":0},{"cards_removed":["Strike_G"],"damage_healed":0,"gold_gain":0,"player_choice":"Card Removal","damage_taken":0,"max_hp_gain":0,"max_hp_loss":0,"event_name":"Wheel of Change","floor":13,"gold_loss":0}],"is_beta":false,"boss_relics":[],"items_purged_floors":[11],"is_endless":false,"potions_floor_spawned":[1,10,12],"killed_by":"Hexaghost","ascension_level":16}}