{"host":"9ywz5nv8iwwl28k0","time":1613960021,"event":{"mods":["BaseMod","Block Reminder","Colored Map","Downfall","Highlight Path","Minty Spire (QoL Compilation)","Relic Stats","StSLib"],"gold_per_floor":[99,109,129,404,424,424,424,444,294,294,308,308,327,344,364,459,459,459,471,78,110,120,120,120,120],"floor_reached":23,"language":"ENG","playtime":939,"items_purged":["sneckomod:Strike"],"score":259,"play_id":"0c42a7cb-4b2e-41a7-af24-8d915365bb6d","local_time":"20210222031341","is_ascension_mode":true,"campfire_choices":[],"circlet_count":0,"master_deck":["sneckomod:Strike","sneckomod:Strike","sneckomod:Defend","sneckomod:Defend","sneckomod:Defend","sneckomod:TailWhip","sneckomod:SnekBite","hexamod:ThirdSeal","sneckomod:IronFang","sneckomod:ImprovisedAttack","Regret","sneckomod:TrashToTreasure","Inflame","sneckomod:QuickBite","sneckomod:Nope","Fusion","sneckomod:CheapStock+1","Shrug It Off","sneckomod:UnknownUncommonAttack","sneckomod:UnknownVulnerable","sneckomod:RainOfDice","sneckomod:SoulRoll","sneckomod:UnknownRarePower","sneckomod:UnknownBoss","sneckomod:UnknownBoss","Limit Break","sneckomod:UnknownDraw+1","hexamod:SecondSeal","sneckomod:QuickMove+1","sneckomod:DangerNoodle","expansioncontent:StudyTheSpire","sneckomod:MasterEye+1","sneckomod:UnknownClassHEXA_GHOST_PURPLE+1","sneckomod:MixItUp"],"relics":["sneckomod:SneckoSoul","Unceasing Top","Snecko Eye","hexamod:BolsterEngine"],"acts_visited":["Exordium","TheCity"],"potions_floor_usage":[8,16,19,23],"damage_taken":[{"damage":6,"enemies":"Jaw Worm","floor":2,"turns":5},{"damage":2,"enemies":"Cultist","floor":3,"turns":3},{"damage":8,"enemies":"Small Slimes","floor":5,"turns":3},{"damage":24,"enemies":"Exordium Wildlife","floor":8,"turns":4},{"damage":42,"enemies":"Exordium Thugs","floor":11,"turns":5},{"damage":4,"enemies":"3 Louse","floor":13,"turns":3},{"damage":12,"enemies":"Exordium Wildlife","floor":14,"turns":4},{"damage":16,"enemies":"Large Slime","floor":15,"turns":2},{"damage":50,"enemies":"IC_STATUS_ARCHETYPE","floor":16,"turns":9},{"damage":11,"enemies":"Chosen","floor":19,"turns":5},{"damage":6,"enemies":"downfall:FleeingMerchant","floor":20,"turns":4},{"damage":29,"enemies":"Snake Plant","floor":21,"turns":3},{"damage":25,"enemies":"Snecko","floor":22,"turns":5},{"damage":22,"enemies":"Masked Bandits","floor":23,"turns":2}],"seed_played":"-7881042668431599133","potions_obtained":[{"floor":2,"key":"AttackPotion"},{"floor":8,"key":"FairyPotion"},{"floor":14,"key":"Strength Potion"},{"floor":15,"key":"Block Potion"},{"floor":22,"key":"hexamod:SoulburnPotion"}],"is_trial":false,"path_per_floor":["R","M","M","?","M","R","T","M","?","R","M","R","M","M","M","B",null,"R","M","$","M","M","?"],"character_chosen":"THE_SNECKO","items_purchased":["hexamod:BolsterEngine","expansioncontent:StudyTheSpire"],"campfire_rested":0,"item_purchase_floors":[20,20],"current_hp_per_floor":[99,96,94,94,86,86,86,62,109,109,67,67,63,51,35,25,88,88,77,71,42,17,0,0,0],"gold":120,"neow_bonus":"TEN_PERCENT_HP_BONUS","is_daily":false,"chose_seed":false,"campfire_upgraded":0,"win_rate":0.0,"timestamp":1613960021,"path_taken":["R","M","M","?","M","R","T","?","?","R","M","R","?","M","M","BOSS","R","M","$","M","M","?"],"items_purchased_type":["Relic","Card"],"build_version":"2020-12-22","purchased_purges":1,"victory":false,"max_hp_per_floor":[99,99,99,99,99,99,99,99,109,109,109,109,109,109,109,109,109,109,109,109,109,109,109,109,109],"relic_stats":{"counters":[14,57],"Snecko Eye":[28,31,32,31],"obtain_stats":[{"Snecko Eye":17,"hexamod:BolsterEngine":20,"sneckomod:SneckoSoul":0,"Unceasing Top":7},{"Snecko Eye":9,"hexamod:BolsterEngine":11,"sneckomod:SneckoSoul":0,"Unceasing Top":3},{"Snecko Eye":38,"hexamod:BolsterEngine":47,"sneckomod:SneckoSoul":0,"Unceasing Top":11}],"Unceasing Top":[7]},"card_choices":[{"not_picked":["sneckomod:SoulDraw","sneckomod:DiceCrush"],"picked":"sneckomod:IronFang","floor":2},{"not_picked":["sneckomod:UnknownCommonAttack","sneckomod:DiceCrush"],"picked":"sneckomod:ImprovisedAttack","floor":2},{"not_picked":["sneckomod:RainOfDice","sneckomod:WideSting"],"picked":"sneckomod:UnknownStrength","floor":3},{"not_picked":["sneckomod:Cheat","sneckomod:Unknown1Cost"],"picked":"sneckomod:UnknownExhaust","floor":3},{"not_picked":["sneckomod:SoulRoll","sneckomod:WideSting"],"picked":"sneckomod:TrashToTreasure","floor":5},{"not_picked":["sneckomod:SnekBeam","sneckomod:UnknownCommonSkill","sneckomod:IronFang"],"picked":"SKIP","floor":5},{"not_picked":["sneckomod:RainOfDice","sneckomod:SoulCleanse"],"picked":"sneckomod:QuickBite","floor":8},{"not_picked":["sneckomod:SoulDraw","sneckomod:UnknownCommonAttack"],"picked":"sneckomod:Nope","floor":8},{"not_picked":["sneckomod:QuickMove","sneckomod:UnknownCommonSkill"],"picked":"sneckomod:UnknownBlock","floor":11},{"not_picked":["sneckomod:SoulDraw","sneckomod:QuickMove"],"picked":"sneckomod:CheapStock","floor":11},{"not_picked":["sneckomod:UnknownBlock","sneckomod:QuickBite"],"picked":"sneckomod:UnknownUncommonAttack","floor":13},{"not_picked":["sneckomod:UnknownExhaust","sneckomod:SoulDraw"],"picked":"sneckomod:UnknownVulnerable","floor":13},{"not_picked":["sneckomod:ImprovisedAttack","sneckomod:UnknownCommonSkill"],"picked":"sneckomod:RainOfDice","floor":14},{"not_picked":["sneckomod:UnknownDraw","sneckomod:UnknownCommonSkill"],"picked":"sneckomod:SoulRoll","floor":14},{"not_picked":["sneckomod:SlitherStrike","sneckomod:Nope"],"picked":"sneckomod:UnknownRarePower","floor":15},{"not_picked":["sneckomod:DangerNoodle","sneckomod:Restock"],"picked":"sneckomod:UnknownBoss","floor":16},{"not_picked":["sneckomod:Restock","sneckomod:Transmogrify"],"picked":"sneckomod:UnknownBoss","floor":16},{"not_picked":["sneckomod:UnknownClassRED","sneckomod:UnknownUncommonSkill"],"picked":"sneckomod:UnknownDraw+1","floor":19},{"not_picked":["hexamod:FirstSeal","hexamod:FourthSeal"],"picked":"hexamod:SecondSeal","floor":19},{"not_picked":["sneckomod:SoulDraw","sneckomod:DefensiveFlair","sneckomod:IronFang"],"picked":"SKIP","floor":19},{"not_picked":["sneckomod:ImprovisedGuard","sneckomod:ImprovisedAttack"],"picked":"sneckomod:QuickMove+1","floor":20},{"not_picked":["sneckomod:Rotation","sneckomod:UnknownClassHEXA_GHOST_PURPLE"],"picked":"sneckomod:DangerNoodle","floor":20},{"not_picked":["sneckomod:PureSnecko","sneckomod:UnknownCommonSkill"],"picked":"sneckomod:MasterEye+1","floor":21},{"not_picked":["sneckomod:RainOfDice","sneckomod:UnknownBlock","sneckomod:UnknownClassHEXA_GHOST_PURPLE"],"picked":"SKIP","floor":21},{"not_picked":["sneckomod:Nope","sneckomod:SoulDraw"],"picked":"sneckomod:UnknownClassHEXA_GHOST_PURPLE+1","floor":22},{"not_picked":["sneckomod:Unknown2Cost","sneckomod:SoulDraw"],"picked":"sneckomod:MixItUp","floor":22}],"player_experience":1589763,"relics_obtained":[{"floor":7,"key":"Unceasing Top"}],"event_choices":[{"damage_healed":0,"gold_gain":0,"player_choice":"Fought Bandits","damage_taken":0,"max_hp_gain":0,"max_hp_loss":0,"event_name":"Masked Bandits","floor":23,"gold_loss":0}],"is_beta":false,"boss_relics":[{"not_picked":["Black Star","Pandora\u0027s Box"],"picked":"Snecko Eye"}],"items_purged_floors":[20],"is_endless":false,"potions_floor_spawned":[2,8,14,15,22],"killed_by":"Masked Bandits","ascension_level":5}}