{"host":"xpnapoz7r05b4ck7","time":1613955365,"event":{"mods":["Act Like it!","Arknights","BaseMod","Minty Spire (QoL Compilation)","StSLib","The Alterego","The Animator"],"gold_per_floor":[113,113,127,127,52,52,62,73,97,97,97],"floor_reached":10,"language":"ENG","playtime":431,"items_purged":[],"score":58,"play_id":"1f4ba5ad-a5d0-4d72-b408-c5513f7fa691","local_time":"20210221195605","is_ascension_mode":false,"campfire_choices":[{"data":"alterego_mod:Mirror","floor":6,"key":"SMITH"}],"circlet_count":0,"master_deck":["alterego_mod:Strike","alterego_mod:Strike+1","alterego_mod:Strike","alterego_mod:Strike","alterego_mod:Defend","alterego_mod:Defend","alterego_mod:Defend","alterego_mod:Defend","alterego_mod:Impale+1","alterego_mod:BigMeatyClaws","alterego_mod:BrynhildrsRune","alterego_mod:Nekomimi","alterego_mod:Belts","alterego_mod:Bounce","alterego_mod:Mirror+1","alterego_mod:HighServant","alterego_mod:Pet"],"relics":["alterego_mod:MasochisticConstitution","Toy Ornithopter","CultistMask"],"acts_visited":["Exordium"],"potions_floor_usage":[],"damage_taken":[{"damage":3,"enemies":"Small Slimes","floor":1,"turns":3},{"damage":7,"enemies":"Cultist","floor":3,"turns":3},{"damage":3,"enemies":"Jaw Worm","floor":7,"turns":3},{"damage":9,"enemies":"2 Fungi Beasts","floor":8,"turns":3},{"damage":38,"enemies":"Lagavulin","floor":10,"turns":3}],"seed_played":"-2837137491074780855","potions_obtained":[{"floor":8,"key":"PowerPotion"}],"is_trial":false,"path_per_floor":["M","?","M","?","$","R","M","M","T","E"],"character_chosen":"The_Alterego","items_purchased":["alterego_mod:Bounce","alterego_mod:Mirror"],"campfire_rested":0,"item_purchase_floors":[5,5],"current_hp_per_floor":[68,54,48,48,48,48,46,38,38,0,0],"gold":97,"neow_bonus":"RANDOM_COMMON_RELIC","is_daily":false,"chose_seed":false,"campfire_upgraded":1,"win_rate":0.0,"timestamp":1613955365,"path_taken":["M","?","M","?","$","R","M","?","T","E"],"items_purchased_type":["Card","Card"],"build_version":"2020-12-22","purchased_purges":0,"victory":false,"max_hp_per_floor":[71,71,72,72,72,72,73,74,74,74,74],"card_choices":[{"not_picked":["alterego_mod:Skirt","alterego_mod:Punishment"],"picked":"alterego_mod:Nekomimi","floor":1},{"not_picked":["alterego_mod:TrashNCrash","alterego_mod:Table"],"picked":"alterego_mod:Belts","floor":3},{"not_picked":["alterego_mod:BeGentle","alterego_mod:Maid"],"picked":"alterego_mod:HighServant","floor":7},{"not_picked":["alterego_mod:MaintainEyeContact","alterego_mod:Punishment"],"picked":"alterego_mod:Pet","floor":8}],"player_experience":759340,"relics_obtained":[],"event_choices":[{"damage_healed":0,"gold_gain":0,"player_choice":"Entered Light","damage_taken":14,"max_hp_gain":0,"max_hp_loss":0,"event_name":"Shining Light","floor":2,"gold_loss":0,"cards_upgraded":["alterego_mod:Strike","alterego_mod:Impale"]},{"damage_healed":0,"gold_gain":0,"player_choice":"Trade","damage_taken":0,"relics_obtained":["CultistMask"],"max_hp_gain":0,"max_hp_loss":0,"event_name":"FaceTrader","floor":4,"gold_loss":0}],"is_beta":false,"boss_relics":[],"items_purged_floors":[],"is_endless":false,"potions_floor_spawned":[8],"killed_by":"Lagavulin","ascension_level":0}}