{"host":"blhqr6uo32maonpv","time":1613966829,"event":{"mods":["BaseMod","Downfall","Minty Spire (QoL Compilation)","Replay The Spire","StSLib","The Bug Knight","The Marked"],"gold_per_floor":[99,117,42,42,42,42,42,61,77,106,118,18,37,51,66,169,269,357,367,383,393,393,409,481,481,581,278,295,395,395,424,435,540,540,440,458,470,613,639,733,803,703,370,370,370,370,398,408,428,428,428,453,178,178,178,178,178,178],"floor_reached":56,"language":"ENG","playtime":3598,"items_purged":[],"score":849,"play_id":"45dafcd8-bbc1-40df-8fbf-12bb85ac7a82","local_time":"20210222000709","is_ascension_mode":false,"campfire_choices":[{"data":"Slimebound:Split","floor":1,"key":"SMITH"},{"floor":6,"key":"RECALL"},{"floor":12,"key":"REST"},{"data":"Slimebound:RallyTheTroops","floor":35,"key":"SMITH"},{"floor":42,"key":"REST"},{"data":"Slimebound:LevelUp","floor":45,"key":"SMITH"},{"data":"ReplayUltimateDefense","floor":54,"key":"SMITH"}],"circlet_count":0,"master_deck":["Slimebound:Tackle","Slimebound:Defend_Slimebound","Slimebound:Defend_Slimebound+1","Slimebound:Split+1","Slimebound:CorrosiveSpit+1","Slimebound:LivingWall","Slimebound:SplitAcid","Slimebound:ServeAndProtect+1","Slimebound:SplitBruiser","Slimebound:DivideAndConquer","Slimebound:SplitMire","Slimebound:Replication","Slimebound:MinionMaster","Slimebound:MassRepurpose+1","Slimebound:TongueLash+1","Slimebound:RollThrough+1","Slimebound:LeechEnergy+1","Slimebound:Equalize","Slimebound:LeadByExample","Slimebound:SlimeSpikes+1","Slimebound:MegaLick","Slimebound:Tackle+1","Slimebound:Tackle+1","Slimebound:Tackle+1","Slimebound:Gluttony","Slimebound:MegaLick+1","Slimebound:SpikyOuterGoop+1","Slimebound:SlimeTap","Slimebound:RallyTheTroops+1","downfall:Icky","Sickly","downfall:Icky","Slimebound:SplitBruiser","Slimebound:SplitAcid+1","Slimebound:SplitMire+1","Slimebound:LevelUp+1","Slimebound:SplitLeeching","Slimebound:SamplingLick+1","Slimebound:Replication+1","Slimebound:Teamwork","Slimebound:SplitAcid+1","ReplayUltimateDefense+1"],"relics":["ChewingGum","Pet Ghost","War Paint","Centennial Puzzle","downfall:HeartBlessingRed","Replay:Grab Bag","bronze:MakeshiftBattery","Replay:Wanted Poster","Astrolabe","Mummified Hand","Calipers","Torii","Pantograph","Strawberry","Replay:Ancient Bell","PreservedInsect","Replay:WaspNest","TungstenRod","downfall:HeartBlessingGreen","Replay:Mystery Machine","Lantern","Replay:Bottled Steam","downfall:HeartBlessingBlue","FossilizedHelix","Toy Ornithopter","Blood Vial","BargainBundle"],"acts_visited":["Exordium","TheCity","TheBeyond","TheEnding"],"potions_floor_usage":[14,21,27,28,29,31,33,48,50,50,52,52,55,55,55],"damage_taken":[{"damage":3,"enemies":"2 Louse","floor":2,"turns":2},{"damage":3,"enemies":"downfall:FleeingMerchant","floor":3,"turns":4},{"damage":0,"enemies":"Cultist","floor":8,"turns":3},{"damage":0,"enemies":"Jaw Worm","floor":9,"turns":3},{"damage":7,"enemies":"Lagavulin","floor":10,"turns":4},{"damage":0,"enemies":"downfall:LooterAlt","floor":11,"turns":3},{"damage":3,"enemies":"3 Louse","floor":13,"turns":2},{"damage":0,"enemies":"2 Fungi Beasts","floor":14,"turns":3},{"damage":0,"enemies":"Large Slime","floor":15,"turns":3},{"damage":8,"enemies":"SI_SHIV_ARCHETYPE","floor":16,"turns":5},{"damage":0,"enemies":"Chosen","floor":19,"turns":3},{"damage":10,"enemies":"Shell Parasite","floor":20,"turns":4},{"damage":7,"enemies":"Chosen and Byrds","floor":21,"turns":5},{"damage":5,"enemies":"Snecko","floor":23,"turns":4},{"damage":6,"enemies":"downfall:FleeingMerchant","floor":27,"turns":4},{"damage":3,"enemies":"Snake Plant","floor":28,"turns":3},{"damage":22,"enemies":"DF_ARCHETYPE_STREAMLINE","floor":29,"turns":5},{"damage":19,"enemies":"Slavers","floor":31,"turns":5},{"damage":0,"enemies":"Cultist and Chosen","floor":32,"turns":5},{"damage":1,"enemies":"WA_ARCHETYPE_CALM","floor":33,"turns":8},{"damage":7,"enemies":"3 Darklings","floor":36,"turns":4},{"damage":8,"enemies":"3 Shapes","floor":37,"turns":4},{"damage":0,"enemies":"downfall:FleeingMerchant","floor":38,"turns":3},{"damage":0,"enemies":"Reptomancer","floor":47,"turns":3},{"damage":0,"enemies":"Spire Growth","floor":48,"turns":3},{"damage":0,"enemies":"Jaw Worm Horde","floor":49,"turns":3},{"damage":73,"enemies":"DF_ARCHETYPE_ORBS","floor":50,"turns":8},{"damage":13,"enemies":"downfall:CharBossMerchant","floor":52,"turns":5},{"damage":9,"enemies":"downfall:NeowBoss","floor":55,"turns":15},{"damage":146,"enemies":"downfall:NeowBossFinal","floor":56,"turns":8}],"seed_played":"5216576092604713357","potions_obtained":[{"floor":10,"key":"Fire Potion"},{"floor":13,"key":"Fruit Juice"},{"floor":14,"key":"SteroidPotion"},{"floor":16,"key":"AttackPotion"},{"floor":21,"key":"Venom Potion"},{"floor":28,"key":"Venom Potion"},{"floor":31,"key":"Milkshake"},{"floor":33,"key":"CultistPotion"},{"floor":47,"key":"EntropicBrew"},{"floor":48,"key":"Elixir"},{"floor":49,"key":"DuplicationPotion"}],"is_trial":false,"path_per_floor":["R","M","$","?","?","R","T","M","M","E","M","R","M","M","M","B",null,"R","M","M","M","?","M","T","?","?","$","M","?","?","E","M","B",null,"R","M","M","$","?","?","T","R","?","T","R","?","E","M","M","B",null,"E","$","R","B","B"],"character_chosen":"SLIMEBOUND","items_purchased":["Slimebound:ServeAndProtect+1","Calipers","Slimebound:LevelUp","Replay:Mystery Machine","BargainBundle","Milkshake","Slimebound:SplitAcid+1","ReplayUltimateDefense"],"campfire_rested":2,"item_purchase_floors":[3,27,38,38,53,53,53,53],"current_hp_per_floor":[65,62,59,47,47,47,47,47,47,40,40,59,56,61,61,53,70,70,70,68,63,63,65,65,65,65,64,61,47,47,51,59,76,77,77,70,62,70,70,52,52,87,98,98,98,98,98,98,98,38,98,91,91,91,94,0,0,0],"gold":178,"neow_bonus":"BOSS_RELIC","is_daily":false,"chose_seed":false,"campfire_upgraded":4,"win_rate":0.0,"timestamp":1613966829,"path_taken":["R","M","$","?","?","R","T","M","?","E","M","R","M","M","M","BOSS","R","M","M","M","?","?","T","?","?","$","M","?","?","E","M","BOSS","R","M","M","$","?","?","T","R","?","?","R","?","E","M","M","BOSS","E","$","R","BOSS","BOSS"],"items_purchased_type":["Card","Relic","Card","Relic","Relic","Potion","Card","Card"],"build_version":"2020-12-22","purchased_purges":0,"victory":false,"max_hp_per_floor":[65,65,65,65,65,65,65,65,65,65,65,65,65,70,70,70,70,70,70,70,70,70,70,70,70,70,70,70,70,70,77,77,77,77,77,77,77,77,77,77,77,87,98,98,98,98,98,98,98,98,98,98,98,98,98,98,98,98],"card_choices":[{"not_picked":["Slimebound:LeechingTouch","Slimebound:SamplingLick"],"picked":"Slimebound:LivingWall","floor":2},{"not_picked":["Slimebound:MassFeed","Slimebound:GoopSpray"],"picked":"Slimebound:SplitAcid","floor":3},{"not_picked":["Slimebound:HauntingLick","Slimebound:RainOfGoop"],"picked":"Slimebound:SplitBruiser","floor":8},{"not_picked":["Slimebound:SplitBruiser","Slimebound:BestDefense"],"picked":"Slimebound:DivideAndConquer","floor":9},{"not_picked":["Slimebound:LeechEnergy","Slimebound:SplitBruiser"],"picked":"Slimebound:SlimeSpikes","floor":10},{"not_picked":["Slimebound:GoopSpray","Slimebound:LeechingTouch"],"picked":"Slimebound:SplitMire","floor":11},{"not_picked":["Slimebound:ItLooksTasty","Slimebound:Dissolve"],"picked":"Slimebound:Replication","floor":13},{"not_picked":["Slimebound:LivingWall","Slimebound:MegaLick","Slimebound:FinishingTackle"],"picked":"SKIP","floor":14},{"not_picked":["Slimebound:HauntingLick","Slimebound:GoopTackle"],"picked":"Slimebound:MinionMaster","floor":15},{"not_picked":["Slimebound:LeechLife","Slimebound:SelfFormingGoo"],"picked":"Slimebound:MassRepurpose","floor":16},{"not_picked":["Slimebound:RollThrough","Slimebound:LeechingTouch"],"picked":"Slimebound:Equalize","floor":19},{"not_picked":["Slimebound:BestDefense+1","Slimebound:ItLooksTasty"],"picked":"Slimebound:LeadByExample","floor":20},{"not_picked":["Slimebound:RollThrough","Slimebound:LivingWall"],"picked":"Slimebound:SlimeSpikes+1","floor":21},{"not_picked":["Slimebound:SplitBruiser","Slimebound:Dissolve"],"picked":"Slimebound:MegaLick","floor":23},{"not_picked":["Slimebound:SlimeSpikes","Slimebound:FinishingTackle"],"picked":"Slimebound:Gluttony","floor":27},{"not_picked":["Slimebound:SlimeSlap","Slimebound:FinishingTackle"],"picked":"Slimebound:MegaLick+1","floor":28},{"not_picked":["Slimebound:Nibble","Slimebound:Dissolve+1"],"picked":"Slimebound:SpikyOuterGoop+1","floor":29},{"not_picked":["Slimebound:FinishingTackle","Slimebound:SplitBruiser"],"picked":"Slimebound:SlimeTap","floor":31},{"not_picked":["Slimebound:Chomp+1","Slimebound:LeechEnergy+1","Slimebound:DisruptingSlam"],"picked":"SKIP","floor":32},{"not_picked":["Slimebound:MassFeed","Slimebound:WasteNot"],"picked":"Slimebound:RallyTheTroops","floor":33},{"not_picked":["AbeCurse","Decay"],"picked":"downfall:Icky","floor":34},{"not_picked":["Shame","ReplayTheSpireMod:Doomed"],"picked":"Sickly","floor":34},{"not_picked":["Spreading Infection","Regret"],"picked":"downfall:Icky","floor":34},{"not_picked":["Slimebound:MegaLick+1","Slimebound:DivideAndConquer"],"picked":"Slimebound:SplitBruiser","floor":36},{"not_picked":["Slimebound:GrowthPunch","Slimebound:ServeAndProtect"],"picked":"Slimebound:SplitAcid+1","floor":37},{"not_picked":["Slimebound:SamplingLick+1","Slimebound:FinishingTackle"],"picked":"Slimebound:SplitMire+1","floor":38},{"not_picked":["Slimebound:SplitBruiser+1","Slimebound:GoopSpray+1"],"picked":"Slimebound:SplitLeeching","floor":40},{"not_picked":["Slimebound:PrepareCrush","Slimebound:RainOfGoop+1","Slimebound:SplitAcid"],"picked":"SKIP","floor":47},{"not_picked":["Slimebound:Schlurp","Slimebound:ComboTackle"],"picked":"Slimebound:SamplingLick+1","floor":48},{"not_picked":["Slimebound:MegaLick","Slimebound:ProtectTheBoss+1"],"picked":"Slimebound:Replication+1","floor":49},{"not_picked":["Slimebound:RejuvenatingLick+1","Slimebound:LeechEnergy"],"picked":"Slimebound:Teamwork","floor":52}],"player_experience":42765,"relics_obtained":[{"floor":7,"key":"War Paint"},{"floor":10,"key":"Centennial Puzzle"},{"floor":24,"key":"Mummified Hand"},{"floor":29,"key":"Torii"},{"floor":29,"key":"Pantograph"},{"floor":31,"key":"Strawberry"},{"floor":40,"key":"Lantern"},{"floor":41,"key":"Replay:Bottled Steam"},{"floor":44,"key":"FossilizedHelix"},{"floor":47,"key":"Toy Ornithopter"},{"floor":52,"key":"Blood Vial"}],"event_choices":[{"damage_healed":0,"gold_gain":0,"player_choice":"Success","damage_taken":12,"relics_obtained":["Pet Ghost"],"max_hp_gain":0,"max_hp_loss":0,"event_name":"Scrap Ooze","floor":4,"gold_loss":0},{"damage_healed":0,"gold_gain":0,"player_choice":"Ignored","damage_taken":0,"max_hp_gain":0,"max_hp_loss":0,"event_name":"Ghosts","floor":30,"gold_loss":0},{"cards_removed":["Slimebound:SlimeSpikes"],"damage_healed":5,"gold_gain":0,"player_choice":"Offered Common","damage_taken":0,"max_hp_gain":0,"max_hp_loss":0,"event_name":"Bonfire Elementals","floor":46,"gold_loss":0},{"cards_removed":["Slimebound:SlimeSpikes"],"damage_healed":5,"gold_gain":0,"player_choice":"Offered Special","damage_taken":0,"max_hp_gain":0,"max_hp_loss":0,"event_name":"Bonfire Elementals","floor":46,"gold_loss":0}],"is_beta":false,"boss_relics":[{"not_picked":["Runic Dome","Honey Jar"],"picked":"Replay:Grab Bag"},{"not_picked":["Cursed Key","Philosopher\u0027s Stone"],"picked":"bronze:MakeshiftBattery"},{"not_picked":["ReplayTheSpireMod:DimensionalGlitch","Coffee Dripper"],"picked":"Replay:Wanted Poster"},{"not_picked":["Replay:Drink Me","Empty Cage"],"picked":"Astrolabe"},{"not_picked":["Painkiller Herb","Runic Pyramid"],"picked":"Replay:Ancient Bell"},{"not_picked":["MealTicket","ReplayFunnel"],"picked":"PreservedInsect"},{"not_picked":["Meat on the Bone","Chameleon Ring"],"picked":"Replay:WaspNest"},{"not_picked":["Thread and Needle","Old Coin"],"picked":"TungstenRod"}],"items_purged_floors":[],"is_endless":false,"potions_floor_spawned":[10,13,14,16,21,28,31,33,47,48,49],"killed_by":"downfall:NeowBossFinal","ascension_level":0}}