{"host":"5dhwd44u3dydylwe","time":1613974487,"event":{"mods":["AchievementEnabler","BaseMod","BetterRewards","Dota2Spire","Duelist Mod","GifTheSpireLib","Hubris","Minty Spire (QoL Compilation)","Shop Mod","StSLib","Wandering Minibosses"],"gold_per_floor":[141,188,113,127,127,145,173,191,191,191,191,191,204,214,240,260,286,286,286,358,358,324,274,75,95,95,95,126,136,166,190,190,204,238,238,252,252,252,252,327,327,347,347,26,26,50,84,84,94,94,94,128,128,195,195,195,195,195,195,50,79,79],"floor_reached":63,"language":"ENG","playtime":3684,"items_purged":["theDuelist:ParallelWorldFusion+1","theDuelist:Wasteland+1","theDuelist:GraydleDragon+1","theDuelist:CyberEndDragon+1"],"score":3291,"play_id":"ced8d7d2-2362-49cf-a282-0eaaba0aa3cd","local_time":"20210222141447","is_ascension_mode":true,"campfire_choices":[{"data":"theDuelist:MirrorForce","floor":9,"key":"SMITH"},{"data":"theDuelist:VoidVanishment","floor":18,"key":"SMITH"},{"data":"theDuelist:ScrapFactory","floor":19,"key":"SMITH"},{"floor":27,"key":"RECALL"},{"floor":35,"key":"REST"},{"floor":38,"key":"REST"},{"floor":39,"key":"REST"},{"floor":48,"key":"REST"},{"floor":51,"key":"REST"},{"floor":56,"key":"REST"},{"floor":59,"key":"REST"}],"circlet_count":0,"master_deck":["AscendersBane","theDuelist:BeastTalwar+1","theDuelist:CyberneticRevolution+1","theDuelist:DeltaAttacker+1","theDuelist:GenexNeutron+1","theDuelist:VampireFraulein+1","theDuelist:ScrapFactory+1","theDuelist:ChaosSeed","theDuelist:MirrorForce+1","theDuelist:BlockGolem","theDuelist:SpiralSpearStrike+2","theDuelist:Sogen+1","theDuelist:GoyoDefender","theDuelist:HeavyMechSupportPlatform","theDuelist:MetalDragon","theDuelist:VoidVanishment+1","theDuelist:SolemnStrike+1","theDuelist:Wiretap+1","theDuelist:Raigeki+1","theDuelist:EarthGiant+1","Apotheosis","theDuelist:CyberneticRevolution+1","theDuelist:MirrorForce+1","theDuelist:SolemnStrike+1","theDuelist:Wiretap+1","theDuelist:FossilSkullConvoy+1","theDuelist:SpikedGillman+1","theDuelist:NeoMagic"],"relics":["theDuelist:MillenniumPuzzle","theDuelist:CardPoolRelic","theDuelist:CardPoolBasicRelic","theDuelist:BoosterPackPoolRelic","theDuelist:CardPoolAddRelic","theDuelist:CardPoolMinusRelic","theDuelist:CardPoolSaveRelic","theDuelist:CardPoolOptionsRelic","Dota2Spire:Dagon","theDuelist:SpellMaxHPRelic","Runic Capacitor","TungstenRod","Dota2Spire:MagicBottle","Lee\u0027s Waffle","Dota2Spire:Satanic","Dota2Spire:Vanguard","Tiny Chest","Dota2Spire:Mjollnir","Membership Card","Dota2Spire:AghanimScepter","Orichalcum","StoneCalendar","theDuelist:DuelistUrn","Ginger","Torii","theDuelist:CardRewardRelicH","Dota2Spire:ShadowBlade","hubris:RGBLights","Pen Nib","Dota2Spire:ShivaGuard","Fusion Hammer","hubris:EmptyBottle","Paper Frog","Tough Bandages","Akabeko","theDuelist:MillenniumArmor","Dream Catcher","Bag of Marbles","Busted Crown","theDuelist:MerchantRugbox","Whetstone","Toy Ornithopter","theDuelist:ArmorPlateB","Dota2Spire:ArcaneBoots","wanderingMiniBosses:ThiefScarf","InkBottle","hubris:FunFungus","Dota2Spire:PowerTreads"],"acts_visited":["Exordium","TheCity","TheBeyond","TheEnding"],"potions_floor_usage":[62],"damage_taken":[{"damage":0,"enemies":"Small Slimes","floor":1,"turns":3},{"damage":11,"enemies":"Small Slimes","floor":2,"turns":7},{"damage":0,"enemies":"Jaw Worm","floor":4,"turns":1},{"damage":0,"enemies":"Cultist","floor":6,"turns":4},{"damage":0,"enemies":"Lagavulin","floor":7,"turns":3},{"damage":0,"enemies":"Blue Slaver","floor":8,"turns":5},{"damage":0,"enemies":"3 Louse","floor":13,"turns":1},{"damage":0,"enemies":"Gremlin Gang","floor":14,"turns":2},{"damage":0,"enemies":"3 Sentries","floor":15,"turns":4},{"damage":0,"enemies":"Looter","floor":16,"turns":4},{"damage":0,"enemies":"Gremlin Nob","floor":17,"turns":2},{"damage":0,"enemies":"The Guardian","floor":20,"turns":4},{"damage":0,"enemies":"Chosen","floor":22,"turns":5},{"damage":0,"enemies":"Spheric Guardian","floor":25,"turns":2},{"damage":0,"enemies":"Book of Stabbing","floor":28,"turns":4},{"damage":0,"enemies":"Chosen and Byrds","floor":29,"turns":3},{"damage":0,"enemies":"Gremlin Leader","floor":30,"turns":4},{"damage":0,"enemies":"Sentry and Sphere","floor":33,"turns":6},{"damage":0,"enemies":"theDuelist:KaibaA2","floor":34,"turns":3},{"damage":0,"enemies":"Shelled Parasite and Fungi","floor":36,"turns":2},{"damage":0,"enemies":"hubris:MusketHawk","floor":40,"turns":7},{"damage":0,"enemies":"Orb Walker","floor":42,"turns":1},{"damage":0,"enemies":"Nemesis","floor":47,"turns":6},{"damage":0,"enemies":"3 Darklings","floor":49,"turns":6},{"damage":0,"enemies":"Giant Head","floor":52,"turns":6},{"damage":0,"enemies":"Sphere and 2 Shapes","floor":54,"turns":2},{"damage":0,"enemies":"Donu and Deca","floor":57,"turns":3},{"damage":0,"enemies":"Shield and Spear","floor":61,"turns":2},{"damage":0,"enemies":"The Heart","floor":62,"turns":7}],"seed_played":"-1107479108801794974","potions_obtained":[{"floor":2,"key":"Energy Potion"},{"floor":52,"key":"theDuelist:StunPotion"}],"is_trial":false,"path_per_floor":["M","?","?","M","$","M","E","M","R","T","T","?","M","M","E","M","E","R","R","B",null,"M","?","$","M","T","R","E","M","E","T","T","M","E","R","M","?","R","R","B",null,"M","?","$","?","T","E","R","M","T","R","E","$","M","?","R","B",null,"R","$","E","B",null],"character_chosen":"THE_DUELIST","items_purchased":["Dota2Spire:Dagon","theDuelist:SpellMaxHPRelic","theDuelist:ScrapFactory","Runic Capacitor","TungstenRod","Dota2Spire:MagicBottle","Lee\u0027s Waffle","Dota2Spire:Satanic","Dota2Spire:Vanguard","theDuelist:ChaosSeed","Tiny Chest","Dota2Spire:Mjollnir","theDuelist:SkullConductor","theDuelist:MirrorForce","Membership Card","Dota2Spire:AghanimScepter","Orichalcum","theDuelist:BlockGolem","theDuelist:SpiralSpearStrike","theDuelist:LavaBottle","Torii","theDuelist:CardRewardRelicH","hubris:EmptyBottle","Paper Frog","Apotheosis","theDuelist:MerchantRugbox","hubris:FunFungus"],"campfire_rested":7,"item_purchase_floors":[0,0,0,0,0,0,0,0,0,0,0,0,0,0,0,0,0,0,0,0,5,5,24,24,44,44,60],"current_hp_per_floor":[80,70,70,70,36,42,44,48,48,48,48,48,50,53,55,59,61,61,61,69,79,82,82,82,82,82,82,82,82,82,82,82,82,82,82,82,82,82,82,83,83,83,83,83,83,83,83,83,83,83,83,83,83,83,83,83,83,83,83,83,83,83],"gold":79,"neow_bonus":"","is_daily":false,"chose_seed":false,"campfire_upgraded":3,"win_rate":0.0,"timestamp":1613974487,"path_taken":["M","?","?","M","?","M","E","M","R","?","T","?","M","M","E","?","E","R","R","BOSS","M","?","$","M","?","R","E","M","E","T","T","M","E","R","M","?","R","R","BOSS","M","?","$","?","?","E","R","M","T","R","E","?","?","?","R","BOSS","R","$","E","BOSS"],"items_purchased_type":["Relic","Relic","Card","Relic","Relic","Relic","Relic","Relic","Relic","Card","Relic","Relic","Card","Card","Relic","Relic","Relic","Card","Card","Potion","Relic","Relic","Relic","Relic","Card","Relic","Relic"],"build_version":"2020-12-22","purchased_purges":4,"victory":true,"max_hp_per_floor":[80,81,81,81,81,81,81,81,81,81,81,81,81,82,82,82,82,82,82,82,82,82,82,82,82,82,82,82,82,82,82,82,82,82,82,82,82,82,82,83,83,83,83,83,83,83,83,83,83,83,83,83,83,83,83,83,83,83,83,83,83,83],"card_choices":[{"not_picked":["theDuelist:BusterBlader","theDuelist:Deskbot003","theDuelist:Skullgios","theDuelist:GaiaFierce","theDuelist:CatapultZone"],"picked":"SKIP","floor":1},{"not_picked":["theDuelist:ImperialOrder+1","theDuelist:ToonBriefcase+1","theDuelist:Solidarity+1","theDuelist:IgnisHeat+1"],"picked":"theDuelist:Sogen+1","floor":2},{"not_picked":["theDuelist:Beatraptor","theDuelist:GhostrickYeti","theDuelist:SphereChaos","theDuelist:Deskbot003","theDuelist:NaturiaStrawberry"],"picked":"SKIP","floor":4},{"not_picked":["theDuelist:NaturiaStrawberry","theDuelist:CharcoalInpachi","theDuelist:ArchfiendGeneral","theDuelist:SystemDown","theDuelist:PlatinumGadget"],"picked":"SKIP","floor":6},{"not_picked":["theDuelist:Geargiauger","theDuelist:SuperheavySwordsman","theDuelist:FiendMegacyber","theDuelist:ArmorBreaker","theDuelist:Sogen"],"picked":"SKIP","floor":7},{"not_picked":["theDuelist:CombinationAttack","theDuelist:FiendMegacyber","theDuelist:BattleWarrior","theDuelist:Pumpking"],"picked":"theDuelist:HeavyMechSupportPlatform","floor":8},{"not_picked":["theDuelist:Geargiauger","theDuelist:SuperheavySwordsman","theDuelist:Tengu","theDuelist:Hajun"],"picked":"theDuelist:MetalDragon","floor":13},{"not_picked":["theDuelist:BlossomBombardment","theDuelist:GoyoEmperor"],"picked":"theDuelist:VoidVanishment","floor":14},{"not_picked":["theDuelist:HammerShot","theDuelist:MudGolem","theDuelist:PowerGiant","theDuelist:RainbowOverdragon"],"picked":"theDuelist:SolemnStrike","floor":15},{"not_picked":["theDuelist:Hinotama","theDuelist:CombinationAttack","theDuelist:CommonSpireMetronome","theDuelist:ScrapFactory","theDuelist:EvilMind"],"picked":"SKIP","floor":16},{"not_picked":["theDuelist:Beatraptor","theDuelist:SphereChaos","theDuelist:SuperheavySwordsman","theDuelist:Geargiauger","theDuelist:BugSignal"],"picked":"SKIP","floor":17},{"not_picked":["theDuelist:NeoMagic","theDuelist:BabyDragon","theDuelist:BlackPtera+1","theDuelist:VampireGrimson","theDuelist:DarkFactory"],"picked":"SKIP","floor":22},{"not_picked":["theDuelist:SpiralSpearStrike","theDuelist:ShiranuiSolitaire","theDuelist:GolemSentry","theDuelist:AbyssalKingshark","theDuelist:AllyJustice"],"picked":"SKIP","floor":25},{"not_picked":["theDuelist:SpiralSpearStrike","theDuelist:EgoBoost","theDuelist:Forest+1","theDuelist:ChangeHeart","theDuelist:PredaplantMetronome"],"picked":"SKIP","floor":28},{"not_picked":["theDuelist:GaiaMidNightSun","theDuelist:GauntletWarrior","theDuelist:Sangan","theDuelist:WingedKuriboh","theDuelist:Mudora"],"picked":"SKIP","floor":29},{"not_picked":["theDuelist:BigFire+1","theDuelist:RainbowBridge","theDuelist:BigEye","theDuelist:MagicalStone"],"picked":"theDuelist:Wiretap+1","floor":30},{"not_picked":["theDuelist:EvilswarmHeliotrope","theDuelist:BigKoala","theDuelist:BlockGolem","theDuelist:RockSunrise","theDuelist:HeavyStorm"],"picked":"SKIP","floor":33},{"not_picked":["theDuelist:AgainstTheWind","theDuelist:CardsFromTheSky","theDuelist:LuminousMoss"],"picked":"SKIP","floor":34},{"not_picked":["theDuelist:WormKing","theDuelist:ScrapFactory","theDuelist:WormWarlord+1","theDuelist:Electrowhip+1","theDuelist:Fissure"],"picked":"SKIP","floor":36},{"not_picked":["theDuelist:StormSparks","theDuelist:HiddenArmory","theDuelist:ArmedDragon10","theDuelist:IgnisHeat"],"picked":"theDuelist:Raigeki","floor":40},{"not_picked":["theDuelist:HammerShot","theDuelist:RedHeadedOni","theDuelist:EarthGiant+1"],"picked":"SKIP","floor":42},{"not_picked":["theDuelist:RainbowOverdragon","theDuelist:MillenniumGolem"],"picked":"theDuelist:EarthGiant+1","floor":43},{"not_picked":["theDuelist:Raigeki","theDuelist:RarePowerMetronome"],"picked":"theDuelist:FossilSkullConvoy+1","floor":47},{"not_picked":["theDuelist:RareMonsterMetronome","theDuelist:IgnisHeat"],"picked":"theDuelist:SpikedGillman+1","floor":49},{"not_picked":["theDuelist:Grasschopper+1","theDuelist:AttackTheMoon","theDuelist:CosmicHorrorGangiel"],"picked":"SKIP","floor":52},{"not_picked":["theDuelist:SpellMetronome","theDuelist:AgainstTheWind","theDuelist:EgoBoost"],"picked":"SKIP","floor":54},{"not_picked":["theDuelist:AtomicScrapDragon+1"],"picked":"SKIP","floor":61}],"player_experience":267930,"relics_obtained":[{"floor":2,"key":"StoneCalendar"},{"floor":2,"key":"theDuelist:DuelistUrn"},{"floor":2,"key":"Ginger"},{"floor":7,"key":"Dota2Spire:ShadowBlade"},{"floor":10,"key":"InkBottle"},{"floor":11,"key":"hubris:RGBLights"},{"floor":15,"key":"Pen Nib"},{"floor":17,"key":"Dota2Spire:ShivaGuard"},{"floor":28,"key":"Tough Bandages"},{"floor":30,"key":"Akabeko"},{"floor":31,"key":"theDuelist:MillenniumArmor"},{"floor":32,"key":"Dream Catcher"},{"floor":34,"key":"Bag of Marbles"},{"floor":46,"key":"Whetstone"},{"floor":47,"key":"Toy Ornithopter"},{"floor":50,"key":"theDuelist:ArmorPlateB"},{"floor":52,"key":"Dota2Spire:ArcaneBoots"},{"floor":54,"key":"wanderingMiniBosses:ThiefScarf"},{"floor":54,"key":"InkBottle"},{"floor":61,"key":"Dota2Spire:PowerTreads"}],"event_choices":[{"damage_healed":0,"gold_gain":0,"player_choice":"Fight","duelist":true,"damage_taken":0,"max_hp_gain":0,"max_hp_loss":0,"event_name":"Battle City","floor":2,"gold_loss":0},{"cards_removed":["theDuelist:RevendreadEvolution"],"damage_healed":0,"gold_gain":0,"player_choice":"Card Removal","damage_taken":0,"max_hp_gain":0,"max_hp_loss":0,"event_name":"The Cleric","floor":3,"gold_loss":75},{"damage_healed":0,"gold_gain":0,"player_choice":"Upgraded Two","damage_taken":0,"max_hp_gain":0,"max_hp_loss":0,"event_name":"Designer","floor":23,"gold_loss":50,"cards_upgraded":["theDuelist:SpiralSpearStrike","theDuelist:SolemnStrike"]},{"total_magic_score":82,"gold_gain":0,"duelist":true,"damage_taken":0,"relics_obtained":[],"points":1,"max_hp_gain":0,"max_hp_loss":0,"spent_points":{"magic":0,"greed":0,"war":0,"power":0,"hunger":0},"event_name":"Nameless Tomb","floor":37,"gold_loss":0,"cards_obtained":[]},{"damage_healed":0,"gold_gain":0,"player_choice":"Memory 1","damage_taken":0,"max_hp_gain":0,"max_hp_loss":0,"event_name":"SensoryStone","floor":43,"gold_loss":0},{"damage_healed":0,"gold_gain":0,"player_choice":"Leave","duelist":true,"damage_taken":0,"max_hp_gain":0,"max_hp_loss":0,"event_name":"Millennium Items","floor":45,"gold_loss":0},{"damage_healed":0,"gold_gain":0,"cards_transformed":["theDuelist:SkullConductor"],"player_choice":"Transformed","damage_taken":0,"max_hp_gain":0,"max_hp_loss":0,"event_name":"Transmorgrifier","floor":55,"gold_loss":0,"cards_obtained":["theDuelist:NeoMagic"]}],"is_beta":false,"boss_relics":[{"not_picked":["hubris:BlackHole","Astrolabe"],"picked":"Fusion Hammer"},{"not_picked":["Snecko Eye","SlaversCollar"],"picked":"Busted Crown"}],"items_purged_floors":[0,0,0,44],"is_endless":false,"potions_floor_spawned":[2,4,6,15,16,25,28,34,36,40,49,52,61],"ascension_level":15}}