{"host":"o88u0awh8mkwl1l8","time":1613974697,"event":{"mods":["BaseMod","Colored Map","Highlight Path","Minty Spire (QoL Compilation)","Relic Sorter"],"gold_per_floor":[216,232,251,46,46,81,46,84,129,129,153,153,174,17,17,135,135,200,248,293,230,278,368,368,426,452,513,552,572,591,637,637,757,757,807,807,807,807,446,446,460,330,330,374,420,445,445,445],"floor_reached":47,"language":"JPN","playtime":2442,"items_purged":["Strike_P","Strike_P","Defend_P","Strike_P","Defend_P"],"score":1393,"play_id":"63284251-8955-4be2-acac-1449650780b2","local_time":"20210222151817","is_ascension_mode":true,"campfire_choices":[{"data":"Wallop","floor":10.0,"key":"SMITH"},{"data":"Tantrum","floor":12.0,"key":"SMITH"},{"data":"HandOfGreed","floor":15.0,"key":"SMITH"},{"floor":24.0,"key":"REST"},{"floor":32.0,"key":"REST"}],"circlet_count":0,"master_deck":["AscendersBane","Defend_P","Defend_P","Eruption","Vigilance","Tantrum+1","Tantrum","EmptyBody","Wallop+1","FlurryOfBlows","DeceiveReality","Adaptation","HandOfGreed+1","Scrawl","EmptyFist","DevaForm","Wallop","Fasting2"],"relics":["PureWater","Membership Card","Golden Idol","Pantograph","Oddly Smooth Stone","Busted Crown","Akabeko","Gambling Chip","Potion Belt","Bronze Scales","VioletLotus","Melange","MealTicket","Sundial","Omamori"],"acts_visited":["Exordium","TheCity","TheBeyond"],"potions_floor_usage":[],"damage_taken":[{"damage":1.0,"enemies":"Cultist","floor":1.0,"turns":4.0},{"damage":4.0,"enemies":"2 Louse","floor":2.0,"turns":3.0},{"damage":1.0,"enemies":"Small Slimes","floor":3.0,"turns":2.0},{"damage":47.0,"enemies":"Lagavulin","floor":6.0,"turns":5.0},{"damage":22.0,"enemies":"3 Sentries","floor":8.0,"turns":7.0},{"damage":0.0,"enemies":"3 Louse","floor":11.0,"turns":2.0},{"damage":0.0,"enemies":"Exordium Wildlife","floor":13.0,"turns":2.0},{"damage":0.0,"enemies":"Slime Boss","floor":16.0,"turns":6.0},{"damage":0.0,"enemies":"3 Byrds","floor":18.0,"turns":4.0},{"damage":0.0,"enemies":"Chosen","floor":19.0,"turns":2.0},{"damage":4.0,"enemies":"Snake Plant","floor":20.0,"turns":3.0},{"damage":14.0,"enemies":"Centurion and Healer","floor":22.0,"turns":3.0},{"damage":20.0,"enemies":"Slavers","floor":23.0,"turns":4.0},{"damage":18.0,"enemies":"Book of Stabbing","floor":25.0,"turns":3.0},{"damage":0.0,"enemies":"Gremlin Leader","floor":27.0,"turns":4.0},{"damage":5.0,"enemies":"Shelled Parasite and Fungi","floor":28.0,"turns":4.0},{"damage":0.0,"enemies":"Cultist and Chosen","floor":29.0,"turns":3.0},{"damage":0.0,"enemies":"Centurion and Healer","floor":30.0,"turns":3.0},{"damage":7.0,"enemies":"Shelled Parasite and Fungi","floor":31.0,"turns":4.0},{"damage":0.0,"enemies":"Collector","floor":33.0,"turns":6.0},{"damage":13.0,"enemies":"3 Darklings","floor":35.0,"turns":5.0},{"damage":0.0,"enemies":"Reptomancer","floor":40.0,"turns":3.0},{"damage":3.0,"enemies":"Orb Walker","floor":41.0,"turns":2.0},{"damage":36.0,"enemies":"Giant Head","floor":44.0,"turns":8.0},{"damage":5,"enemies":"Spire Growth","floor":45,"turns":3},{"damage":14,"enemies":"3 Darklings","floor":46,"turns":5},{"damage":76,"enemies":"Writhing Mass","floor":47,"turns":2}],"seed_played":"5670738462160400702","potions_obtained":[{"floor":1.0,"key":"Dexterity Potion"},{"floor":3.0,"key":"FairyPotion"},{"floor":8.0,"key":"BlessingOfTheForge"},{"floor":20.0,"key":"Weak Potion"},{"floor":27.0,"key":"LiquidMemories"},{"floor":30.0,"key":"Dexterity Potion"},{"floor":31.0,"key":"LiquidBronze"},{"floor":44.0,"key":"FairyPotion"},{"floor":45,"key":"FairyPotion"}],"is_trial":false,"path_per_floor":["M","M","M","$","?","E","?","E","T","R","M","R","M","$","R","B",null,"M","M","M","$","M","E","R","E","T","E","M","M","M","M","R","B",null,"M","?","?","?","$","E","M","$","T","E","M","M","M"],"character_chosen":"WATCHER","items_purchased":["Membership Card","HandOfGreed","Wallop","Melange","MealTicket","AttackPotion","SmokeBomb","DuplicationPotion"],"campfire_rested":2,"item_purchase_floors":[4,14,39,39,39,39,39,42],"current_hp_per_floor":[60,56,55,55,55,8,23,1,1,1,1,1,1,1,1,26,53,53,53,49,49,35,15,33,15,15,15,10,10,10,3,21,46,58,45,45,45,45,45,45,42,57,57,21,16,2,17,17],"gold":445,"neow_bonus":"HUNDRED_GOLD","is_daily":false,"chose_seed":false,"campfire_upgraded":3,"win_rate":0.0,"timestamp":1613974697,"path_taken":["M","M","M","$","?","E","?","E","T","R","M","R","M","$","R","BOSS","M","M","M","$","M","E","R","E","T","E","M","M","M","M","R","BOSS","M","?","?","?","$","E","M","$","T","E","M","M","M"],"items_purchased_type":["Relic","Card","Card","Relic","Relic","Potion","Potion","Potion"],"build_version":"2020-12-22","purchased_purges":5,"victory":false,"max_hp_per_floor":[68,68,68,68,62,62,62,62,62,62,62,62,62,62,62,62,62,62,62,62,62,62,62,62,62,62,62,62,62,62,62,62,62,62,62,62,62,59,59,59,59,59,59,59,59,59,59,59],"card_choices":[{"not_picked":["ClearTheMind","ThirdEye"],"picked":"Tantrum","floor":1.0},{"not_picked":["Perseverance","Worship"],"picked":"Tantrum","floor":2.0},{"not_picked":["BowlingBash","FollowUp"],"picked":"EmptyBody","floor":3.0},{"not_picked":["Collect","Prostrate"],"picked":"Wallop","floor":6.0},{"not_picked":["BowlingBash","Collect"],"picked":"FlurryOfBlows","floor":8.0},{"not_picked":["Crescendo","EmptyFist"],"picked":"DeceiveReality","floor":11.0},{"not_picked":["ThirdEye","Prostrate"],"picked":"Adaptation","floor":13.0},{"not_picked":["Devotion","Establishment"],"picked":"Scrawl","floor":16.0},{"not_picked":["FlyingSleeves+1"],"picked":"SKIP","floor":18.0},{"not_picked":["Consecrate"],"picked":"SKIP","floor":19.0},{"not_picked":["Protect"],"picked":"SKIP","floor":20.0},{"not_picked":["Crescendo"],"picked":"SKIP","floor":22.0},{"not_picked":["Crescendo"],"picked":"SKIP","floor":22.0},{"not_picked":["Crescendo"],"picked":"SKIP","floor":22.0},{"not_picked":["Crescendo"],"picked":"SKIP","floor":23.0},{"not_picked":["FollowUp"],"picked":"SKIP","floor":25.0},{"not_picked":["Nirvana"],"picked":"SKIP","floor":27.0},{"not_picked":[],"picked":"EmptyFist","floor":28.0},{"not_picked":["FlurryOfBlows"],"picked":"SKIP","floor":29.0},{"not_picked":["FlurryOfBlows"],"picked":"SKIP","floor":29.0},{"not_picked":["ThirdEye"],"picked":"SKIP","floor":30.0},{"not_picked":["Protect"],"picked":"SKIP","floor":31.0},{"not_picked":[],"picked":"DevaForm","floor":33.0},{"not_picked":["SashWhip"],"picked":"SKIP","floor":35.0},{"not_picked":["Sanctity+1"],"picked":"SKIP","floor":41.0},{"not_picked":["BowlingBash"],"picked":"SKIP","floor":44.0},{"not_picked":[],"picked":"Fasting2","floor":45},{"not_picked":["Prostrate"],"picked":"SKIP","floor":46}],"player_experience":1326429,"relics_obtained":[{"floor":6.0,"key":"Pantograph"},{"floor":8.0,"key":"Oddly Smooth Stone"},{"floor":23.0,"key":"Akabeko"},{"floor":25.0,"key":"Gambling Chip"},{"floor":26.0,"key":"Potion Belt"},{"floor":27.0,"key":"Bronze Scales"},{"floor":43.0,"key":"Sundial"},{"floor":44.0,"key":"Omamori"}],"event_choices":[{"damage_healed":0.0,"max_hp_gain":0.0,"max_hp_loss":6.0,"gold_gain":0.0,"event_name":"Golden Idol","player_choice":"Lose Max HP","floor":5.0,"gold_loss":0.0,"damage_taken":0.0,"relics_obtained":["Golden Idol"]},{"damage_healed":15.0,"max_hp_gain":0.0,"max_hp_loss":0.0,"gold_gain":0.0,"event_name":"The Cleric","player_choice":"Healed","floor":7.0,"gold_loss":35.0,"damage_taken":0.0},{"cards_removed":["Strike_P"],"damage_healed":0.0,"max_hp_gain":0.0,"max_hp_loss":0.0,"gold_gain":0.0,"event_name":"Falling","player_choice":"Removed Attack","floor":36.0,"gold_loss":0.0,"damage_taken":0.0},{"damage_healed":0.0,"max_hp_gain":0.0,"max_hp_loss":0.0,"gold_gain":0.0,"event_name":"Tomb of Lord Red Mask","player_choice":"Ignored","floor":37.0,"gold_loss":0.0,"damage_taken":0.0},{"damage_healed":0.0,"max_hp_gain":0.0,"max_hp_loss":3.0,"gold_gain":0.0,"event_name":"Winding Halls","player_choice":"Max HP","floor":38.0,"gold_loss":0.0,"damage_taken":0.0}],"is_beta":false,"boss_relics":[{"not_picked":["Tiny House","Philosopher\u0027s Stone"],"picked":"Busted Crown"},{"not_picked":["SacredBark","Empty Cage"],"picked":"VioletLotus"}],"items_purged_floors":[4,14,21,39,42],"is_endless":false,"potions_floor_spawned":[1,3,8,11,20,22,27,30,31,44,45],"killed_by":"Writhing Mass","ascension_level":20}}