{"host":"2ty4h143nj8vwezc","time":1613957314,"event":{"mods":["BaseMod","Colored Map","Googly Eyes","Highlight Path","Minty Spire (QoL Compilation)","Quick Restart","StSLib"],"gold_per_floor":[109,259,259,277,14,14,49,49,49,64,14,0,0,18,18,96,96,111,36,36,36],"floor_reached":20,"language":"ENG","playtime":1278,"items_purged":[],"score":298,"play_id":"a1688444-a9a1-4cb2-b96d-218f30927a0e","local_time":"20210221202834","is_ascension_mode":true,"campfire_choices":[{"data":"Glacier","floor":6.0,"key":"SMITH"},{"floor":8.0,"key":"REST"},{"floor":13.0,"key":"REST"},{"floor":15.0,"key":"REST"}],"circlet_count":0,"master_deck":["AscendersBane","Strike_B","Strike_B","Strike_B","Defend_B","Defend_B","Defend_B","Defend_B","Zap","Dualcast","Capacitor","Doubt","Turbo","Glacier+1","Capacitor","Steam Power","Fusion","Cold Snap","Turbo","Streamline","Turbo","Biased Cognition","Defragment"],"relics":["Runic Pyramid","Art of War","Boot","White Beast Statue","SlaversCollar"],"acts_visited":["Exordium","TheCity"],"potions_floor_usage":[],"damage_taken":[{"damage":2.0,"enemies":"Jaw Worm","floor":1.0,"turns":3.0},{"damage":5.0,"enemies":"2 Louse","floor":4.0,"turns":4.0},{"damage":45.0,"enemies":"3 Sentries","floor":7.0,"turns":15.0},{"damage":8.0,"enemies":"Small Slimes","floor":10.0,"turns":7.0},{"damage":17.0,"enemies":"Looter","floor":12.0,"turns":4.0},{"damage":11.0,"enemies":"Exordium Wildlife","floor":14.0,"turns":4.0},{"damage":36.0,"enemies":"Slime Boss","floor":16.0,"turns":19.0},{"damage":30,"enemies":"Shell Parasite","floor":18,"turns":9},{"damage":23,"enemies":"2 Thieves","floor":19,"turns":5},{"damage":0,"enemies":"Chosen and Byrds","floor":20,"turns":1}],"seed_played":"1893079525975402017","potions_obtained":[{"floor":7.0,"key":"SkillPotion"},{"floor":10.0,"key":"Regen Potion"},{"floor":14.0,"key":"PowerPotion"},{"floor":16.0,"key":"LiquidMemories"},{"floor":18,"key":"FairyPotion"}],"is_trial":false,"path_per_floor":["M","?","?","M","$","R","E","R","T","M","$","M","R","M","R","B",null,"M","M","M"],"character_chosen":"DEFECT","items_purchased":["Capacitor","Art of War","Steam Power","Turbo"],"campfire_rested":3,"item_purchase_floors":[5,5,5,11],"current_hp_per_floor":[62,62,62,57,57,57,12,33,33,25,25,8,29,27,48,12,56,26,3,3,3],"gold":36,"neow_bonus":"BOSS_RELIC","is_daily":false,"chose_seed":false,"campfire_upgraded":1,"win_rate":0.0,"timestamp":1613957314,"path_taken":["M","?","?","M","$","R","E","R","T","M","$","M","R","M","R","BOSS","M","M","M"],"items_purchased_type":["Card","Relic","Card","Card"],"build_version":"2020-12-22","purchased_purges":0,"victory":false,"max_hp_per_floor":[71,71,71,71,71,71,71,71,71,71,71,71,71,71,71,71,71,71,71,71,71],"card_choices":[{"not_picked":["Ball Lightning","Hologram"],"picked":"Capacitor","floor":1.0},{"not_picked":["Leap","Turbo"],"picked":"Glacier","floor":4.0},{"not_picked":["Compile Driver","White Noise"],"picked":"Fusion","floor":7.0},{"not_picked":["Tempest","Steam"],"picked":"Cold Snap","floor":10.0},{"not_picked":["Beam Cell","Undo"],"picked":"Streamline","floor":12.0},{"not_picked":["FTL","Go for the Eyes"],"picked":"Turbo","floor":14.0},{"not_picked":["Machine Learning","Buffer"],"picked":"Biased Cognition","floor":16.0},{"not_picked":["Ball Lightning","Beam Cell"],"picked":"Defragment","floor":18},{"not_picked":["FTL","Gash","Barrage"],"picked":"SKIP","floor":19}],"player_experience":471622,"relics_obtained":[{"floor":7.0,"key":"Boot"},{"floor":9.0,"key":"White Beast Statue"}],"event_choices":[{"damage_healed":0.0,"max_hp_gain":0.0,"max_hp_loss":0.0,"gold_gain":150.0,"event_name":"Liars Game","player_choice":"AGREE","floor":2.0,"gold_loss":0.0,"damage_taken":0.0,"cards_obtained":["Doubt"]},{"damage_healed":0.0,"max_hp_gain":0.0,"max_hp_loss":0.0,"gold_gain":0.0,"cards_transformed":["Strike_B"],"event_name":"Living Wall","player_choice":"Change","floor":3.0,"gold_loss":0.0,"damage_taken":0.0,"cards_obtained":["Turbo"]}],"is_beta":false,"boss_relics":[{"not_picked":["Inserter","Snecko Eye"],"picked":"SlaversCollar"}],"items_purged_floors":[],"is_endless":false,"potions_floor_spawned":[7,10,12,14,16,18,19],"killed_by":"Chosen and Byrds","ascension_level":15}}