{"host":"lehbxtjrpalkmwwj","time":1613988949,"event":{"mods":["ATMod(°¢èªMod)","Aspiration","BaseMod","Challenge The Spire","Colored Map","Colored Powertips","Conspire","Dota2Spire","Energized Spire","Hunter ÁÔÈË","Minty Spire (QoL Compilation)","Quick Restart","Relic Stats","Reliquary","Replay The Spire","Spicy Shops","StSLib","TestMod","The Cursed","The IronCluck","The Poker Player","Waifu the Spire","Wide Potions","[IsaacMod]ÒÔÈö¼âËþ","¡¾ÒÅÎï¿¨ÅÆ¡¿REMEMod","É³µñ²ÄÖÊ°ümod","óô»ðÖ¸ÄÏ"],"gold_per_floor":[142,142,157,79,79,144,164,174,199,255,270,192,210,228,228,362,362,375,392,428,442,485,485,485],"floor_reached":23,"language":"ZHS","playtime":821,"items_purged":[],"score":259,"play_id":"678cd182-1287-4b41-8977-38c1def39ce1","local_time":"20210222181549","is_ascension_mode":false,"campfire_choices":[{"floor":15,"key":"DIG"}],"circlet_count":0,"master_deck":["Strike_Giant","Strike_Giant","Defend_Giant","Defend_Giant","Defend_Giant","Defend_Giant","CultistPetCall","EagleFirst","EagleFirst","EagleSecond","EpicFetus","GremlinNobPetCall","AT_MachinaRedman","GremlinTsunderePetCall","GremlinTsunderePetCall","EagleThird","Random Death Rattle","Commander_Giant","CultistPetCall","Random Death Rattle","Revenge Attack","GhostForm_Giant","AttackPoison_Giant","EagleSecond","Encourage_Giant+1","CultistPetCall+1","Combo Defend+1"],"relics":["GiantSoulBox","HushsDoor","AT_ATBox","testmod-TestBox","REME_ComplimentaryCards","Leech","testmod-Maize","NeowsBlessing","MealTicket","Blood Vial","Dota2Spire:ArmletOfMordiggian","Dota2Spire:LotusOrb","testmod-FatalChain","GiantSoulStone","testmod-BatchProcessingSystem"],"acts_visited":["Exordium","TheCity"],"potions_floor_usage":[16,19,20],"damage_taken":[{"damage":0,"enemies":"Jaw Worm","floor":1,"turns":1},{"damage":0,"enemies":"2 Louse","floor":3,"turns":1},{"damage":0,"enemies":"3 Sentries","floor":6,"turns":1},{"damage":6,"enemies":"Cultist","floor":7,"turns":3},{"damage":14,"enemies":"Looter","floor":8,"turns":3},{"damage":18,"enemies":"Gremlin Nob","floor":10,"turns":3},{"damage":4,"enemies":"Red Slaver","floor":11,"turns":3},{"damage":0,"enemies":"3 Louse","floor":13,"turns":1},{"damage":12,"enemies":"Gremlin Gang","floor":14,"turns":3},{"damage":34,"enemies":"Hexaghost","floor":16,"turns":7},{"damage":39,"enemies":"3 Byrds","floor":18,"turns":5},{"damage":8,"enemies":"2 Thieves","floor":19,"turns":4},{"damage":10,"enemies":"Cultist and Chosen","floor":20,"turns":3},{"damage":32,"enemies":"Snake Plant","floor":21,"turns":3},{"damage":20,"enemies":"Shelled Parasite and Fungi","floor":22,"turns":3},{"damage":19,"enemies":"REME_1_Revenger","floor":23,"turns":2}],"seed_played":"6501437798009714167","potions_obtained":[{"floor":7,"key":"LifebloodPotion"},{"floor":8,"key":"Dota2Spire:Clarity"},{"floor":14,"key":"Elixir"},{"floor":18,"key":"ColorlessPotion"},{"floor":21,"key":"Elixir"},{"floor":22,"key":"Milkshake"}],"is_trial":false,"path_per_floor":["M","?","M","$","?","E","M","M","T","E","M","$","M","M","R_BF","B",null,"M","M","M","M","M","E"],"character_chosen":"Giant","items_purchased":["MealTicket","Dota2Spire:LotusOrb"],"campfire_rested":0,"item_purchase_floors":[4,12],"current_hp_per_floor":[65,65,65,65,65,70,64,59,59,51,51,66,68,61,61,48,80,48,50,49,21,10,0,0],"gold":485,"neow_bonus":"THREE_ENEMY_KILL","is_daily":false,"chose_seed":false,"campfire_upgraded":0,"win_rate":0.0,"timestamp":1613988949,"path_taken":["M","?","M","$","?","E","M","M","T","E","M","?","?","M","R_BF","BOSS","M","M","M","M","M","E"],"items_purchased_type":["Relic","Relic"],"build_version":"2020-12-22","purchased_purges":0,"victory":false,"max_hp_per_floor":[65,65,65,65,65,70,70,70,70,75,75,75,75,75,75,80,80,80,80,80,80,85,85,85],"relic_stats":{"Blood Vial":22,"counters":[16,46],"MealTicket":15,"obtain_stats":[{"KeepersGift":0,"testmod-Maize":0,"AT_ATBox":0,"testmod-TestBox":0,"NeowsBlessing":0,"Dota2Spire:ArmletOfMordiggian":10,"testmod-FatalChain":15,"testmod-BatchProcessingSystem":17,"Dota2Spire:LotusOrb":12,"Leech":0,"Blood Vial":6,"GiantSoulStone":16,"MealTicket":4,"GiantSoulBox":0,"HushsDoor":0,"REME_ComplimentaryCards":0},{"KeepersGift":0,"testmod-Maize":0,"AT_ATBox":0,"testmod-TestBox":0,"NeowsBlessing":0,"Dota2Spire:ArmletOfMordiggian":6,"testmod-FatalChain":9,"testmod-BatchProcessingSystem":10,"Dota2Spire:LotusOrb":7,"Leech":0,"Blood Vial":3,"GiantSoulStone":10,"MealTicket":2,"GiantSoulBox":0,"HushsDoor":0,"REME_ComplimentaryCards":0},{"KeepersGift":0,"testmod-Maize":0,"AT_ATBox":0,"testmod-TestBox":0,"NeowsBlessing":0,"Dota2Spire:ArmletOfMordiggian":12,"testmod-FatalChain":19,"testmod-BatchProcessingSystem":26,"Dota2Spire:LotusOrb":15,"Leech":0,"Blood Vial":3,"GiantSoulStone":26,"MealTicket":2,"GiantSoulBox":0,"HushsDoor":0,"REME_ComplimentaryCards":0}]},"card_choices":[{"not_picked":[],"picked":"EpicFetus","floor":0},{"not_picked":["TakeAction_Giant","Combo Recycle"],"picked":"GremlinTsunderePetCall","floor":1},{"not_picked":["Trace_Giant","Struggle Attack"],"picked":"GremlinTsunderePetCall","floor":3},{"not_picked":["Death Explode","Combo Recycle"],"picked":"EagleThird","floor":6},{"not_picked":["EagleSecond","HPGrowth_Giant"],"picked":"Random Death Rattle","floor":7},{"not_picked":["Struggle Attack","Blood Defend"],"picked":"Commander_Giant","floor":8},{"not_picked":["Protect_Giant","Discover Combo"],"picked":"CultistPetCall","floor":10},{"not_picked":["HPGrowth_Giant","One Blood"],"picked":"Bomb","floor":11},{"not_picked":["Struggle Attack","Seek Pet"],"picked":"Random Death Rattle","floor":13},{"not_picked":["Struggle Attack","HPGrowth_Giant"],"picked":"Revenge Attack","floor":14},{"not_picked":["Double Mana","One Blood"],"picked":"GhostForm_Giant","floor":16},{"not_picked":["GremlinTsunderePetCall","Fanatic Cultist"],"picked":"AttackPoison_Giant","floor":18},{"not_picked":["Protect_Giant","Combo Recycle"],"picked":"EagleSecond","floor":19},{"not_picked":["Clone Minion","HPGrowth_Giant+1"],"picked":"Encourage_Giant+1","floor":20},{"not_picked":["Backward Giant","GhostForm_Giant"],"picked":"CultistPetCall+1","floor":21},{"not_picked":["Trace_Giant","Struggle Attack"],"picked":"Combo Defend+1","floor":22}],"player_experience":205612,"relics_obtained":[{"floor":6,"key":"Blood Vial"},{"floor":10,"key":"Dota2Spire:ArmletOfMordiggian"},{"floor":15,"key":"testmod-FatalChain"},{"floor":16,"key":"GiantSoulStone"}],"event_choices":[{"damage_healed":0,"gold_gain":0,"player_choice":"Ignored","damage_taken":0,"max_hp_gain":0,"max_hp_loss":0,"event_name":"Golden Wing","floor":2,"gold_loss":0},{"damage_healed":0,"gold_gain":0,"player_choice":"Leave","damage_taken":0,"max_hp_gain":0,"max_hp_loss":0,"event_name":"conspire:Investor","floor":5,"gold_loss":0}],"is_beta":false,"boss_relics":[{"not_picked":["Philosopher\u0027s Stone","testmod-CardMagician"],"picked":"testmod-BatchProcessingSystem"},{"not_picked":[]}],"items_purged_floors":[],"is_endless":false,"potions_floor_spawned":[7,8,14,18,21,22],"killed_by":"REME_1_Revenger","ascension_level":0}}