{"host":"pletss163z7s8pvv","time":1613967186,"event":{"mods":["AchievementEnabler","Act Like it!","AlwaysNeverKeys","BaseMod","Better Altar","Better Match","Better Note","Better Sensory Stone","Better Skull","Better Third Choice","BetterRewards","Bossed Relics","CapriCore","ChefMod","Clockwork Mod","Colored Map","Colored Powertips","Conspire","Dio Mod","Displayed Cursed Tome","Energized Spire","Evolution","Gensokyo","GifTheSpireLib","Hallownest","Hermit","Ironclad Rager","Jedi Mod","Marisa????????","Marked Mod","Minty Spire (QoL Compilation)","Reliquary","Replay The Spire","Retaliation","Reworked Bosses","Ruina","Somnambulant","Spicy Shops","StS++","StSLib","The Administrix","The Alterego","The Animator","The Blue Laboratory","The Bug Knight","The Construct","The Cursed","The Disciple","The Forsaken","The Hierophant","The Necromancer","The Saiyan","The Vixen","The Wild Card","TheVacant","Transform Curses"],"gold_per_floor":[115,115,129,144,184,184,184,38,53,0,0,31,31,31,42,68,68,167,167,93,93,111,111,111,111,48,48,48,63,63,63],"floor_reached":30,"language":"ENG","playtime":1979,"items_purged":[],"score":228,"play_id":"eb392993-4c47-4ce0-82c1-64d7a817f3b3","local_time":"20210221221306","is_ascension_mode":false,"campfire_choices":[{"floor":13,"key":"REST"},{"floor":17,"key":"REST"},{"floor":25,"key":"REST"},{"floor":27,"key":"REST"}],"circlet_count":0,"master_deck":["animator:Strike_Konosuba","animator:Defend_Konosuba","animator:Strike","animator:Strike","animator:Strike","animator:Defend","animator:Defend+1","animator:Defend+1","animator:Kazuma","animator:Aqua","animator:Benimaru","animator:Kaijin","animator:Ainz","animator:PandorasActor","animator:Verdia","animator:ShinjiMatou+1","animator:Alexander","animator:Fredrika","animator:Ainz","ReplayTheSpireMod:Faulty Equipment","Doubt","animator:Darkness","animator:Illya+1","animator:Sonic+1","animator:ShinjiMatou"],"relics":["animator:LivingPicture","animator:TheMissingPiece","EVO:Axolotl","animator:PurgingStone","HollowMod:PaleOreRelic","ReplayTheSpireMod:Ninjato","reliquary:QuartzCube","Replay:Ancient Bell","War Paint","Meat on the Bone","Gambling Chip","Turnip","StSpp:WoodenPendulum"],"acts_visited":["Exordium","Hallownest:Greenpath"],"potions_floor_usage":[18,18,18],"damage_taken":[{"damage":0.0,"enemies":"Hallownest:2_MossCreeps","floor":1.0,"turns":12.0},{"damage":4.0,"enemies":"Hallownest:monsterHuskWarrior","floor":3.0,"turns":5.0},{"damage":6.0,"enemies":"Hallownest:monsterHuskGuard","floor":4.0,"turns":5.0},{"damage":17.0,"enemies":"Hallownest:monsterFoolEater","floor":9.0,"turns":3.0},{"damage":35.0,"enemies":"Hallownest:eliteVengeflyKing","floor":12.0,"turns":10.0},{"damage":0,"enemies":"Hallownest:Wandering_and_Horned","floor":15,"turns":7},{"damage":14,"enemies":"Hallownest:1_Ooma_and_2_Uuma","floor":16,"turns":7},{"damage":33,"enemies":"Hallownest:BossHornet","floor":18,"turns":12},{"damage":31,"enemies":"Gensokyo:AngelMirror","floor":20,"turns":5},{"damage":29,"enemies":"Gensokyo:3_Dogs","floor":22,"turns":8},{"damage":35,"enemies":"Gensokyo:Wraith","floor":29,"turns":6},{"damage":42,"enemies":"Gensokyo:Monolith_and_Dog","floor":30,"turns":6}],"seed_played":"-4327022337023769328","potions_obtained":[{"floor":1.0,"key":"Reflective Coating"},{"floor":4.0,"key":"SteroidPotion"},{"floor":15,"key":"Languid Potion"},{"floor":16,"key":"SkillPotion"}],"is_trial":false,"path_per_floor":["M","?","M","M","?","PTL","PTL","$","M","$","T","E","R","T","M","M","R","B",null,"M","?","M","?","COS","R","?","R","T","M","M"],"character_chosen":"THE_ANIMATOR","items_purchased":["HollowMod:PaleOreRelic","animator:Verdia"],"campfire_rested":4,"item_purchase_floors":[8,10],"current_hp_per_floor":[72,63,61,57,57,57,57,57,42,42,42,9,30,30,32,20,41,10,72,43,47,32,32,32,53,53,72,72,39,0,0],"gold":63,"neow_bonus":"TEN_PERCENT_HP_BONUS","is_daily":false,"chose_seed":false,"campfire_upgraded":0,"win_rate":0.0,"timestamp":1613967186,"path_taken":["M","?","M","M","?","PTL","PTL","?","M","$","T","E","R","?","?","M","R","BOSS","M","?","?","?","COS","R","?","R","T","M","?"],"items_purchased_type":["Relic","Card"],"build_version":"2020-12-22","purchased_purges":0,"victory":false,"max_hp_per_floor":[72,72,72,72,72,72,72,72,72,72,72,72,72,72,72,72,72,72,72,72,72,72,72,72,72,72,72,72,72,72,72],"card_choices":[{"not_picked":["animator:Witch","animator:TsurugaMeisai"],"picked":"animator:Benimaru","floor":1.0},{"not_picked":["animator:Konayuki","animator:Caster"],"picked":"animator:Kaijin","floor":3.0},{"not_picked":["animator:Shion","animator:Rider"],"picked":"animator:Ainz","floor":4.0},{"not_picked":["animator:Demiurge","animator:Shalltear"],"picked":"animator:PandorasActor","floor":9.0},{"not_picked":["animator:CowGirl","animator:Guy"],"picked":"animator:ShinjiMatou","floor":12.0},{"not_picked":["animator:Kaijin","animator:Azekura"],"picked":"animator:Alexander","floor":15},{"not_picked":["animator:Sebas","animator:Shuna"],"picked":"animator:Fredrika","floor":16},{"not_picked":["animator:Wiz","animator:SwordMaiden"],"picked":"animator:Ainz","floor":18},{"not_picked":["Writhe","hermit:ImpendingDoom"],"picked":"ReplayTheSpireMod:Faulty Equipment","floor":19},{"not_picked":["conspire:Blindness","Pain"],"picked":"Doubt","floor":19},{"not_picked":["ReplayTheSpireMod:Restless Dread","Shame"],"picked":"ReplayTheSpireMod:IOU","floor":19},{"not_picked":["animator:Verdia","animator:Vanir"],"picked":"animator:Darkness","floor":20},{"not_picked":["animator:Pride","animator:Benimaru+1"],"picked":"animator:Illya+1","floor":22},{"not_picked":["animator:HighElfArcher+1","animator:MetalKnight+1"],"picked":"animator:Sonic+1","floor":26},{"not_picked":["animator:Mitsurugi","animator:Rider","animator:ElricEdward+1","animator:ChaikaBohdan+1"],"picked":"animator:ShinjiMatou","floor":29}],"player_experience":529437,"relics_obtained":[{"floor":11.0,"key":"ReplayTheSpireMod:Ninjato"},{"floor":12.0,"key":"reliquary:QuartzCube"},{"floor":28,"key":"StSpp:WoodenPendulum"}],"event_choices":[{"damage_healed":4,"gold_gain":0,"player_choice":"LEAVE ","damage_taken":0,"relics_obtained":[],"max_hp_gain":0,"max_hp_loss":0,"event_name":"betterSkull:BetterSkull","floor":21,"gold_loss":0,"cards_upgraded":[]},{"damage_healed":0,"gold_gain":0,"player_choice":"2","damage_taken":0,"max_hp_gain":0,"max_hp_loss":0,"event_name":"betterMatch:BetterMatch","floor":26,"gold_loss":0,"cards_obtained":["betterMatch:UncommonCard"]}],"is_beta":false,"boss_relics":[{"not_picked":["Busted Crown","energizedSpire:SpiderWeb"],"picked":"Replay:Ancient Bell"},{"not_picked":["ReplayTheSpireMod:Lightbulb","Anchor"],"picked":"War Paint"},{"not_picked":["ReplayTheSpireMod:Shallot","Ornamental Fan"],"picked":"Meat on the Bone"},{"not_picked":["StSpp:XCola","conspire:InfiniteJournal"],"picked":"Gambling Chip"}],"items_purged_floors":[],"is_endless":false,"potions_floor_spawned":[1,4,15,16],"killed_by":"Gensokyo:Monolith_and_Dog","ascension_level":0}}