{"host":"v0dnu0zs4qo0v13s","time":1613961539,"event":{"mods":["BaseMod","Colored Map","Colored Powertips","Minty Spire (QoL Compilation)","Relic Stats","StSLib","SuperFastMode","everything is the same but u backflip on backflip"],"gold_per_floor":[117,117,192,192,206,206,237,237,237,248,248,261,261,261,261,337,337,353,373,391,391,391,391],"floor_reached":22,"language":"ENG","playtime":1126,"items_purged":[],"score":355,"play_id":"1909b8f5-291a-4823-b9e3-89953be126be","local_time":"20210221213859","is_ascension_mode":true,"campfire_choices":[{"floor":6.0,"key":"REST"},{"floor":8.0,"key":"REST"},{"data":"Tantrum","floor":11.0,"key":"SMITH"},{"data":"FlurryOfBlows","floor":13.0,"key":"SMITH"},{"data":"EmptyBody","floor":15.0,"key":"SMITH"}],"circlet_count":0,"master_deck":["AscendersBane","Strike_P","Strike_P","Strike_P","Strike_P+1","Defend_P+1","Defend_P+1","Defend_P+1","Eruption","Vigilance","Sanctity","Meditate","Tantrum+1","EmptyBody+1","FlurryOfBlows+1","LessonLearned","ReachHeaven","WheelKick","BowlingBash+1","Decay"],"relics":["PureWater","NeowsBlessing","Torii","Ancient Tea Set","Cursed Key"],"acts_visited":["Exordium","TheCity"],"potions_floor_usage":[20],"damage_taken":[{"damage":0.0,"enemies":"2 Louse","floor":1.0,"turns":1.0},{"damage":0.0,"enemies":"Jaw Worm","floor":5.0,"turns":1.0},{"damage":0.0,"enemies":"Lagavulin","floor":7.0,"turns":1.0},{"damage":0.0,"enemies":"Small Slimes","floor":10.0,"turns":3.0},{"damage":0.0,"enemies":"Exordium Wildlife","floor":12.0,"turns":1.0},{"damage":4.0,"enemies":"The Guardian","floor":16.0,"turns":8.0},{"damage":21.0,"enemies":"Shell Parasite","floor":18.0,"turns":5.0},{"damage":0.0,"enemies":"Spheric Guardian","floor":19.0,"turns":2.0},{"damage":14,"enemies":"Snake Plant","floor":20,"turns":2},{"damage":0,"enemies":"Snake Plant","floor":22,"turns":1}],"seed_played":"-1961190672958218661","potions_obtained":[{"floor":1.0,"key":"AttackPotion"},{"floor":5.0,"key":"Explosive Potion"},{"floor":7.0,"key":"PowerPotion"},{"floor":19.0,"key":"FearPotion"}],"is_trial":false,"path_per_floor":["M","?","?","?","M","R","E","R","T","M","R","M","R","?","R","B",null,"M","M","M","?","?"],"character_chosen":"WATCHER","items_purchased":[],"campfire_rested":2,"item_purchase_floors":[],"current_hp_per_floor":[61,43,32,25,25,45,45,65,65,65,65,65,65,51,51,47,63,42,42,28,28,28,28],"gold":391,"neow_bonus":"THREE_ENEMY_KILL","is_daily":false,"chose_seed":false,"campfire_upgraded":3,"win_rate":0.0,"timestamp":1613961539,"path_taken":["M","?","?","?","M","R","E","R","T","M","R","M","R","?","R","BOSS","M","M","M","?","?"],"items_purchased_type":[],"build_version":"2020-12-22","purchased_purges":0,"victory":false,"max_hp_per_floor":[68,68,68,68,68,68,68,68,68,68,68,68,68,68,68,68,68,68,68,68,68,68,68],"relic_stats":{"Torii":2,"counters":[9,24],"Cursed Key":0,"obtain_stats":[{"NeowsBlessing":0,"Torii":2,"PureWater":0,"Ancient Tea Set":7,"Cursed Key":17},{"NeowsBlessing":0,"Torii":1,"PureWater":0,"Ancient Tea Set":3,"Cursed Key":6},{"NeowsBlessing":0,"Torii":1,"PureWater":0,"Ancient Tea Set":3,"Cursed Key":15}]},"card_choices":[{"not_picked":["Vengeance","BowlingBash"],"picked":"Sanctity","floor":1.0},{"not_picked":["EmptyFist","CutThroughFate"],"picked":"Meditate","floor":5.0},{"not_picked":["SashWhip","WindmillStrike"],"picked":"Tantrum","floor":7.0},{"not_picked":["CrushJoints","Consecrate"],"picked":"EmptyBody","floor":10.0},{"not_picked":["Evaluate","Tantrum"],"picked":"FlurryOfBlows","floor":12.0},{"not_picked":["MasterReality","Scrawl"],"picked":"LessonLearned","floor":16.0},{"not_picked":["SashWhip","FlurryOfBlows"],"picked":"ReachHeaven","floor":18.0},{"not_picked":["Crescendo","SashWhip"],"picked":"WheelKick","floor":19.0},{"not_picked":["Crescendo","Wish"],"picked":"BowlingBash+1","floor":20}],"player_experience":785228,"relics_obtained":[{"floor":7.0,"key":"Ancient Tea Set"}],"event_choices":[{"damage_healed":0.0,"max_hp_gain":0.0,"max_hp_loss":0.0,"gold_gain":0.0,"event_name":"Scrap Ooze","player_choice":"Success","floor":2.0,"gold_loss":0.0,"damage_taken":18.0,"relics_obtained":["Torii"]},{"damage_healed":0.0,"max_hp_gain":0.0,"max_hp_loss":0.0,"gold_gain":75.0,"event_name":"World of Goop","player_choice":"Gather Gold","floor":3.0,"gold_loss":0.0,"damage_taken":11.0},{"cards_removed":["Defend_P"],"damage_healed":0.0,"max_hp_gain":0.0,"max_hp_loss":0.0,"gold_gain":0.0,"event_name":"Golden Wing","player_choice":"Card Removal","floor":4.0,"gold_loss":0.0,"damage_taken":7.0},{"damage_healed":0.0,"max_hp_gain":0.0,"max_hp_loss":0.0,"gold_gain":0.0,"event_name":"Shining Light","player_choice":"Entered Light","floor":14.0,"gold_loss":0.0,"damage_taken":14.0,"cards_upgraded":["Defend_P","Defend_P"]},{"damage_healed":0,"gold_gain":0,"player_choice":"Smashed Altar","damage_taken":0,"max_hp_gain":0,"max_hp_loss":0,"event_name":"Forgotten Altar","floor":21,"gold_loss":0,"cards_obtained":["Decay"]}],"is_beta":false,"boss_relics":[{"not_picked":["Coffee Dripper","Runic Dome"],"picked":"Cursed Key"}],"items_purged_floors":[],"is_endless":false,"potions_floor_spawned":[1,5,7,10,19],"killed_by":"Snake Plant","ascension_level":14}}