{"host":"d3b2x3wue20uj2ir","time":1613981514,"event":{"mods":["AchievementEnabler","BaseMod","Better Third Choice","BetterRewards","Exacting","FTL Soundtrack","Minty Spire (QoL Compilation)","Shop Mod","StSLib"],"gold_per_floor":[110,64,64,75,0,30,30,30,30,82,82,112,142,44,44,139,139,154,154,199,218,218,218],"floor_reached":22,"language":"ENG","playtime":4714,"items_purged":[],"score":221,"play_id":"06fa29b2-54e9-46e4-bff7-a12f91e9e16c","local_time":"20210222181154","is_ascension_mode":true,"campfire_choices":[{"data":"Storm","floor":7,"key":"SMITH"},{"floor":11,"key":"REST"},{"floor":15,"key":"RECALL"}],"circlet_count":0,"master_deck":["Strike_B","Strike_B","Strike_B","Strike_B","Defend_B","Defend_B","Defend_B","Defend_B","Zap","Dualcast","Conserve Battery","Storm+1","Heatsinks","Enlightenment","Capacitor","Gash+1","Static Discharge","Turbo","Beam Cell+1","Core Surge+1","Stack","Conserve Battery","Tempest"],"relics":["Cracked Core","betterThird:SlimedRelic","Eternal Feather","Molten Egg 2","StrikeDummy","Black Star","Nloth\u0027s Gift"],"acts_visited":["Exordium","TheCity"],"potions_floor_usage":[10,18,21],"damage_taken":[{"damage":0,"enemies":"2 Louse","floor":1,"turns":2},{"damage":2,"enemies":"Jaw Worm","floor":4,"turns":4},{"damage":26,"enemies":"Gremlin Nob","floor":6,"turns":5},{"damage":26,"enemies":"Lagavulin","floor":10,"turns":7},{"damage":10,"enemies":"Small Slimes","floor":12,"turns":3},{"damage":43,"enemies":"Slime Boss","floor":16,"turns":8},{"damage":40,"enemies":"Shell Parasite","floor":18,"turns":4},{"damage":19,"enemies":"3 Byrds","floor":20,"turns":5},{"damage":11,"enemies":"3 Cultists","floor":21,"turns":5},{"damage":22,"enemies":"Centurion and Healer","floor":22,"turns":2}],"seed_played":"-7293787538705401706","potions_obtained":[{"floor":6,"key":"Ancient Potion"},{"floor":10,"key":"FearPotion"},{"floor":20,"key":"DistilledChaos"}],"is_trial":false,"path_per_floor":["M","?","T","M","?","E","R","?","T","E","R","M","?","$","R","B",null,"M","?","M","M","M"],"character_chosen":"DEFECT","items_purchased":["Conserve Battery","Turbo","Beam Cell+1"],"campfire_rested":1,"item_purchase_floors":[0,14,14],"current_hp_per_floor":[75,64,64,62,68,42,51,56,56,30,64,54,54,54,63,20,86,46,46,27,16,0,0],"gold":218,"neow_bonus":"","is_daily":false,"chose_seed":false,"campfire_upgraded":1,"win_rate":0.0,"timestamp":1613981514,"path_taken":["M","?","?","M","?","E","R","?","T","E","R","M","?","$","R","BOSS","M","?","M","?","?"],"items_purchased_type":["Card","Card","Card"],"build_version":"2020-12-22","purchased_purges":0,"victory":false,"max_hp_per_floor":[75,75,75,75,81,81,81,86,86,86,86,86,86,86,86,86,86,86,86,86,86,86,86],"card_choices":[{"not_picked":["Coolheaded","Turbo"],"picked":"Storm","floor":1},{"not_picked":["Capacitor","Turbo"],"picked":"Heatsinks","floor":4},{"not_picked":["Compile Driver","Streamline"],"picked":"Capacitor","floor":6},{"not_picked":["Hologram","Heatsinks"],"picked":"Gash+1","floor":10},{"not_picked":["Heatsinks","Reinforced Body"],"picked":"Static Discharge","floor":12},{"not_picked":["Hyperbeam+1","Creative AI"],"picked":"Core Surge+1","floor":16},{"not_picked":["Steam","Hologram"],"picked":"Stack","floor":18},{"not_picked":["Compile Driver+1","Gash+1"],"picked":"Conserve Battery","floor":20},{"not_picked":["Gash+1","Hologram"],"picked":"Tempest","floor":21}],"player_experience":723980,"relics_obtained":[{"floor":6,"key":"Eternal Feather"},{"floor":9,"key":"Molten Egg 2"},{"floor":10,"key":"StrikeDummy"}],"event_choices":[{"damage_healed":0,"gold_gain":0,"player_choice":"Slimed","damage_taken":11,"max_hp_gain":0,"max_hp_loss":0,"event_name":"betterThird:BetterGoop","floor":2,"gold_loss":46},{"damage_healed":0,"gold_gain":0,"player_choice":"RENOUNCE","damage_taken":75,"max_hp_gain":0,"max_hp_loss":0,"event_name":"betterThird:BetterSerpent","floor":5,"gold_loss":75,"cards_obtained":["Enlightenment"]},{"damage_healed":0,"gold_gain":0,"player_choice":"Donut","damage_taken":0,"max_hp_gain":5,"max_hp_loss":0,"event_name":"Big Fish","floor":8,"gold_loss":0},{"damage_healed":0,"gold_gain":30,"player_choice":"Searched \u00273\u0027 times","damage_taken":0,"relics_obtained":["Darkstone Periapt"],"max_hp_gain":0,"max_hp_loss":0,"event_name":"Dead Adventurer","floor":13,"gold_loss":0},{"damage_healed":0,"gold_gain":0,"player_choice":"Traded Relic","damage_taken":0,"relics_obtained":["Nloth\u0027s Gift"],"max_hp_gain":0,"max_hp_loss":0,"event_name":"N\u0027loth","floor":19,"relics_lost":["Darkstone Periapt"],"gold_loss":0}],"is_beta":false,"boss_relics":[{"not_picked":["Coffee Dripper","Cursed Key"],"picked":"Black Star"}],"items_purged_floors":[],"is_endless":false,"potions_floor_spawned":[6,10,20],"killed_by":"Centurion and Healer","ascension_level":3}}