{"host":"Ringo","time":1613999276,"event":{"mods":["BaseMod","Colored Map","Conspire","Dota2Spire","Hubris","Minty Spire (QoL Compilation)","Replay The Spire","StSLib","The Construct","[IsaacMod]ÒÔÈö¼âËþ","¡¾ÒÅÎï¿¨ÅÆ¡¿REMEMod"],"gold_per_floor":[115,131,56,69,85,116,116,141,141,170,197,262,287,338,338,409,409,424,39,39,101,101,135,167,231,231,258,303,334,394,426,426,499,499,517,544,584,632,22,86,117,180,233,265,299,362,387,400,400,400,430],"floor_reached":52,"language":"ZHS","playtime":1605,"items_purged":["Twin Strike","Anger"],"score":3937,"play_id":"4b277b98-a598-48ff-9a19-0bbcb781f09d","local_time":"20210222210756","daily_mods":["SealedDeck","Vintage","Colorless Cards","Heirloom","Time Dilation","Flight","DeadlyEvents","Elite Swarm","Lethality","Binary"],"is_ascension_mode":true,"campfire_choices":[{"data":"Armaments","floor":7,"key":"SMITH"},{"floor":15,"key":"DIG"},{"floor":32,"key":"DIG"},{"floor":49,"key":"DIG"}],"circlet_count":0,"master_deck":["AscendersBane","Feed","Anger","Twin Strike","Clothesline","Finesse","Flex","conspire:Banana","Armaments+1","ReplayTheSpireMod:Trickstab+1","Seeing Red","Shrug It Off","Dark Shackles","ReplayTheSpireMod:Private Reserves","Sword Boomerang","Metallicize+1","Panacea"],"relics":["Burning Blood","Busted Crown","HushsDoor","REME_ComplimentaryCards","replay:Trail_Library","MoneyPower","Dota2Spire:Satanic","construct:BoolHorns","Frozen Egg 2","Pen Nib","Singing Bowl","Shovel","conspire:Boomerang","Girya","Dota2Spire:LotusOrb","Meat on the Bone","Dota2Spire:EtherealBlade","Counterbalance","SharpPlug","ReplayTheSpireMod:Lightbulb","Dota2Spire:RefresherOrb","Dota2Spire:LinkenSphere","SteamSale","Iron Hammer","Dota2Spire:HandOfMidas","Dota2Spire:HeartOfTarrasque","TheBean","Replay:Wax Seal","Replay:Bottled Eggs","Tiny Chest","HornCleat","Nunchaku","hubris:Spice","Bag of Preparation","Onion Ring","Replay:Ringing Soul","Dota2Spire:MagicBottle","Ornamental Fan","hubris:Metronome","Bottled Flame","BookOfRevelations"],"acts_visited":["Exordium","TheCity","TheBeyond"],"potions_floor_usage":[6,6,8,12,16,51,51],"damage_taken":[{"damage":0,"enemies":"Cultist","floor":1,"turns":1},{"damage":6,"enemies":"Jaw Worm","floor":2,"turns":2},{"damage":0,"enemies":"Small Slimes","floor":4,"turns":2},{"damage":0,"enemies":"Looter","floor":5,"turns":1},{"damage":0,"enemies":"3 Sentries","floor":6,"turns":3},{"damage":2,"enemies":"Gremlin Nob","floor":8,"turns":3},{"damage":12,"enemies":"Lagavulin","floor":10,"turns":3},{"damage":4,"enemies":"3 Sentries","floor":11,"turns":3},{"damage":15,"enemies":"Lagavulin","floor":12,"turns":3},{"damage":0,"enemies":"Gremlin Nob","floor":13,"turns":2},{"damage":0,"enemies":"Hexaghost","floor":16,"turns":3},{"damage":0,"enemies":"3 Byrds","floor":18,"turns":2},{"damage":0,"enemies":"Replay:Snechameleon","floor":21,"turns":3},{"damage":0,"enemies":"REME_1_Revenger","floor":23,"turns":2},{"damage":0,"enemies":"Replay:Snechameleon","floor":24,"turns":2},{"damage":0,"enemies":"conspire:Head Lice","floor":25,"turns":2},{"damage":0,"enemies":"Slavers","floor":27,"turns":2},{"damage":0,"enemies":"Chosen","floor":28,"turns":3},{"damage":0,"enemies":"conspire:Head Lice","floor":29,"turns":3},{"damage":0,"enemies":"Slavers","floor":30,"turns":2},{"damage":0,"enemies":"Replay:Snechameleon","floor":31,"turns":1},{"damage":0,"enemies":"hubris:MusketHawk","floor":33,"turns":1},{"damage":0,"enemies":"3 Darklings","floor":35,"turns":1},{"damage":0,"enemies":"conspire:MimicChest","floor":36,"turns":1},{"damage":0,"enemies":"R_Hoarder","floor":40,"turns":3},{"damage":0,"enemies":"Giant Head","floor":41,"turns":3},{"damage":0,"enemies":"R_Hoarder","floor":42,"turns":3},{"damage":0,"enemies":"Reptomancer","floor":44,"turns":1},{"damage":0,"enemies":"Giant Head","floor":45,"turns":3},{"damage":0,"enemies":"R_Hoarder","floor":46,"turns":1},{"damage":0,"enemies":"Nemesis","floor":47,"turns":1},{"damage":0,"enemies":"3 Shapes","floor":48,"turns":1},{"damage":0,"enemies":"hubris:GrandSnecko","floor":50,"turns":1},{"damage":0,"enemies":"Donu and Deca","floor":51,"turns":2}],"seed_played":"2668346722614453708","potions_obtained":[{"floor":1,"key":"Cursed Concoction"},{"floor":5,"key":"Elixir"},{"floor":6,"key":"HeartOfIron"},{"floor":11,"key":"REME_GoldPotion"},{"floor":13,"key":"Strength Potion"},{"floor":16,"key":"EssenceOfSteel"},{"floor":23,"key":"Languid Potion"},{"floor":28,"key":"Block Potion"}],"is_trial":true,"path_per_floor":["M","M","$","M","M","E","R","E","T","E","E","E","E","T","R","B",null,"M","$","?","E","T","E","E","E","T","E","M","E","E","E","R","B",null,"M","?","?","T","$","E","E","E","T","E","E","E","E","M","R","B","B",null],"character_chosen":"IRONCLAD","items_purchased":["SteamSale","Iron Hammer","Dota2Spire:HandOfMidas","Sword Boomerang","hubris:Spice","hubris:Spice","Ornamental Fan","Metallicize+1"],"campfire_rested":0,"item_purchase_floors":[19,19,19,34,39,39,39,39],"current_hp_per_floor":[78,82,82,87,87,91,91,96,96,95,98,94,103,103,103,110,111,116,116,116,129,129,135,141,147,147,153,167,172,178,184,195,201,195,193,185,170,170,172,174,180,187,179,173,171,175,173,171,166,170,176],"gold":430,"neow_bonus":"","is_daily":false,"chose_seed":false,"campfire_upgraded":1,"win_rate":0.0,"timestamp":1613999276,"path_taken":["M","M","$","M","?","E","R","E","T","E","E","E","E","?","R","BOSS","M","$","?","?","?","E","E","E","T","E","?","E","E","E","R","BOSS","M","?","?","?","$","E","E","E","T","E","E","E","E","?","R","BOSS","BOSS"],"items_purchased_type":["Relic","Relic","Relic","Card","Relic","Relic","Relic","Card"],"build_version":"2020-12-18","purchased_purges":2,"victory":true,"max_hp_per_floor":[79,83,83,87,87,91,91,96,96,101,102,107,110,110,110,111,111,116,116,116,129,129,135,141,147,147,153,167,172,178,184,195,201,195,193,185,185,185,172,174,180,187,179,173,171,175,173,171,166,170,176],"card_choices":[],"player_experience":737445,"relics_obtained":[{"floor":1,"key":"construct:BoolHorns"},{"floor":2,"key":"Frozen Egg 2"},{"floor":4,"key":"Pen Nib"},{"floor":5,"key":"Singing Bowl"},{"floor":6,"key":"Shovel"},{"floor":8,"key":"conspire:Boomerang"},{"floor":9,"key":"Girya"},{"floor":10,"key":"Dota2Spire:LotusOrb"},{"floor":11,"key":"Meat on the Bone"},{"floor":12,"key":"Dota2Spire:EtherealBlade"},{"floor":13,"key":"Counterbalance"},{"floor":14,"key":"SharpPlug"},{"floor":15,"key":"ReplayTheSpireMod:Lightbulb"},{"floor":18,"key":"Dota2Spire:LinkenSphere"},{"floor":21,"key":"Dota2Spire:HeartOfTarrasque"},{"floor":22,"key":"TheBean"},{"floor":23,"key":"Replay:Wax Seal"},{"floor":24,"key":"Replay:Bottled Eggs"},{"floor":25,"key":"Tiny Chest"},{"floor":26,"key":"HornCleat"},{"floor":27,"key":"Nunchaku"},{"floor":28,"key":"hubris:Spice"},{"floor":29,"key":"Bag of Preparation"},{"floor":30,"key":"Onion Ring"},{"floor":31,"key":"Replay:Ringing Soul"},{"floor":32,"key":"hubris:Spice"},{"floor":35,"key":"hubris:Spice"},{"floor":36,"key":"hubris:Spice"},{"floor":38,"key":"Dota2Spire:MagicBottle"},{"floor":40,"key":"hubris:Metronome"},{"floor":41,"key":"Bottled Flame"},{"floor":43,"key":"hubris:Spice"},{"floor":44,"key":"hubris:Spice"},{"floor":45,"key":"hubris:Spice"},{"floor":46,"key":"BookOfRevelations"},{"floor":47,"key":"hubris:Spice"},{"floor":48,"key":"hubris:Spice"},{"floor":49,"key":"hubris:Spice"}],"event_choices":[{"damage_healed":0,"gold_gain":0,"player_choice":"Ignored","damage_taken":0,"max_hp_gain":0,"max_hp_loss":0,"event_name":"Ghosts","floor":20,"gold_loss":0}],"is_beta":true,"boss_relics":[{"not_picked":["Replay:Bronze Core","Abe\u0027s Treasure"],"picked":"Dota2Spire:RefresherOrb"},{"not_picked":[]},{"not_picked":["Snecko Eye","Fusion Hammer"],"picked":"hubris:Spice"},{"not_picked":[]}],"items_purged_floors":[3,39],"is_endless":false,"potions_floor_spawned":[1,5,6,11,13,16,23,24,28,29,30,33,35,41,44,47,48],"ascension_level":20}}