{"host":"sz8c8ni79nvzjmmg","time":1613988656,"event":{"mods":["AchievementEnabler","BaseMod","DeckTracker","Keyboard Shortcuts","Minty Spire (QoL Compilation)","SuperFastMode"],"gold_per_floor":[116,191,191,191,205,205,252,287,335,368,379,410,422,439,439,510,510,522,447,467,479,479,514,529,529,552,552,220,246,18,28,28,106,106,123,174,174,124,144,144,17,42,116,66,101,113,125,125,125,125,125,125,125,75,104,104,104],"floor_reached":56,"language":"KOR","playtime":2040,"items_purged":["Strike_R","Defend_R","Defend_R","Bash","Anger+1","Pommel Strike+1"],"score":1991,"play_id":"32ea22b0-013a-4dca-a1b3-a13438ccafb0","local_time":"20210222191056","is_ascension_mode":true,"campfire_choices":[{"data":"Anger","floor":6.0,"key":"SMITH"},{"data":"Evolve","floor":15.0,"key":"SMITH"},{"floor":25.0,"key":"REST"},{"data":"Offering","floor":27.0,"key":"SMITH"},{"data":"Pommel Strike","floor":32.0,"key":"SMITH"},{"data":"Body Slam","floor":40,"key":"SMITH"},{"floor":49,"key":"RECALL"},{"data":"Sword Boomerang","floor":53,"key":"PURGE"}],"circlet_count":0,"master_deck":["AscendersBane","Defend_R","Shockwave","Wild Strike","Evolve+1","Offering+1","Armaments+1","Finesse","Shrug It Off","Body Slam+1","Reaper","Second Wind","Dark Embrace","Body Slam"],"relics":["Burning Blood","NeowsBlessing","Bag of Preparation","Self Forming Clay","Smiling Mask","Shuriken","Orichalcum","Mark of Pain","PreservedInsect","Strawberry","Kunai","Bronze Scales","Empty Cage","Mango","Peace Pipe","Incense Burner","Bird Faced Urn"],"acts_visited":["Exordium","TheCity","TheBeyond","TheEnding"],"potions_floor_usage":[33,36,56,56],"damage_taken":[{"damage":0.0,"enemies":"Small Slimes","floor":1.0,"turns":1.0},{"damage":0.0,"enemies":"Jaw Worm","floor":5.0,"turns":1.0},{"damage":0.0,"enemies":"3 Sentries","floor":8.0,"turns":1.0},{"damage":22.0,"enemies":"Lagavulin","floor":10.0,"turns":6.0},{"damage":5.0,"enemies":"2 Louse","floor":11.0,"turns":3.0},{"damage":6.0,"enemies":"Gremlin Nob","floor":12.0,"turns":3.0},{"damage":5.0,"enemies":"Looter","floor":13.0,"turns":3.0},{"damage":15.0,"enemies":"Exordium Thugs","floor":14.0,"turns":4.0},{"damage":7.0,"enemies":"Slime Boss","floor":16.0,"turns":6.0},{"damage":6.0,"enemies":"Chosen","floor":18.0,"turns":3.0},{"damage":7.0,"enemies":"Spheric Guardian","floor":20.0,"turns":3.0},{"damage":6.0,"enemies":"3 Cultists","floor":21.0,"turns":3.0},{"damage":12.0,"enemies":"Slavers","floor":23.0,"turns":5.0},{"damage":22.0,"enemies":"Sentry and Sphere","floor":24.0,"turns":4.0},{"damage":13.0,"enemies":"Book of Stabbing","floor":29.0,"turns":4.0},{"damage":16.0,"enemies":"Snake Plant","floor":31.0,"turns":2.0},{"damage":15,"enemies":"Champ","floor":33,"turns":7},{"damage":8,"enemies":"3 Shapes","floor":35,"turns":3},{"damage":46,"enemies":"2 Orb Walkers","floor":36,"turns":5},{"damage":6,"enemies":"Orb Walker","floor":39,"turns":2},{"damage":6,"enemies":"Mind Bloom Boss Battle","floor":42,"turns":4},{"damage":6,"enemies":"Giant Head","floor":45,"turns":3},{"damage":31,"enemies":"Sphere and 2 Shapes","floor":46,"turns":4},{"damage":15,"enemies":"Transient","floor":47,"turns":6},{"damage":11,"enemies":"Awakened One","floor":50,"turns":9},{"damage":61,"enemies":"Donu and Deca","floor":51,"turns":7},{"damage":35,"enemies":"Shield and Spear","floor":55,"turns":4},{"damage":65,"enemies":"The Heart","floor":56,"turns":5}],"seed_played":"1189999365199030965","potions_obtained":[{"floor":1.0,"key":"Dexterity Potion"},{"floor":5.0,"key":"FearPotion"},{"floor":12.0,"key":"Energy Potion"},{"floor":14.0,"key":"AttackPotion"},{"floor":16.0,"key":"LiquidBronze"},{"floor":23.0,"key":"FearPotion"},{"floor":31.0,"key":"AttackPotion"},{"floor":35,"key":"BloodPotion"},{"floor":45,"key":"PowerPotion"}],"is_trial":false,"path_per_floor":["M","?","?","?","M","R","T","E","T","E","M","E","M","M","R","B",null,"M","?","M","M","?","E","M","R","T","R","$","E","$","M","R","B",null,"M","?","?","$","M","R","$","?","T","$","E","M","M","?","R","B","B",null,"R","$","E","B"],"character_chosen":"IRONCLAD","items_purchased":["Kunai","Finesse","Shrug It Off","Sword Boomerang","Second Wind"],"campfire_rested":1,"item_purchase_floors":[28,30,30,30,41],"current_hp_per_floor":[74,63,63,56,62,62,62,68,68,52,53,53,54,45,45,44,67,67,67,66,66,45,39,23,47,54,54,54,47,47,37,37,28,72,70,61,61,61,61,61,61,61,61,61,61,43,39,39,39,61,24,82,82,82,53,0,0],"gold":104,"neow_bonus":"THREE_ENEMY_KILL","is_daily":false,"chose_seed":false,"campfire_upgraded":5,"win_rate":0.0,"timestamp":1613988656,"path_taken":["M","?","?","?","M","R","?","E","T","E","?","E","M","M","R","BOSS","M","?","M","M","?","E","M","R","T","R","$","E","$","M","R","BOSS","M","?","?","$","M","R","$","?","T","?","E","M","M","?","R","BOSS","BOSS","R","$","E","BOSS"],"items_purchased_type":["Relic","Card","Card","Card","Card"],"build_version":"2020-12-22","purchased_purges":6,"victory":false,"max_hp_per_floor":[75,75,75,75,75,75,75,75,75,75,75,75,75,75,75,75,75,75,75,75,75,80,80,80,80,87,87,87,87,87,87,87,87,87,87,101,101,101,101,101,101,101,101,101,101,101,101,101,101,101,101,101,101,101,101,101,101],"card_choices":[{"not_picked":["Sentinel","Rampage"],"picked":"Anger","floor":1.0},{"not_picked":["Rampage","Twin Strike","Searing Blow"],"picked":"SKIP","floor":5.0},{"not_picked":["Sever Soul","Flame Barrier"],"picked":"Shockwave","floor":8.0},{"not_picked":["Feel No Pain","Headbutt","Havoc"],"picked":"SKIP","floor":10.0},{"not_picked":["Thunderclap","Iron Wave"],"picked":"Wild Strike","floor":11.0},{"not_picked":["Double Tap","Anger"],"picked":"Pommel Strike","floor":12.0},{"not_picked":["Thunderclap","Flex","Cleave"],"picked":"SKIP","floor":13.0},{"not_picked":["Second Wind","Body Slam"],"picked":"Evolve","floor":14.0},{"not_picked":["Demon Form","Reaper"],"picked":"Offering","floor":16.0},{"not_picked":["Anger","Twin Strike","Thunderclap+1"],"picked":"SKIP","floor":18.0},{"not_picked":["Disarm","Flame Barrier"],"picked":"Armaments+1","floor":20.0},{"not_picked":["Flame Barrier","Entrench","Wild Strike"],"picked":"SKIP","floor":21.0},{"not_picked":["Metallicize","Sword Boomerang","Sever Soul"],"picked":"SKIP","floor":23.0},{"not_picked":["Pommel Strike","Iron Wave","Havoc"],"picked":"SKIP","floor":24.0},{"not_picked":["Metallicize","Clothesline","Heavy Blade"],"picked":"SKIP","floor":29.0},{"not_picked":["Heavy Blade","Brutality","Clash"],"picked":"SKIP","floor":31.0},{"not_picked":["Sword Boomerang","Perfected Strike"],"picked":"Body Slam","floor":35},{"not_picked":["Pommel Strike","Armaments"],"picked":"Reaper","floor":39},{"not_picked":["Searing Blow","Dropkick"],"picked":"Dark Embrace","floor":42},{"not_picked":["Wild Strike","Sword Boomerang+1","Disarm"],"picked":"SKIP","floor":45},{"not_picked":["Iron Wave","Clash","Thunderclap"],"picked":"SKIP","floor":46},{"not_picked":["Hemokinesis","Wild Strike+1"],"picked":"Body Slam","floor":47},{"not_picked":["Blood for Blood","Double Tap","Clothesline"],"picked":"SKIP","floor":55}],"player_experience":1254338,"relics_obtained":[{"floor":7.0,"key":"Bag of Preparation"},{"floor":8.0,"key":"Self Forming Clay"},{"floor":9.0,"key":"Smiling Mask"},{"floor":10.0,"key":"Shuriken"},{"floor":12.0,"key":"Orichalcum"},{"floor":23.0,"key":"PreservedInsect"},{"floor":26.0,"key":"Strawberry"},{"floor":29.0,"key":"Bronze Scales"},{"floor":36,"key":"Mango"},{"floor":42,"key":"Peace Pipe"},{"floor":45,"key":"Incense Burner"},{"floor":55,"key":"Bird Faced Urn"}],"event_choices":[{"damage_healed":0.0,"max_hp_gain":0.0,"max_hp_loss":0.0,"gold_gain":75.0,"event_name":"World of Goop","player_choice":"Gather Gold","floor":2.0,"gold_loss":0.0,"damage_taken":11.0},{"damage_healed":0.0,"max_hp_gain":0.0,"max_hp_loss":0.0,"gold_gain":0.0,"event_name":"Liars Game","player_choice":"Ignored","floor":3.0,"gold_loss":0.0,"damage_taken":0.0},{"cards_removed":["Strike_R"],"damage_healed":0.0,"max_hp_gain":0.0,"max_hp_loss":0.0,"gold_gain":0.0,"event_name":"Golden Wing","player_choice":"Card Removal","floor":4.0,"gold_loss":0.0,"damage_taken":7.0},{"cards_removed":["Strike_R"],"damage_healed":0.0,"max_hp_gain":0.0,"max_hp_loss":0.0,"gold_gain":0.0,"event_name":"Beggar","player_choice":"Gave Gold","floor":19.0,"gold_loss":75.0,"damage_taken":0.0},{"damage_healed":0.0,"max_hp_gain":5.0,"max_hp_loss":0.0,"gold_gain":0.0,"event_name":"Forgotten Altar","player_choice":"Shed Blood","floor":22.0,"gold_loss":0.0,"damage_taken":26.0},{"damage_healed":0,"gold_gain":0,"player_choice":"Fight","damage_taken":0,"max_hp_gain":0,"max_hp_loss":0,"event_name":"Mysterious Sphere","floor":36,"gold_loss":0},{"cards_removed":["Strike_R"],"damage_healed":0,"gold_gain":0,"player_choice":"Removed Attack","damage_taken":0,"max_hp_gain":0,"max_hp_loss":0,"event_name":"Falling","floor":37,"gold_loss":0},{"damage_healed":0,"gold_gain":0,"player_choice":"Fight","damage_taken":0,"max_hp_gain":0,"max_hp_loss":0,"event_name":"MindBloom","floor":42,"gold_loss":0},{"damage_healed":0,"gold_gain":0,"player_choice":"Ignored","damage_taken":0,"max_hp_gain":0,"max_hp_loss":0,"event_name":"Tomb of Lord Red Mask","floor":48,"gold_loss":0}],"is_beta":false,"boss_relics":[{"not_picked":["Velvet Choker","Sozu"],"picked":"Mark of Pain"},{"not_picked":["Cursed Key","Coffee Dripper"],"picked":"Empty Cage"}],"items_purged_floors":[28,30,38,41,44,54],"is_endless":false,"potions_floor_spawned":[1,5,10,12,14,16,20,23,24,31,35,45,46,47],"killed_by":"The Heart","ascension_level":20}}