{"host":"pifa3o3uv2a0m12r","time":1613979618,"event":{"mods":["AchievementEnabler","BaseMod","Colored Map","Minty Spire (QoL Compilation)","StSLib","SuperFastMode"],"gold_per_floor":[116,116,132,157,178,178,191,215,215,229,270,293,313,333,333,333,333],"floor_reached":16,"language":"FRA","playtime":390,"items_purged":[],"score":110,"play_id":"542b929f-78d6-4658-b997-fe36306536d0","local_time":"20210221214018","is_ascension_mode":false,"campfire_choices":[{"data":"Whirlwind","floor":6,"key":"SMITH"},{"data":"Flame Barrier","floor":15,"key":"SMITH"}],"circlet_count":0,"master_deck":["Strike_R","Strike_R","Strike_R","Strike_R","Strike_R","Defend_R","Defend_R","Defend_R","Defend_R","Bash","Whirlwind+1","Shrug It Off","Shrug It Off","Flame Barrier+1","Double Tap","Feed"],"relics":["Burning Blood","NeowsBlessing","Golden Idol","Gremlin Horn","Mercury Hourglass"],"acts_visited":["Exordium"],"potions_floor_usage":[11],"damage_taken":[{"damage":0,"enemies":"Small Slimes","floor":1,"turns":1},{"damage":0,"enemies":"Cultist","floor":3,"turns":1},{"damage":0,"enemies":"Jaw Worm","floor":4,"turns":1},{"damage":11,"enemies":"3 Louse","floor":5,"turns":6},{"damage":21,"enemies":"Exordium Thugs","floor":7,"turns":6},{"damage":13,"enemies":"Gremlin Gang","floor":8,"turns":2},{"damage":0,"enemies":"3 Louse","floor":10,"turns":2},{"damage":15,"enemies":"Gremlin Nob","floor":11,"turns":4},{"damage":2,"enemies":"Exordium Wildlife","floor":12,"turns":3},{"damage":0,"enemies":"2 Fungi Beasts","floor":13,"turns":2},{"damage":12,"enemies":"Large Slime","floor":14,"turns":4},{"damage":0,"enemies":"Slime Boss","floor":16,"turns":3}],"seed_played":"7352097871195822003","potions_obtained":[{"floor":1,"key":"Fire Potion"},{"floor":8,"key":"LiquidMemories"},{"floor":10,"key":"AttackPotion"},{"floor":11,"key":"Strength Potion"},{"floor":14,"key":"AttackPotion"}],"is_trial":false,"path_per_floor":["M","?","M","M","M","R","M","M","T","M","E","M","M","M","R","B"],"character_chosen":"IRONCLAD","items_purchased":[],"campfire_rested":0,"item_purchase_floors":[],"current_hp_per_floor":[80,60,66,72,67,67,52,45,45,51,42,46,52,46,46,46,46],"gold":333,"neow_bonus":"THREE_ENEMY_KILL","is_daily":false,"chose_seed":false,"campfire_upgraded":2,"win_rate":0.0,"timestamp":1613979618,"path_taken":["M","?","M","M","M","R","M","M","T","M","E","M","M","M","R","BOSS"],"items_purchased_type":[],"build_version":"2020-12-22","purchased_purges":0,"victory":false,"max_hp_per_floor":[80,80,80,80,80,80,80,80,80,80,80,80,80,80,80,80,80],"card_choices":[{"not_picked":["Armaments","Pommel Strike"],"picked":"Whirlwind","floor":1},{"not_picked":["Clothesline","Feel No Pain","Armaments"],"picked":"SKIP","floor":3},{"not_picked":["Armaments","Thunderclap","True Grit"],"picked":"SKIP","floor":4},{"not_picked":["Thunderclap","Burning Pact","Iron Wave"],"picked":"SKIP","floor":5},{"not_picked":["Pommel Strike","Clothesline"],"picked":"Shrug It Off","floor":7},{"not_picked":["Thunderclap","Rupture"],"picked":"Shrug It Off","floor":8},{"not_picked":["Twin Strike","Iron Wave"],"picked":"Flame Barrier","floor":10},{"not_picked":["Second Wind","Sword Boomerang"],"picked":"Double Tap","floor":11},{"not_picked":["Warcry","Shrug It Off","Sentinel"],"picked":"SKIP","floor":12},{"not_picked":["Combust","Anger","Iron Wave"],"picked":"SKIP","floor":13},{"not_picked":["Feel No Pain","Pommel Strike"],"picked":"Feed","floor":14}],"player_experience":149439,"relics_obtained":[{"floor":9,"key":"Gremlin Horn"},{"floor":11,"key":"Mercury Hourglass"}],"event_choices":[{"damage_healed":0,"gold_gain":0,"player_choice":"Take Damage","damage_taken":20,"relics_obtained":["Golden Idol"],"max_hp_gain":0,"max_hp_loss":0,"event_name":"Golden Idol","floor":2,"gold_loss":0}],"is_beta":false,"boss_relics":[],"items_purged_floors":[],"is_endless":false,"potions_floor_spawned":[1,8,10,11,14],"killed_by":"Slime Boss","ascension_level":0}}