{"host":"en4narc5947t7k9n","time":1613982866,"event":{"mods":["AchievementEnabler","BaseMod","Colored Map","Minty Spire (QoL Compilation)","SuperFastMode"],"gold_per_floor":[111,111,61,80,80,80,114,129,153,66,76,76,94,106,106,201,201,216,230,145,145,2,12,12,12],"floor_reached":24,"language":"KOR","playtime":698,"items_purged":[],"score":273,"play_id":"0ce736fd-ec8f-46f0-a678-113b94ff9405","local_time":"20210222173426","is_ascension_mode":false,"campfire_choices":[{"floor":6,"key":"RECALL"},{"data":"Genetic Algorithm","floor":12,"key":"SMITH"},{"data":"Aggregate","floor":15,"key":"SMITH"}],"circlet_count":0,"master_deck":["Strike_B+1","Strike_B+1","Defend_B","Zap","Dualcast","Double Energy+1","Glacier","Ball Lightning","Chaos","Dramatic Entrance","Genetic Algorithm+1","FTL","Aggregate+1","Electrodynamics","Rip and Tear+1","Skim+1","Rebound+1","Coolheaded","Defragment","Double Energy+1"],"relics":["Cracked Core","NeowsBlessing","Whetstone","Astrolabe","Toy Ornithopter","HandDrill"],"acts_visited":["Exordium","TheCity"],"potions_floor_usage":[16,16],"damage_taken":[{"damage":0,"enemies":"Cultist","floor":1,"turns":1},{"damage":0,"enemies":"2 Louse","floor":4,"turns":1},{"damage":0,"enemies":"3 Sentries","floor":7,"turns":1},{"damage":0,"enemies":"Jaw Worm","floor":8,"turns":3},{"damage":8,"enemies":"Exordium Wildlife","floor":11,"turns":2},{"damage":20,"enemies":"Exordium Thugs","floor":13,"turns":4},{"damage":9,"enemies":"2 Fungi Beasts","floor":14,"turns":3},{"damage":0,"enemies":"Slime Boss","floor":16,"turns":5},{"damage":17,"enemies":"Shell Parasite","floor":18,"turns":4},{"damage":0,"enemies":"Spheric Guardian","floor":19,"turns":3},{"damage":18,"enemies":"Snecko","floor":23,"turns":5},{"damage":26,"enemies":"Snake Plant","floor":24,"turns":3}],"seed_played":"-7911403698308930441","potions_obtained":[{"floor":8,"key":"FocusPotion"},{"floor":14,"key":"ColorlessPotion"}],"is_trial":false,"path_per_floor":["M","?","?","M","?","R","E","M","T","$","M","R","M","M","R","B",null,"M","M","?","?","$","M","M"],"character_chosen":"DEFECT","items_purchased":["Dramatic Entrance","HandDrill"],"campfire_rested":0,"item_purchase_floors":[10,22],"current_hp_per_floor":[75,75,75,75,68,68,68,68,68,68,60,60,40,31,31,31,75,58,58,58,44,44,26,0,0],"gold":12,"neow_bonus":"THREE_ENEMY_KILL","is_daily":false,"chose_seed":false,"campfire_upgraded":2,"win_rate":0.0,"timestamp":1613982866,"path_taken":["M","?","?","M","?","R","E","M","T","$","M","R","M","M","R","BOSS","M","M","?","?","$","M","M"],"items_purchased_type":["Card","Relic"],"build_version":"2020-12-22","purchased_purges":0,"victory":false,"max_hp_per_floor":[75,75,75,75,75,75,75,75,75,75,75,75,75,75,75,75,75,75,75,75,80,80,80,80,80],"card_choices":[{"not_picked":["Rebound","Leap"],"picked":"Double Energy","floor":1},{"not_picked":["Redo","Rebound"],"picked":"Glacier","floor":4},{"not_picked":["Beam Cell","Cold Snap"],"picked":"Ball Lightning","floor":7},{"not_picked":["Redo","Amplify"],"picked":"Chaos","floor":8},{"not_picked":["Compile Driver","Streamline"],"picked":"Genetic Algorithm","floor":11},{"not_picked":["Go for the Eyes","Rebound"],"picked":"FTL","floor":13},{"not_picked":["Barrage","Heatsinks"],"picked":"Aggregate","floor":14},{"not_picked":["Rainbow","Seek"],"picked":"Electrodynamics","floor":16},{"not_picked":["Cold Snap","Steam Power"],"picked":"Coolheaded","floor":18},{"not_picked":["Barrage","Steam"],"picked":"Defragment","floor":19},{"not_picked":["Compile Driver","Auto Shields+1"],"picked":"Double Energy+1","floor":23}],"player_experience":151983,"relics_obtained":[{"floor":7,"key":"Whetstone"}],"event_choices":[{"damage_healed":0,"gold_gain":0,"player_choice":"Grow","damage_taken":0,"max_hp_gain":0,"max_hp_loss":0,"event_name":"Living Wall","floor":2,"gold_loss":0,"cards_upgraded":["Double Energy"]},{"cards_removed":["Strike_B"],"damage_healed":0,"gold_gain":0,"player_choice":"Card Removal","damage_taken":0,"max_hp_gain":0,"max_hp_loss":0,"event_name":"The Cleric","floor":3,"gold_loss":50},{"cards_removed":["Strike_B"],"damage_healed":0,"gold_gain":0,"player_choice":"Card Removal","damage_taken":7,"max_hp_gain":0,"max_hp_loss":0,"event_name":"Golden Wing","floor":5,"gold_loss":0},{"damage_healed":0,"gold_gain":0,"player_choice":"Obtained Relic","damage_taken":0,"relics_obtained":["Toy Ornithopter"],"max_hp_gain":0,"max_hp_loss":0,"event_name":"Addict","floor":20,"gold_loss":85},{"damage_healed":0,"gold_gain":0,"player_choice":"Shed Blood","damage_taken":19,"max_hp_gain":5,"max_hp_loss":0,"event_name":"Forgotten Altar","floor":21,"gold_loss":0}],"is_beta":false,"boss_relics":[{"not_picked":["Calling Bell","Snecko Eye"],"picked":"Astrolabe"}],"items_purged_floors":[],"is_endless":false,"potions_floor_spawned":[8,14],"killed_by":"Snake Plant","ascension_level":0}}