{"host":"kaame4qwxxqnygv7","time":1613999499,"event":{"mods":["AchievementEnabler","BaseMod","Better Match","Better Skull","Better Third Choice","BetterRewards","Block Reminder","Bossed Relics","DeckTracker","Energized Spire","GungeonMod","Minty Spire (QoL Compilation)","Quick Restart","Red Circlet Mod","StSLib","SuperFastMode","The Blue Laboratory"],"gold_per_floor":[109,79,95,108,119,146,1,1,1,1,20,44,44,87,87,208,208,224,237,237,253,266,266,289,322,322,322,342,358,376,401,422,422,422,422,422],"floor_reached":35,"language":"KOR","playtime":1408,"items_purged":["Strike_G"],"score":601,"play_id":"7a928f0d-df27-4747-8521-abc3746a20c0","local_time":"20210222221139","is_ascension_mode":true,"campfire_choices":[{"floor":10.0,"key":"REST"},{"data":"Accuracy","floor":13.0,"key":"SMITH"},{"floor":15.0,"key":"REST"},{"floor":23.0,"key":"REST"},{"data":"After Image","floor":27.0,"key":"SMITH"},{"floor":33.0,"key":"REST"}],"circlet_count":0,"master_deck":["Strike_G","Strike_G","Strike_G","Strike_G","Defend_G","Defend_G","Defend_G","Defend_G","Defend_G","Survivor","Neutralize","Cloak And Dagger","Blade Dance","Calculated Gamble","Dagger Spray+1","Accuracy+1","Blade Dance","Quick Slash+1","After Image+1","Glass Knife+1","Dagger Throw+1","Blade Dance","Prepared","Prepared","Blur+1","Bullet Time","Blade Dance","Cloak And Dagger","Dagger Spray+1"],"relics":["Ring of the Snake","DemoMod:AgedBell","Molten Egg 2","Vajra","Omamori","Golden Idol","DemoMod:BlueGuonStone","DemoMod:Relodestone","SacredBark","Sundial"],"acts_visited":["Exordium","TheCity","DemoMod:Maze"],"potions_floor_usage":[35],"damage_taken":[{"damage":0.0,"enemies":"Small Slimes","floor":1.0,"turns":3.0},{"damage":0.0,"enemies":"Cultist","floor":3.0,"turns":4.0},{"damage":0.0,"enemies":"2 Louse","floor":4.0,"turns":2.0},{"damage":0.0,"enemies":"2 Fungi Beasts","floor":5.0,"turns":3.0},{"damage":2.0,"enemies":"3 Sentries","floor":6.0,"turns":7.0},{"damage":0.0,"enemies":"Looter","floor":11.0,"turns":3.0},{"damage":4.0,"enemies":"Exordium Wildlife","floor":12.0,"turns":4.0},{"damage":12.0,"enemies":"Lagavulin","floor":14.0,"turns":4.0},{"damage":8.0,"enemies":"Slime Boss","floor":16.0,"turns":7.0},{"damage":0.0,"enemies":"3 Byrds","floor":18.0,"turns":3.0},{"damage":2.0,"enemies":"2 Thieves","floor":19.0,"turns":2.0},{"damage":6.0,"enemies":"Snecko","floor":21.0,"turns":5.0},{"damage":7.0,"enemies":"Cultist and Chosen","floor":22.0,"turns":5.0},{"damage":10.0,"enemies":"Snake Plant","floor":24.0,"turns":6.0},{"damage":12.0,"enemies":"Book of Stabbing","floor":25.0,"turns":6.0},{"damage":0.0,"enemies":"DemoMod:Veteran_shot_gun_kin_and_bullet_kin","floor":28.0,"turns":3.0},{"damage":14.0,"enemies":"DemoMod:Red_and_blue_shotgun_kin","floor":29.0,"turns":5.0},{"damage":7.0,"enemies":"DemoMod:Veteran_shot_gun_kin_and_red_shotgun_kin_with_gunsinger","floor":30.0,"turns":3.0},{"damage":1.0,"enemies":"DemoMod:Veteran_shot_gun_kin_and_blue_shotgun_kin_with_gunsinger","floor":31.0,"turns":5.0},{"damage":11.0,"enemies":"DemoMod:Veteran_shot_gun_kin_and_blue_shotgun_kin","floor":32.0,"turns":4.0},{"damage":16.0,"enemies":"DemoMod:ResourcefulRat","floor":34.0,"turns":9.0},{"damage":6,"enemies":"DemoMod:ResourcefulRat","floor":35,"turns":6}],"seed_played":"-7926682739272757297","potions_obtained":[{"floor":1.0,"key":"DistilledChaos"},{"floor":2.0,"key":"SteroidPotion"},{"floor":2.0,"key":"blueLaboratory:BottledHope"},{"floor":11.0,"key":"blueLaboratory:BlinkPotion"},{"floor":14.0,"key":"LiquidBronze"},{"floor":18.0,"key":"Explosive Potion"},{"floor":21.0,"key":"EssenceOfSteel"},{"floor":24.0,"key":"Dexterity Potion"},{"floor":28.0,"key":"blueLaboratory:BottleOfRum"},{"floor":31.0,"key":"blueLaboratory:SuffocatingSmog"}],"is_trial":false,"path_per_floor":["M","?","M","M","M","E","$","?","T","R","M","M","R","E","R","B",null,"M","M","?","M","M","R","M","E","T","R","M","M","M","M","M","R","B","B"],"character_chosen":"THE_SILENT","items_purchased":["DemoMod:GnawedKey","Molten Egg 2","Vajra","Accuracy"],"campfire_rested":4,"item_purchase_floors":[0,0,0,7],"current_hp_per_floor":[31,31,31,31,31,29,29,29,29,50,50,46,46,34,55,47,64,64,62,62,56,49,70,60,48,65,65,65,51,44,43,32,53,37,31,31],"gold":422,"neow_bonus":"","is_daily":false,"chose_seed":false,"campfire_upgraded":2,"win_rate":0.0,"timestamp":1613999499,"path_taken":["M","?","M","?","M","E","?","?","T","R","M","M","R","E","R","BOSS","M","M","?","M","M","R","M","E","T","R","M","M","M","M","M","R","BOSS","BOSS"],"items_purchased_type":["Relic","Relic","Relic","Card"],"build_version":"2020-12-22","purchased_purges":1,"victory":false,"max_hp_per_floor":[70,70,70,70,70,70,70,70,70,70,70,70,70,70,70,70,70,70,70,70,70,70,70,70,70,70,70,70,70,70,70,70,70,70,70,70],"card_choices":[{"not_picked":["Dagger Throw+1","Unload+1"],"picked":"Cloak And Dagger","floor":1.0},{"not_picked":["Slice+1","Bane+1"],"picked":"Blade Dance","floor":3.0},{"not_picked":["Poisoned Stab+1","Eviscerate+1"],"picked":"Calculated Gamble","floor":4.0},{"not_picked":["Bouncing Flask","Endless Agony+1","Dodge and Roll"],"picked":"SKIP","floor":5.0},{"not_picked":["Grand Finale+1","Skewer+1"],"picked":"Dagger Spray+1","floor":6.0},{"not_picked":["Escape Plan","Slice+1"],"picked":"Blade Dance","floor":11.0},{"not_picked":["PiercingWail","Dash+1"],"picked":"Quick Slash+1","floor":12.0},{"not_picked":["Bouncing Flask","Accuracy"],"picked":"After Image","floor":14.0},{"not_picked":["Corpse Explosion","A Thousand Cuts"],"picked":"Glass Knife+1","floor":16.0},{"not_picked":["Riddle With Holes+1","Bane+1"],"picked":"Dagger Throw+1","floor":18.0},{"not_picked":["Outmaneuver","Slice+1"],"picked":"Blade Dance","floor":19.0},{"not_picked":["Bane+1","PiercingWail+1"],"picked":"Prepared","floor":21.0},{"not_picked":["Catalyst","Envenom"],"picked":"Prepared","floor":22.0},{"not_picked":["Setup","Outmaneuver"],"picked":"Blur+1","floor":24.0},{"not_picked":["Blade Dance","Deflect"],"picked":"Bullet Time","floor":25.0},{"not_picked":["Calculated Gamble","Acrobatics"],"picked":"Blade Dance","floor":28.0},{"not_picked":["Tactician","Noxious Fumes"],"picked":"Cloak And Dagger","floor":29.0},{"not_picked":["Bouncing Flask","Underhanded Strike+1","Footwork"],"picked":"SKIP","floor":30.0},{"not_picked":["Acrobatics+1","Bane+1"],"picked":"Dagger Spray+1","floor":31.0},{"not_picked":["Masterful Stab+1","Dagger Spray+1","Underhanded Strike+1"],"picked":"SKIP","floor":32.0}],"player_experience":318562,"relics_obtained":[{"floor":6.0,"key":"Omamori"},{"floor":9.0,"key":"DemoMod:BlueGuonStone"},{"floor":14.0,"key":"DemoMod:Relodestone"},{"floor":25.0,"key":"Sundial"}],"event_choices":[{"damage_healed":0.0,"max_hp_gain":0.0,"max_hp_loss":0.0,"gold_gain":0.0,"event_name":"The Woman in Blue","player_choice":"Bought 2 Potions","floor":2.0,"gold_loss":0.0,"damage_taken":0.0},{"damage_healed":0.0,"max_hp_gain":0.0,"max_hp_loss":0.0,"gold_gain":0.0,"event_name":"Golden Idol","player_choice":"Take Wound","floor":8.0,"gold_loss":0.0,"damage_taken":0.0,"relics_obtained":["Golden Idol"],"cards_obtained":["Injury"]},{"damage_healed":0.0,"max_hp_gain":0.0,"max_hp_loss":0.0,"gold_gain":0.0,"event_name":"Vampires","player_choice":"Ignored","floor":20.0,"gold_loss":0.0,"damage_taken":0.0}],"is_beta":false,"boss_relics":[{"not_picked":["energizedSpire:HugeHouse","energizedSpire:HighHeels"],"picked":"SacredBark"}],"items_purged_floors":[7],"is_endless":false,"potions_floor_spawned":[1,11,14,18,21,24,28,31,34],"killed_by":"DemoMod:ResourcefulRat","ascension_level":9}}