{"host":"vqun63pi4q2xs0ca","time":1613955925,"event":{"mods":["BaseMod","BetterRewards","Minty Spire (QoL Compilation)","Relic Stats","StSLib"],"gold_per_floor":[114,131,144,43,58,84,184,204,204,254,280,280,298,332,332,408,408,424,339,339,339,3,3,36,36,36,36,62,62,82,82,82,156,156,175,10,26,26,26,56,75,104,158,158,173,73,99,115,115,115,115,115,115,60,88,88,88],"floor_reached":56,"language":"ENG","playtime":2603,"items_purged":["Strike_G","Parasite"],"score":2657,"play_id":"4efe7e39-6621-4e12-b0ba-9724d1dd02fb","local_time":"20210222010525","is_ascension_mode":true,"campfire_choices":[{"data":"Skewer","floor":12,"key":"SMITH"},{"data":"Noxious Fumes","floor":15,"key":"SMITH"},{"data":"Wraith Form v2","floor":23,"key":"SMITH"},{"data":"Catalyst","floor":29,"key":"SMITH"},{"data":"Night Terror","floor":32,"key":"SMITH"},{"floor":44,"key":"RECALL"},{"data":"Catalyst","floor":49,"key":"SMITH"},{"floor":53,"key":"REST"}],"circlet_count":0,"master_deck":["AscendersBane","Strike_G+1","Strike_G+1","Defend_G+1","Defend_G+1","Defend_G+1","Defend_G+1","Defend_G+1","Survivor","Neutralize","Noxious Fumes+1","Skewer+1","Blade Dance","Dash","Blade Dance","Blade Dance","Dash","Cloak And Dagger","Noxious Fumes","PiercingWail","Night Terror+1","Wraith Form v2+1","Acrobatics+1","Catalyst+1","Accuracy","Finisher","Blade Dance+1","Setup","Doppelganger","Catalyst+1","Clumsy","Leg Sweep"],"relics":["Ring of the Snake","Chemical X","MealTicket","Letter Opener","Ice Cream","Ancient Tea Set","Mummified Hand","Vajra","Bird Faced Urn","Cursed Key","Shuriken","PreservedInsect","Pear","Blood Vial","WristBlade","TwistedFunnel","Pocketwatch","Pen Nib","The Specimen","Anchor"],"acts_visited":["Exordium","TheCity","TheBeyond","TheEnding"],"potions_floor_usage":[8,16,24,33,41,42,50,56],"damage_taken":[{"damage":0,"enemies":"Small Slimes","floor":1,"turns":3},{"damage":0,"enemies":"Cultist","floor":2,"turns":2},{"damage":0,"enemies":"2 Louse","floor":3,"turns":3},{"damage":0,"enemies":"Exordium Thugs","floor":5,"turns":3},{"damage":10,"enemies":"Lagavulin","floor":6,"turns":4},{"damage":0,"enemies":"Blue Slaver","floor":8,"turns":1},{"damage":1,"enemies":"Gremlin Nob","floor":11,"turns":3},{"damage":0,"enemies":"2 Fungi Beasts","floor":13,"turns":2},{"damage":9,"enemies":"Lagavulin","floor":14,"turns":5},{"damage":0,"enemies":"Slime Boss","floor":16,"turns":5},{"damage":7,"enemies":"Shell Parasite","floor":18,"turns":3},{"damage":17,"enemies":"Gremlin Leader","floor":24,"turns":4},{"damage":0,"enemies":"Book of Stabbing","floor":28,"turns":2},{"damage":0,"enemies":"2 Thieves","floor":30,"turns":2},{"damage":28,"enemies":"Champ","floor":33,"turns":5},{"damage":1,"enemies":"Orb Walker","floor":35,"turns":3},{"damage":2,"enemies":"3 Shapes","floor":37,"turns":4},{"damage":7,"enemies":"Giant Head","floor":40,"turns":4},{"damage":9,"enemies":"Writhing Mass","floor":41,"turns":5},{"damage":17,"enemies":"Reptomancer","floor":42,"turns":4},{"damage":11,"enemies":"Maw","floor":45,"turns":7},{"damage":31,"enemies":"Nemesis","floor":47,"turns":5},{"damage":1,"enemies":"Sphere and 2 Shapes","floor":48,"turns":7},{"damage":49,"enemies":"Awakened One","floor":50,"turns":9},{"damage":38,"enemies":"Donu and Deca","floor":51,"turns":6},{"damage":65,"enemies":"Shield and Spear","floor":55,"turns":8},{"damage":87,"enemies":"The Heart","floor":56,"turns":5}],"seed_played":"8860047784155554677","potions_obtained":[{"floor":2,"key":"FairyPotion"},{"floor":6,"key":"Energy Potion"},{"floor":8,"key":"PowerPotion"},{"floor":16,"key":"Explosive Potion"},{"floor":18,"key":"Energy Potion"},{"floor":24,"key":"DistilledChaos"},{"floor":35,"key":"GamblersBrew"},{"floor":41,"key":"Explosive Potion"},{"floor":45,"key":"Regen Potion"}],"is_trial":false,"path_per_floor":["M","M","M","$","M","E","?","M","T","?","E","R","M","E","R","B",null,"M","?","?","?","$","R","E","?","T","T","E","R","M","?","R","B",null,"M","$","M","?","?","E","M","E","T","R","M","$","E","M","R","B","B",null,"R","$","E","B"],"character_chosen":"THE_SILENT","items_purchased":["Noxious Fumes","Skewer","Chemical X","Blade Dance","Dash","MealTicket","Letter Opener","Cloak And Dagger","PreservedInsect","Accuracy","Finisher","TwistedFunnel","BlessingOfTheForge"],"campfire_rested":1,"item_purchase_floors":[0,0,0,0,0,0,0,4,22,22,22,36,54],"current_hp_per_floor":[23,23,23,38,38,28,28,28,28,28,27,27,27,18,18,30,57,54,54,54,54,66,66,61,61,61,61,65,65,71,71,71,59,72,75,76,75,75,75,71,72,63,63,63,64,73,48,63,63,37,7,57,73,73,16,0,0],"gold":88,"neow_bonus":"","is_daily":false,"chose_seed":false,"campfire_upgraded":6,"win_rate":0.0,"timestamp":1613955925,"path_taken":["M","M","M","$","M","E","?","?","T","?","E","R","M","E","R","BOSS","M","?","?","?","$","R","E","?","T","?","E","R","M","?","R","BOSS","M","?","M","?","?","E","M","E","T","R","M","$","E","M","R","BOSS","BOSS","R","$","E","BOSS"],"items_purchased_type":["Card","Card","Relic","Card","Card","Relic","Relic","Card","Relic","Card","Card","Relic","Potion"],"build_version":"2020-12-22","purchased_purges":2,"victory":false,"max_hp_per_floor":[66,66,66,66,66,66,66,66,66,66,66,66,66,66,66,66,66,66,66,66,66,66,66,76,76,76,76,76,76,76,76,76,76,76,76,76,76,76,76,76,76,76,76,76,76,73,73,73,73,73,73,73,73,73,73,73,73],"relic_stats":{"counters":[51,253],"PreservedInsect":701,"Pen Nib":[11],"Letter Opener":[206],"Cursed Key":1,"Blood Vial":39,"Mummified Hand":[82],"Shuriken":[54],"Bird Faced Urn":[123],"MealTicket":40,"Chemical X":[35],"obtain_stats":[{"Ice Cream":0,"TwistedFunnel":36,"Vajra":11,"Juzu Bracelet":47,"Ancient Tea Set":6,"Cursed Key":17,"Blood Vial":29,"Nunchaku":24,"HornCleat":44,"WristBlade":34,"Mummified Hand":9,"Pantograph":9,"Philosopher\u0027s Stone":34,"MealTicket":0,"WingedGreaves":40,"Chemical X":0,"Ring of the Snake":0,"Pear":24,"The Specimen":47,"PreservedInsect":26,"Pen Nib":42,"Letter Opener":0,"SlaversCollar":17,"Anchor":55,"Shuriken":19,"Bird Faced Urn":14,"Turnip":11,"Toy Ornithopter":7,"Pocketwatch":40},{"Ice Cream":24,"TwistedFunnel":40,"Vajra":31,"Juzu Bracelet":23,"Ancient Tea Set":29,"Cursed Key":34,"Blood Vial":15,"Nunchaku":14,"HornCleat":21,"WristBlade":39,"Mummified Hand":30,"Pantograph":6,"Philosopher\u0027s Stone":17,"MealTicket":24,"WingedGreaves":20,"Chemical X":24,"Ring of the Snake":0,"Pear":36,"The Specimen":46,"PreservedInsect":14,"Pen Nib":44,"Letter Opener":24,"SlaversCollar":9,"Anchor":50,"Shuriken":35,"Bird Faced Urn":33,"Turnip":7,"Toy Ornithopter":5,"Pocketwatch":42},{"Ice Cream":139,"TwistedFunnel":189,"Vajra":158,"Juzu Bracelet":128,"Ancient Tea Set":154,"Cursed Key":170,"Blood Vial":83,"Nunchaku":77,"HornCleat":118,"WristBlade":186,"Mummified Hand":155,"Pantograph":27,"Philosopher\u0027s Stone":95,"MealTicket":139,"WingedGreaves":111,"Chemical X":139,"Ring of the Snake":0,"Pear":177,"The Specimen":218,"PreservedInsect":77,"Pen Nib":206,"Letter Opener":139,"SlaversCollar":51,"Anchor":248,"Shuriken":173,"Bird Faced Urn":165,"Turnip":34,"Toy Ornithopter":24,"Pocketwatch":197}],"Ring of the Snake":[102],"Pocketwatch":[33]},"card_choices":[{"not_picked":["Deadly Poison","PiercingWail"],"picked":"Blade Dance","floor":1},{"not_picked":["PiercingWail","Distraction"],"picked":"Blade Dance","floor":2},{"not_picked":["Dodge and Roll","Flying Knee"],"picked":"Dash","floor":3},{"not_picked":["Slice","Dagger Spray"],"picked":"Noxious Fumes","floor":5},{"not_picked":["Slice","Predator"],"picked":"PiercingWail","floor":6},{"not_picked":["Escape Plan","All Out Attack","Deflect"],"picked":"SKIP","floor":8},{"not_picked":["Choke","Bane"],"picked":"Night Terror","floor":11},{"not_picked":["Blade Dance","Sucker Punch","Cloak And Dagger"],"picked":"SKIP","floor":13},{"not_picked":["Outmaneuver","Choke","Blade Dance"],"picked":"SKIP","floor":14},{"not_picked":["Grand Finale","A Thousand Cuts"],"picked":"Wraith Form v2","floor":16},{"not_picked":["Deflect","Flechettes+1"],"picked":"Acrobatics+1","floor":18},{"not_picked":["Dagger Throw","Poisoned Stab","Quick Slash"],"picked":"SKIP","floor":24},{"not_picked":["Prepared","Reflex"],"picked":"Blade Dance+1","floor":28},{"not_picked":["Sucker Punch","Riddle With Holes","Escape Plan+1"],"picked":"SKIP","floor":30},{"not_picked":["Grand Finale","Venomology"],"picked":"Doppelganger","floor":33},{"not_picked":["Cloak And Dagger","Predator","Dodge and Roll"],"picked":"SKIP","floor":35},{"not_picked":["Dagger Throw","Predator+1","Prepared"],"picked":"SKIP","floor":37},{"not_picked":["Accuracy","Backstab"],"picked":"Catalyst","floor":40},{"not_picked":["Outmaneuver","Deflect","Cloak And Dagger"],"picked":"SKIP","floor":41},{"not_picked":["A Thousand Cuts","Deadly Poison","Flechettes"],"picked":"SKIP","floor":42},{"not_picked":["Quick Slash","Blur","Outmaneuver"],"picked":"SKIP","floor":45},{"not_picked":["Infinite Blades","Storm of Steel"],"picked":"Leg Sweep","floor":47},{"not_picked":["Endless Agony","Setup","Concentrate+1"],"picked":"SKIP","floor":48},{"not_picked":["Dash","Outmaneuver","Prepared+1"],"picked":"SKIP","floor":55}],"player_experience":1622574,"relics_obtained":[{"floor":6,"key":"Ancient Tea Set"},{"floor":9,"key":"Mummified Hand"},{"floor":11,"key":"Vajra"},{"floor":14,"key":"Bird Faced Urn"},{"floor":24,"key":"Pear"},{"floor":28,"key":"Blood Vial"},{"floor":40,"key":"Pocketwatch"},{"floor":42,"key":"Pen Nib"},{"floor":47,"key":"The Specimen"},{"floor":55,"key":"Anchor"}],"event_choices":[{"damage_healed":0,"gold_gain":100,"player_choice":"Gold","damage_taken":0,"max_hp_gain":0,"max_hp_loss":0,"event_name":"Wheel of Change","floor":7,"gold_loss":0},{"damage_healed":0,"gold_gain":50,"player_choice":"Pray","damage_taken":0,"max_hp_gain":0,"max_hp_loss":0,"event_name":"Golden Shrine","floor":10,"gold_loss":0},{"damage_healed":0,"gold_gain":0,"player_choice":"Obtained Relic","damage_taken":0,"relics_obtained":["Shuriken"],"max_hp_gain":0,"max_hp_loss":0,"event_name":"Addict","floor":19,"gold_loss":85},{"damage_healed":0,"gold_gain":0,"player_choice":"Ignored","damage_taken":0,"max_hp_gain":0,"max_hp_loss":0,"event_name":"The Mausoleum","floor":20,"gold_loss":0},{"damage_healed":0,"gold_gain":0,"player_choice":"Read","damage_taken":0,"max_hp_gain":0,"max_hp_loss":0,"event_name":"The Library","floor":21,"gold_loss":0,"cards_obtained":["Catalyst"]},{"damage_healed":0,"gold_gain":0,"player_choice":"Simplicity","damage_taken":0,"max_hp_gain":0,"max_hp_loss":0,"event_name":"Back to Basics","floor":25,"gold_loss":0,"cards_upgraded":["Strike_G","Strike_G","Strike_G","Strike_G","Defend_G","Defend_G","Defend_G","Defend_G","Defend_G"]},{"damage_healed":0,"gold_gain":0,"cards_transformed":["Strike_G"],"player_choice":"Transformed","damage_taken":0,"max_hp_gain":0,"max_hp_loss":0,"event_name":"Transmorgrifier","floor":31,"gold_loss":0,"cards_obtained":["Setup"]},{"cards_removed":["Strike_G"],"damage_healed":0,"gold_gain":0,"player_choice":"Removed Attack","damage_taken":0,"max_hp_gain":0,"max_hp_loss":0,"event_name":"Falling","floor":38,"gold_loss":0},{"damage_healed":0,"gold_gain":0,"player_choice":"Got Potions","damage_taken":0,"max_hp_gain":0,"max_hp_loss":0,"event_name":"Lab","floor":39,"gold_loss":0}],"is_beta":false,"boss_relics":[{"not_picked":["Ring of the Serpent","Sozu"],"picked":"Cursed Key"},{"not_picked":["Fusion Hammer","SacredBark"],"picked":"WristBlade"}],"items_purged_floors":[4,46],"is_endless":false,"potions_floor_spawned":[2,6,8,11,16,18,24,35,40,41,45,47,55],"killed_by":"The Heart","ascension_level":20}}