{"host":"nlbr7nnijupf3yfg","time":1613974434,"event":{"mods":["AchievementEnabler","BaseMod","BetterRewards","Card Forge","Colored Powertips","DeckTracker","Downfall","Hubris","Infinite Spire","Minty Spire (QoL Compilation)","Quick Restart","Relic Stats","Replay The Spire","Shop Mod","StSLib","SuperFastMode"],"gold_per_floor":[144,197,372,372,22,112,112,157,157,202,247,337,337,337,337,637,637,682,727,772,772,772],"floor_reached":21,"language":"ENG","playtime":355,"items_purged":[],"score":264,"play_id":"b70da10e-70c2-48e0-b8b3-c76472387e2f","local_time":"20210222011354","daily_mods":["Cursed Run","Red Cards","Midas"],"is_ascension_mode":false,"campfire_choices":[{"floor":7,"key":"REST"},{"floor":13,"key":"REST"},{"floor":15,"key":"REST"}],"circlet_count":0,"master_deck":["Strike_B","Strike_B+1","Strike_B+1","Strike_B","Defend_B","Defend_B","Defend_B","Defend_B","Zap","Dualcast","Carnage+1","Doubt","Barrage","Shrug It Off","Inflame","Combust","hubris:Lust","Capacitor","Conserve Battery","Shrug It Off","Pain","Normality","Feed","Defragment","Pummel","Offering"],"relics":["Cursed Key","Darkstone Periapt","Du-Vu Doll","Hammer of Thor","Seething Fire","Anvil of the Gods","Snack Pack","BargainBundle","Whetstone","Question Card","Replay:Bottled Eggs","Replay:Wax Seal","WarpedTongs","Nuclear Battery"],"acts_visited":["Exordium","TheCity"],"potions_floor_usage":[19,20,20,20],"damage_taken":[{"damage":1,"enemies":"2 Louse","floor":1,"turns":2},{"damage":7,"enemies":"Replay:BlueRogue","floor":6,"turns":4},{"damage":7,"enemies":"Small Slimes","floor":8,"turns":3},{"damage":9,"enemies":"Jaw Worm","floor":10,"turns":2},{"damage":14,"enemies":"2 Fungi Beasts","floor":11,"turns":3},{"damage":28,"enemies":"Gremlin Nob","floor":12,"turns":4},{"damage":59,"enemies":"The Guardian","floor":16,"turns":11},{"damage":18,"enemies":"Chosen","floor":18,"turns":5},{"damage":21,"enemies":"2 Thieves","floor":19,"turns":3},{"damage":69,"enemies":"Chosen and Byrds","floor":20,"turns":7},{"damage":6,"enemies":"Centurion and Healer","floor":21,"turns":1}],"seed_played":"-9004314451342404475","potions_obtained":[{"floor":19,"key":"Strength Potion"}],"is_trial":false,"path_per_floor":["M","?","?","?","$","E","R","M","T","M","M","E","R","?","R","B",null,"M","M","M","M"],"character_chosen":"DEFECT","items_purchased":["BargainBundle","Whetstone","Barrage","Shrug It Off","sneckomod:MuddlingPotion","Death Potion","Adrenaline Potion"],"campfire_rested":3,"item_purchase_floors":[5,5,5,5,5,5,5],"current_hp_per_floor":[74,74,80,80,80,73,81,74,80,71,57,29,55,61,88,39,99,85,68,1,0,0],"gold":772,"neow_bonus":"","is_daily":true,"chose_seed":false,"campfire_upgraded":0,"win_rate":0.0,"timestamp":1613974434,"path_taken":["M","?","?","?","$","E","R","M","T","M","?","E","R","?","R","BOSS","M","M","?","M"],"items_purchased_type":["Relic","Relic","Card","Card","Potion","Potion","Potion"],"build_version":"2020-12-22","purchased_purges":0,"victory":false,"max_hp_per_floor":[75,75,81,81,81,81,81,81,87,87,87,87,87,93,93,99,99,103,107,107,107,107],"relic_stats":{"Darkstone Periapt":24,"counters":[11,45],"Whetstone":["Strike_B","Strike_B"],"Cursed Key":1,"Question Card":10,"obtain_stats":[{"Darkstone Periapt":0,"BargainBundle":5,"Hammer of Thor":0,"Seething Fire":0,"Whetstone":5,"Cursed Key":0,"Question Card":6,"WarpedTongs":14,"Nuclear Battery":17,"Du-Vu Doll":0,"Anvil of the Gods":0,"Snack Pack":4,"Replay:Bottled Eggs":9,"Replay:Wax Seal":12},{"Darkstone Periapt":0,"BargainBundle":1,"Hammer of Thor":0,"Seething Fire":0,"Whetstone":1,"Cursed Key":0,"Question Card":2,"WarpedTongs":6,"Nuclear Battery":7,"Du-Vu Doll":0,"Anvil of the Gods":0,"Snack Pack":1,"Replay:Bottled Eggs":3,"Replay:Wax Seal":6},{"Darkstone Periapt":0,"BargainBundle":2,"Hammer of Thor":0,"Seething Fire":0,"Whetstone":2,"Cursed Key":0,"Question Card":6,"WarpedTongs":18,"Nuclear Battery":29,"Du-Vu Doll":0,"Anvil of the Gods":0,"Snack Pack":2,"Replay:Bottled Eggs":9,"Replay:Wax Seal":18}],"WarpedTongs":[27]},"card_choices":[{"not_picked":["hubris:SharpeningStone","Armaments"],"picked":"Carnage","floor":1},{"not_picked":["ReplayTheSpireMod:Calculation Training","Abandon"],"picked":"Inflame","floor":6},{"not_picked":["Armaments","Cleave","hubris:ReadiedAction"],"picked":"Combust","floor":8},{"not_picked":["Hologram","Ghostly Armor","hubris:CleavingFinish"],"picked":"Capacitor","floor":10},{"not_picked":["Go for the Eyes","hubris:ReadiedAction","True Grit"],"picked":"Conserve Battery","floor":11},{"not_picked":["Panic Button","Reboot","Compile Driver"],"picked":"Shrug It Off","floor":12},{"not_picked":["ReplayTheSpireMod:Omega Cannon","hubris:Prefetch","All For One"],"picked":"Feed","floor":16},{"not_picked":["True Grit","FIFO Queue","Anger+1"],"picked":"Defragment","floor":18},{"not_picked":["Sword Boomerang","Armaments","Shrug It Off"],"picked":"Pummel","floor":19},{"not_picked":["Rebound","Coolheaded+1","Barrage"],"picked":"Offering","floor":20}],"player_experience":116537,"relics_obtained":[{"floor":4,"key":"Snack Pack"},{"floor":6,"key":"Question Card"},{"floor":9,"key":"Replay:Bottled Eggs"},{"floor":12,"key":"Replay:Wax Seal"}],"event_choices":[{"damage_healed":0,"gold_gain":53,"player_choice":"Gained Gold","damage_taken":0,"max_hp_gain":0,"max_hp_loss":0,"event_name":"Golden Wing","floor":2,"gold_loss":0},{"damage_healed":0,"gold_gain":175,"player_choice":"AGREE","damage_taken":0,"max_hp_gain":0,"max_hp_loss":0,"event_name":"Liars Game","floor":3,"gold_loss":0,"cards_obtained":["Doubt"]},{"damage_healed":0,"gold_gain":0,"player_choice":"Rummage","damage_taken":0,"relics_obtained":["WarpedTongs"],"max_hp_gain":0,"max_hp_loss":0,"event_name":"Accursed Blacksmith","floor":14,"gold_loss":0,"cards_obtained":["Pain"]}],"is_beta":false,"boss_relics":[{"not_picked":["hubris:TerracottaHorce","hubris:VirtuousBlindfold"],"picked":"Nuclear Battery"}],"items_purged_floors":[],"is_endless":false,"potions_floor_spawned":[11,12,16,19],"killed_by":"Centurion and Healer","ascension_level":0}}