{"host":"k0d0avqto4hu4k85","time":1613964739,"event":{"mods":["AchievementEnabler","BaseMod","BetterRewards","Colored Map","Colored Powertips","Minty Spire (QoL Compilation)"],"gold_per_floor":[116,134,154,154,165,165,192,209,209,226,239,239,265,284,284,381,381,395,425,11,11,31,31,41,41,94,104,68,85,99,109,109,206,206,206],"floor_reached":34,"language":"ENG","playtime":1615,"items_purged":[],"score":389,"play_id":"2a9281e4-ee31-4f02-a89c-d9775bca0c4d","local_time":"20210221223219","is_ascension_mode":true,"campfire_choices":[{"data":"Noxious Fumes","floor":6.0,"key":"SMITH"},{"floor":12.0,"key":"REST"},{"floor":15.0,"key":"REST"},{"floor":23.0,"key":"RECALL"},{"floor":25.0,"key":"REST"},{"floor":32.0,"key":"REST"}],"circlet_count":0,"master_deck":["Strike_G","Strike_G","Strike_G","Strike_G","Strike_G","Defend_G","Defend_G","Defend_G","Defend_G","Defend_G","Survivor","Neutralize","Backstab","Deflect","Noxious Fumes+1","A Thousand Cuts","Blade Dance","Dagger Spray","Flying Knee","Adrenaline","Deflect","Bouncing Flask+1","Footwork","Leg Sweep","Slice+1","Deflect+1","Riddle With Holes","Slice+1","Backstab+1","Burst"],"relics":["Ring of the Serpent","Tiny Chest","Bag of Preparation","MealTicket","Red Mask","Lee\u0027s Waffle","Oddly Smooth Stone","SlaversCollar"],"acts_visited":["Exordium","TheCity","TheBeyond"],"potions_floor_usage":[],"damage_taken":[{"damage":0.0,"enemies":"2 Louse","floor":1.0,"turns":3.0},{"damage":1.0,"enemies":"Jaw Worm","floor":2.0,"turns":5.0},{"damage":0.0,"enemies":"Small Slimes","floor":3.0,"turns":4.0},{"damage":0.0,"enemies":"Exordium Thugs","floor":5.0,"turns":4.0},{"damage":45.0,"enemies":"Gremlin Nob","floor":7.0,"turns":6.0},{"damage":0.0,"enemies":"Large Slime","floor":8.0,"turns":4.0},{"damage":11.0,"enemies":"3 Louse","floor":10.0,"turns":3.0},{"damage":4.0,"enemies":"2 Fungi Beasts","floor":11.0,"turns":3.0},{"damage":20.0,"enemies":"3 Sentries","floor":13.0,"turns":6.0},{"damage":0.0,"enemies":"Exordium Thugs","floor":14.0,"turns":4.0},{"damage":42.0,"enemies":"Hexaghost","floor":16.0,"turns":10.0},{"damage":28.0,"enemies":"2 Thieves","floor":18.0,"turns":3.0},{"damage":24.0,"enemies":"Masked Bandits","floor":19.0,"turns":5.0},{"damage":0.0,"enemies":"Chosen","floor":22.0,"turns":6.0},{"damage":21.0,"enemies":"Snake Plant","floor":24.0,"turns":6.0},{"damage":14.0,"enemies":"Shelled Parasite and Fungi","floor":27.0,"turns":7.0},{"damage":7.0,"enemies":"Cultist and Chosen","floor":29.0,"turns":6.0},{"damage":10.0,"enemies":"Chosen and Byrds","floor":30.0,"turns":7.0},{"damage":8.0,"enemies":"Shelled Parasite and Fungi","floor":31.0,"turns":5.0},{"damage":29.0,"enemies":"Collector","floor":33.0,"turns":9.0}],"seed_played":"-7318690978556661122","potions_obtained":[{"floor":1.0,"key":"Fire Potion"},{"floor":2.0,"key":"BlessingOfTheForge"},{"floor":3.0,"key":"FairyPotion"},{"floor":8.0,"key":"GamblersBrew"},{"floor":19.0,"key":"BlessingOfTheForge"},{"floor":22.0,"key":"SkillPotion"},{"floor":33.0,"key":"SpeedPotion"}],"is_trial":false,"path_per_floor":["M","M","M","?","M","R","E","M","T","M","M","R","E","M","R","B",null,"M","?","$","?","M","R","M","R","T","M","$","M","M","M","R","B",null],"character_chosen":"THE_SILENT","items_purchased":["Lee\u0027s Waffle","Oddly Smooth Stone","Footwork","Leg Sweep","Riddle With Holes"],"campfire_rested":4,"item_purchase_floors":[20,20,20,20,28],"current_hp_per_floor":[77,76,76,76,76,76,31,31,31,20,16,39,19,19,42,23,77,49,25,84,84,84,84,63,84,84,70,84,77,67,59,84,55,84,84],"gold":206,"neow_bonus":"TEN_PERCENT_HP_BONUS","is_daily":false,"chose_seed":false,"campfire_upgraded":1,"win_rate":0.0,"timestamp":1613964739,"path_taken":["M","M","M","?","M","R","E","M","T","M","M","R","E","M","R","BOSS","M","?","$","?","M","R","M","R","T","M","$","M","M","M","R","BOSS"],"items_purchased_type":["Relic","Relic","Card","Card","Card"],"build_version":"2020-12-22","purchased_purges":0,"victory":false,"max_hp_per_floor":[77,77,77,77,77,77,77,77,77,77,77,77,77,77,77,77,77,77,77,84,84,84,84,84,84,84,84,84,84,84,84,84,84,84,84],"card_choices":[{"not_picked":["Distraction","Bane","Underhanded Strike"],"picked":"SKIP","floor":1.0},{"not_picked":["Well Laid Plans","Deadly Poison"],"picked":"Backstab","floor":2.0},{"not_picked":["Outmaneuver","Sucker Punch"],"picked":"Deflect","floor":3.0},{"not_picked":["Backflip","Dodge and Roll"],"picked":"Noxious Fumes","floor":5.0},{"not_picked":["Dash","Footwork"],"picked":"A Thousand Cuts","floor":7.0},{"not_picked":["Calculated Gamble","Endless Agony","Underhanded Strike"],"picked":"SKIP","floor":8.0},{"not_picked":["Bouncing Flask","Underhanded Strike"],"picked":"Blade Dance","floor":10.0},{"not_picked":["Bane","Catalyst"],"picked":"Dagger Spray","floor":11.0},{"not_picked":["Corpse Explosion","Underhanded Strike","Concentrate"],"picked":"SKIP","floor":13.0},{"not_picked":["Dagger Throw","Dagger Spray"],"picked":"Flying Knee","floor":14.0},{"not_picked":["Night Terror","Burst"],"picked":"Adrenaline","floor":16.0},{"not_picked":["Dodge and Roll","Predator"],"picked":"Deflect","floor":18.0},{"not_picked":["Endless Agony","Sucker Punch+1"],"picked":"Bouncing Flask+1","floor":19.0},{"not_picked":["Finisher","Noxious Fumes"],"picked":"Slice+1","floor":22.0},{"not_picked":["Underhanded Strike+1","Poisoned Stab","Slice"],"picked":"SKIP","floor":24.0},{"not_picked":["Escape Plan","Tactician+1"],"picked":"Deflect+1","floor":27.0},{"not_picked":["Dagger Throw+1","Bouncing Flask","Backflip"],"picked":"SKIP","floor":29.0},{"not_picked":["Footwork","Blade Dance"],"picked":"Slice+1","floor":30.0},{"not_picked":["Dodge and Roll","Prepared"],"picked":"Backstab+1","floor":31.0},{"not_picked":["Storm of Steel","Night Terror"],"picked":"Burst","floor":33.0}],"player_experience":1173688,"relics_obtained":[{"floor":7.0,"key":"Tiny Chest"},{"floor":9.0,"key":"Bag of Preparation"},{"floor":13.0,"key":"MealTicket"},{"floor":19.0,"key":"Red Mask"}],"event_choices":[{"damage_healed":0.0,"max_hp_gain":0.0,"max_hp_loss":0.0,"gold_gain":0.0,"event_name":"Liars Game","player_choice":"Ignored","floor":4.0,"gold_loss":0.0,"damage_taken":0.0},{"damage_healed":0.0,"max_hp_gain":0.0,"max_hp_loss":0.0,"gold_gain":0.0,"event_name":"Masked Bandits","player_choice":"Fought Bandits","floor":19.0,"gold_loss":0.0,"damage_taken":0.0}],"is_beta":false,"boss_relics":[{"not_picked":["Velvet Choker","Empty Cage"],"picked":"Ring of the Serpent"},{"not_picked":["Coffee Dripper","Busted Crown"],"picked":"SlaversCollar"}],"items_purged_floors":[],"is_endless":false,"potions_floor_spawned":[1,2,3,8,19,22,27,33],"ascension_level":1}}