{"host":"w14xfy17z3c5mpoi","time":1613958747,"event":{"mods":["AchievementEnabler","BaseMod","Minty Spire (QoL Compilation)","Relic Stats"],"gold_per_floor":[109,129,141,154,27,43,56,88,88,88,114,131,131,150,150,254,254,273,273,284,43,142,142,142],"floor_reached":23,"language":"ENG","playtime":896,"items_purged":["Strike_G"],"score":328,"play_id":"1b12ab7b-8005-4eea-9d3c-cf7546d5c580","local_time":"20210221205227","is_ascension_mode":true,"campfire_choices":[{"floor":10,"key":"REST"},{"data":"Phantasmal Killer","floor":15,"key":"SMITH"}],"circlet_count":0,"master_deck":["AscendersBane","Strike_G","Defend_G","Defend_G","Defend_G","Defend_G","Defend_G","Survivor","Neutralize","Phantasmal Killer+1","Dagger Spray","Flying Knee","Terror","Leg Sweep","Blade Dance","Blade Dance","Slice","Burst","Prepared+1","Grand Finale","Slice"],"relics":["Ring of the Snake","Pen Nib","Letter Opener","Paper Crane","Empty Cage","Molten Egg 2"],"acts_visited":["Exordium","TheCity"],"potions_floor_usage":[4,8,11,11,23,23],"damage_taken":[{"damage":2,"enemies":"Cultist","floor":1,"turns":4},{"damage":1,"enemies":"2 Louse","floor":2,"turns":3},{"damage":8,"enemies":"Small Slimes","floor":3,"turns":4},{"damage":0,"enemies":"Blue Slaver","floor":4,"turns":2},{"damage":0,"enemies":"Large Slime","floor":6,"turns":4},{"damage":22,"enemies":"Lots of Slimes","floor":7,"turns":3},{"damage":19,"enemies":"3 Sentries","floor":8,"turns":8},{"damage":24,"enemies":"Gremlin Nob","floor":11,"turns":4},{"damage":6,"enemies":"3 Louse","floor":12,"turns":3},{"damage":17,"enemies":"Looter","floor":14,"turns":3},{"damage":15,"enemies":"Hexaghost","floor":16,"turns":9},{"damage":27,"enemies":"Spheric Guardian","floor":18,"turns":4},{"damage":31,"enemies":"Chosen","floor":20,"turns":5},{"damage":29,"enemies":"3 Cultists","floor":23,"turns":4}],"seed_played":"269477831487358035","potions_obtained":[{"floor":1,"key":"SkillPotion"},{"floor":3,"key":"Fire Potion"},{"floor":7,"key":"Fire Potion"},{"floor":8,"key":"Weak Potion"},{"floor":14,"key":"Energy Potion"},{"floor":16,"key":"Ancient Potion"},{"floor":20,"key":"Regen Potion"}],"is_trial":false,"path_per_floor":["M","M","M","M","$","M","M","E","T","R","E","M","?","M","R","B",null,"M","?","M","$","?","M"],"character_chosen":"THE_SILENT","items_purchased":["AttackPotion","Molten Egg 2"],"campfire_rested":1,"item_purchase_floors":[5,21],"current_hp_per_floor":[61,60,52,52,52,52,30,11,11,32,8,2,70,53,53,38,62,35,35,4,4,4,0,0],"gold":142,"neow_bonus":"ONE_RANDOM_RARE_CARD","is_daily":false,"chose_seed":false,"campfire_upgraded":1,"win_rate":0.0,"timestamp":1613958747,"path_taken":["M","M","M","M","$","?","M","E","T","R","E","M","?","M","R","BOSS","M","?","?","$","?","M"],"items_purchased_type":["Potion","Relic"],"build_version":"2020-12-22","purchased_purges":1,"victory":false,"max_hp_per_floor":[70,70,70,70,70,70,70,70,70,70,70,70,70,70,70,70,70,70,70,70,70,70,70,70],"relic_stats":{"counters":[14,60],"Pen Nib":[8],"Letter Opener":[43],"obtain_stats":[{"Molten Egg 2":21,"Pen Nib":8,"Letter Opener":9,"Paper Crane":11,"Empty Cage":17,"Ring of the Snake":0},{"Molten Egg 2":13,"Pen Nib":7,"Letter Opener":7,"Paper Crane":8,"Empty Cage":11,"Ring of the Snake":0},{"Molten Egg 2":56,"Pen Nib":28,"Letter Opener":28,"Paper Crane":32,"Empty Cage":47,"Ring of the Snake":0}],"Ring of the Snake":[28]},"card_choices":[{"not_picked":["Deflect","Finisher"],"picked":"Eviscerate","floor":1},{"not_picked":["Cloak And Dagger","Bane"],"picked":"Dagger Spray","floor":2},{"not_picked":["Blur","Caltrops","Deadly Poison"],"picked":"SKIP","floor":3},{"not_picked":["Finisher","PiercingWail"],"picked":"Flying Knee","floor":4},{"not_picked":["Deflect","Poisoned Stab","Blur"],"picked":"SKIP","floor":6},{"not_picked":["Deflect","Poisoned Stab","Blur"],"picked":"SKIP","floor":6},{"not_picked":["Poisoned Stab","Flying Knee"],"picked":"Terror","floor":7},{"not_picked":["Doppelganger","Bane"],"picked":"Leg Sweep","floor":8},{"not_picked":["Outmaneuver","Bullet Time"],"picked":"Blade Dance","floor":11},{"not_picked":["Dagger Spray","Outmaneuver"],"picked":"Blade Dance","floor":12},{"not_picked":["Calculated Gamble","Deflect"],"picked":"Slice","floor":14},{"not_picked":["Unload","Storm of Steel"],"picked":"Burst","floor":16},{"not_picked":["Caltrops","Quick Slash"],"picked":"Prepared+1","floor":18},{"not_picked":["Deadly Poison","Poisoned Stab"],"picked":"Slice","floor":20}],"player_experience":757867,"relics_obtained":[{"floor":8,"key":"Pen Nib"},{"floor":9,"key":"Letter Opener"},{"floor":11,"key":"Paper Crane"}],"event_choices":[{"cards_removed":["Eviscerate"],"damage_healed":68,"gold_gain":0,"player_choice":"Offered Uncommon","damage_taken":0,"max_hp_gain":0,"max_hp_loss":0,"event_name":"Bonfire Elementals","floor":13,"gold_loss":0},{"damage_healed":0,"gold_gain":0,"cards_transformed":["Strike_G"],"player_choice":"Transformed","damage_taken":0,"max_hp_gain":0,"max_hp_loss":0,"event_name":"Transmorgrifier","floor":19,"gold_loss":0,"cards_obtained":["Grand Finale"]},{"damage_healed":0,"gold_gain":99,"player_choice":"Stole From Cult","damage_taken":0,"max_hp_gain":0,"max_hp_loss":0,"event_name":"Nest","floor":22,"gold_loss":0}],"is_beta":false,"boss_relics":[{"not_picked":["Runic Dome","Ring of the Serpent"],"picked":"Empty Cage"}],"items_purged_floors":[5],"is_endless":false,"potions_floor_spawned":[1,3,7,8,14,16,20],"killed_by":"3 Cultists","ascension_level":12}}