{"host":"6pic12dj9p7186mz","time":1613990829,"event":{"mods":["BaseMod","Minty Spire (QoL Compilation)","Permanent Neow","Relic Stats","StSLib"],"gold_per_floor":[109,129,129,140,140,140,173,7,7,7,7],"floor_reached":10,"language":"ENG","playtime":337,"items_purged":[],"score":76,"play_id":"fe272654-0fb9-435b-affe-45184ba82db8","local_time":"20210222044709","is_ascension_mode":true,"campfire_choices":[{"data":"Dualcast","floor":6,"key":"SMITH"}],"circlet_count":0,"master_deck":["Strike_B","Strike_B","Strike_B","Defend_B","Defend_B","Defend_B","Defend_B","Zap","Dualcast+1","Apotheosis+1","Ball Lightning","Leap","Amplify","Turbo","Static Discharge","Storm","Glacier","Sweeping Beam"],"relics":["Cracked Core","Calipers","FossilizedHelix"],"acts_visited":["Exordium"],"potions_floor_usage":[],"damage_taken":[{"damage":4,"enemies":"Jaw Worm","floor":1,"turns":4},{"damage":1,"enemies":"Cultist","floor":2,"turns":3},{"damage":2,"enemies":"2 Louse","floor":4,"turns":2},{"damage":46,"enemies":"3 Sentries","floor":7,"turns":9},{"damage":13,"enemies":"Gremlin Nob","floor":10,"turns":3}],"seed_played":"8295634683101607992","potions_obtained":[],"is_trial":false,"path_per_floor":["M","M","?","M","?","R","E","$","T","E"],"character_chosen":"DEFECT","items_purchased":["Storm","Glacier","Sweeping Beam"],"campfire_rested":0,"item_purchase_floors":[8,8,8],"current_hp_per_floor":[50,49,49,47,47,47,1,1,1,0,0],"gold":7,"neow_bonus":"RANDOM_COLORLESS_2","is_daily":false,"chose_seed":false,"campfire_upgraded":1,"win_rate":0.0,"timestamp":1613990829,"path_taken":["M","M","?","M","?","R","E","$","T","E"],"items_purchased_type":["Card","Card","Card"],"build_version":"2020-12-22","purchased_purges":0,"victory":false,"max_hp_per_floor":[75,75,75,75,75,75,75,75,75,75,75],"relic_stats":{"counters":[5,21],"obtain_stats":[{"Calipers":7,"Cracked Core":0,"FossilizedHelix":9},{"Calipers":4,"Cracked Core":0,"FossilizedHelix":4},{"Calipers":18,"Cracked Core":0,"FossilizedHelix":18}]},"card_choices":[{"not_picked":["Panache","Magnetism"],"picked":"Apotheosis","floor":0},{"not_picked":["Streamline","Recycle"],"picked":"Ball Lightning","floor":1},{"not_picked":["Hello World","Redo"],"picked":"Leap","floor":2},{"not_picked":["Hologram","Beam Cell"],"picked":"Turbo","floor":4},{"not_picked":["Blizzard","Thunder Strike"],"picked":"Static Discharge","floor":7}],"player_experience":46394,"relics_obtained":[{"floor":7,"key":"Calipers"},{"floor":9,"key":"FossilizedHelix"}],"event_choices":[{"damage_healed":0,"gold_gain":0,"cards_transformed":["Strike_B"],"player_choice":"Change","damage_taken":0,"max_hp_gain":0,"max_hp_loss":0,"event_name":"Living Wall","floor":3,"gold_loss":0,"cards_obtained":["Amplify"]},{"damage_healed":0,"gold_gain":0,"player_choice":"Upgraded","damage_taken":0,"max_hp_gain":0,"max_hp_loss":0,"event_name":"Upgrade Shrine","floor":5,"gold_loss":0,"cards_upgraded":["Apotheosis"]}],"is_beta":false,"boss_relics":[],"items_purged_floors":[],"is_endless":false,"potions_floor_spawned":[],"killed_by":"Gremlin Nob","ascension_level":3}}