{"host":"o3b7ow6d1xe49css","time":1613958213,"event":{"mods":["Act Like it!","Aspiration","BaseMod","Bestiary","Better Altar","Better Match","Better Note","Better Sensory Stone","Better Skull","Better Third Choice","Colored Powertips","Conspire","Energized Spire","Force Act Four","GifTheSpireLib","Halation","Hermit","Hubris","Infinite Spire","Lobotomy","Minty Spire (QoL Compilation)","Quick Restart","Rare Cards Sparkle","Relic Filter Mod","Reliquary","Replay The Spire","Spicy Shops","Spikes Relics","StSLib","Stuff the Spire","The Blue Laboratory","The Hierophant","The Jungle","Wandering Minibosses"],"gold_per_floor":[118,137,129,129,129,129,157,157,157,182,1,17,17,83,83,243,243,255,290,290,290,290,317,364,364,387,74,74,97,121,121,175,267,267,277,90,117,943,943,998,312,312,362,400,431,431,462,462,462,502,514,514,17,47,150],"floor_reached":56,"language":"ENG","playtime":1959,"items_purged":["Strike_R","Strike_R","Strike_R","Delirium","ReplayTheSpireMod:Restless Dread","Scorched","Doubt"],"score":1650,"play_id":"a1878640-5b53-4277-9249-7fa2b21c924f","local_time":"20210221164333","daily_mods":["Heirloom","Flight"],"is_ascension_mode":true,"campfire_choices":[{"data":"True Grit","floor":6,"key":"SMITH"},{"data":"Burning Pact","floor":8,"key":"SMITH"},{"data":"Inflame","floor":13,"key":"SMITH"},{"data":"Twin Strike","floor":15,"key":"SMITH"},{"data":"Feed","floor":28,"key":"SMITH"},{"floor":46,"key":"RECALL"},{"data":"Anger","floor":49,"key":"SMITH"},{"data":"Battle Trance","floor":52,"key":"SMITH"}],"circlet_count":0,"master_deck":["Strike_R","Defend_R","Defend_R","Defend_R","Bash","Burning Pact+1","True Grit+1","UniverseFragment","Hemokinesis+1","Headbutt","Inflame+1","Twin Strike+1","Anger+1","Feed+1","ReplayTheSpireMod:Stacked+1","Sword Boomerang+1","Spot Weakness","Absolvement+1","Sentinel+1","Absolvement+1","Offering+1","StuffTheSpire:Slingshot+1","Battle Trance+1","Flex+1","Replay:BasicMightCard+1","Feel No Pain+1","Feel No Pain+1"],"relics":["Black Blood","Ring of Chaos","Charon\u0027s Ashes","CogitoBucket","Juzu Bracelet","conspire:BottledYoYo","MiniBlackHole","ChangeAnything","Blood Vial","energizedSpire:CursedPentagram","Frozen Egg 2","reliquary:SharkskinSheath","halation:EternalFortune","reliquary:PrincelyHelmet","conspire:Boomerang","hubris:Towel","halation:Thesaurus","Gremlin Food","wanderingMiniBosses:MasterThiefsPresence","hubris:IronBody","PreservedInsect","Gremlin Horn","halation:NonexistentMirror","Whetstone","Singing Bowl","hubris:TenFootPole","Omamori","hubris:ToyBattleship","Runic Pyramid","infinitespire:EmpoweringShard","hubris:CuriousFeather"],"acts_visited":["Exordium","Exordium","TheBeyond","TheEnding"],"potions_floor_usage":[10,16,33,35,47,55,55],"damage_taken":[{"damage":5,"enemies":"conspire:RoseBush","floor":1,"turns":5},{"damage":0,"enemies":"Cultist","floor":2,"turns":2},{"damage":0,"enemies":"Jaw Worm","floor":3,"turns":5},{"damage":11,"enemies":"3 Sentries","floor":7,"turns":3},{"damage":20,"enemies":"Lagavulin","floor":10,"turns":5},{"damage":0,"enemies":"Red Slaver","floor":12,"turns":1},{"damage":15,"enemies":"Replay:BlueRogue","floor":14,"turns":5},{"damage":30,"enemies":"Slime Boss","floor":16,"turns":7},{"damage":2,"enemies":"theJungle:MUSHROOMGANG","floor":18,"turns":2},{"damage":15,"enemies":"theJungle:Flameango_and_Byrd","floor":19,"turns":3},{"damage":0,"enemies":"theJungle:MamaSnecko","floor":23,"turns":3},{"damage":26,"enemies":"theJungle:Cassacara","floor":24,"turns":3},{"damage":1,"enemies":"theJungle:2_Phrogs","floor":29,"turns":5},{"damage":7,"enemies":"Nightmare","floor":30,"turns":4},{"damage":20,"enemies":"theJungle:FunGuy","floor":33,"turns":6},{"damage":23,"enemies":"3 Darklings","floor":35,"turns":3},{"damage":23,"enemies":"3 Shapes","floor":37,"turns":2},{"damage":45,"enemies":"Spire Growth","floor":38,"turns":4},{"damage":8,"enemies":"Nemesis","floor":40,"turns":3},{"damage":3,"enemies":"Reptomancer","floor":44,"turns":2},{"damage":6,"enemies":"R_Hoarder","floor":45,"turns":4},{"damage":6,"enemies":"Giant Head","floor":47,"turns":3},{"damage":27,"enemies":"Replay:Hell Engine","floor":50,"turns":5},{"damage":0,"enemies":"Awakened One","floor":51,"turns":1},{"damage":10,"enemies":"Shield and Spear","floor":54,"turns":2},{"damage":16,"enemies":"The Heart","floor":55,"turns":7}],"seed_played":"6958212094113593407","potions_obtained":[{"floor":3,"key":"conspire:TimeTravelPotion"},{"floor":7,"key":"LiquidBronze"},{"floor":14,"key":"blueLaboratory:FrostheartPotion"},{"floor":18,"key":"Elixir"},{"floor":23,"key":"Elixir"},{"floor":33,"key":"blueLaboratory:HeartbeatPotion"},{"floor":40,"key":"LiquidBronze"},{"floor":47,"key":"GamblersBrew"},{"floor":54,"key":"SkillPotion"}],"is_trial":true,"path_per_floor":["M","M","M","?","$","R","E","R","T","E","$","M","R","E","R","B",null,"M","M","AVR","?","?","E","E","?","T","$","R","E","NM","?","R","B",null,"M","$","M","M","?","E","$","AVR","T","E","E","R","E","?","R","B","M","R","$","E","B",null],"character_chosen":"IRONCLAD","items_purchased":["Inflame","Absolvement+1","halation:Thesaurus","PreservedInsect","Replay:BasicMightCard+1","Swift Potion","Gremlin Horn","Feel No Pain+1","infinitespire:EmpoweringShard"],"campfire_rested":0,"item_purchase_floors":[11,27,36,41,41,41,41,53,53],"current_hp_per_floor":[80,80,80,80,80,80,75,75,75,80,80,80,80,71,71,49,72,80,75,75,75,75,83,64,67,67,67,67,74,75,75,75,66,84,80,80,71,40,40,49,49,49,49,63,73,73,83,83,83,73,102,102,102,111,107],"gold":150,"neow_bonus":"","is_daily":false,"chose_seed":false,"campfire_upgraded":7,"win_rate":0.0,"timestamp":1613958213,"path_taken":["M","M","M","?","$","R","E","R","T","E","$","M","R","E","R","BOSS","M","M","AVR","?","?","E","E","?","T","$","R","E","NM","?","R","BOSS","M","$","M","M","?","E","$","AVR","T","E","E","R","E","?","R","BOSS","R","$","E","BOSS"],"items_purchased_type":["Card","Card","Relic","Relic","Card","Potion","Relic","Card","Relic"],"build_version":"2020-12-22","purchased_purges":7,"victory":true,"max_hp_per_floor":[80,80,80,80,80,80,80,80,80,80,80,80,80,80,80,80,80,82,84,84,84,84,84,84,87,87,87,87,87,87,87,87,90,90,93,93,93,93,93,96,96,96,96,99,101,101,103,103,103,106,106,106,106,111,111],"card_choices":[{"not_picked":["BeautyBeast","MeatLantern"],"picked":"Scorched","floor":1},{"not_picked":["Whirlwind","Flex"],"picked":"Burning Pact","floor":1},{"not_picked":["Pummel","conspire:Charge"],"picked":"True Grit","floor":2},{"not_picked":["RedShoes","SpiderBud"],"picked":"UniverseFragment","floor":2},{"not_picked":["conspire:Charge","Abandon"],"picked":"Hemokinesis","floor":3},{"not_picked":["VoidDream","WhitesApple","MeatLantern"],"picked":"Singing Bowl","floor":3},{"not_picked":["Wild Strike","Sword Boomerang"],"picked":"Headbutt","floor":7},{"not_picked":["OSAHOGD","BeautyBeast","PunishingBird"],"picked":"Singing Bowl","floor":10},{"not_picked":["Intimidate","Warcry","StuffTheSpire:TitanForm"],"picked":"SKIP","floor":10},{"not_picked":["Burning Pact","ReplayTheSpireMod:Strike From Hell"],"picked":"Twin Strike","floor":12},{"not_picked":["ReplayTheSpireMod:Corrosion Curse","ReplayTheSpireMod:Stacked"],"picked":"Anger","floor":14},{"not_picked":["Brutality","Impervious"],"picked":"Feed","floor":16},{"not_picked":["Perfected Strike","ReplayReversal+1"],"picked":"ReplayTheSpireMod:Stacked+1","floor":18},{"not_picked":["Warcry","Armaments"],"picked":"Sword Boomerang","floor":19},{"not_picked":["Rupture+1","Rage"],"picked":"Spot Weakness","floor":23},{"not_picked":["Blood for Blood+1","StuffTheSpire:Pyroclast","Twin Strike"],"picked":"SKIP","floor":24},{"not_picked":["Twin Strike","StuffTheSpire:Slingshot"],"picked":"Sentinel+1","floor":29},{"not_picked":["Perfected Strike","Body Slam"],"picked":"Absolvement+1","floor":30},{"not_picked":["Double Tap","Limit Break"],"picked":"Offering","floor":33},{"not_picked":["Absolvement+1","Whirlwind"],"picked":"StuffTheSpire:Slingshot+1","floor":35},{"not_picked":["Demonic Infusion","StuffTheSpire:RockThrow+1"],"picked":"Battle Trance","floor":37},{"not_picked":["Rupture+1","Massacre"],"picked":"Flex+1","floor":38},{"not_picked":["Rupture+1","Second Wind","ReplayReversal+1"],"picked":"SKIP","floor":40},{"not_picked":["Perfected Strike","Warcry+1","Rupture+1"],"picked":"SKIP","floor":44},{"not_picked":["Rampage+1","Massacre+1","Heavy Blade+1"],"picked":"Singing Bowl","floor":45},{"not_picked":["Feed","Perfected Strike+1","Massacre"],"picked":"Singing Bowl","floor":47},{"not_picked":["Pummel+1","Sentinel","StuffTheSpire:BloodClot+1"],"picked":"SKIP","floor":51},{"not_picked":["Massacre","Entrench","ReplayTheSpireMod:Strike From Hell+1"],"picked":"Singing Bowl","floor":54}],"player_experience":1448813,"relics_obtained":[{"floor":7,"key":"Juzu Bracelet"},{"floor":9,"key":"conspire:BottledYoYo"},{"floor":10,"key":"MiniBlackHole"},{"floor":14,"key":"Blood Vial"},{"floor":23,"key":"reliquary:SharkskinSheath"},{"floor":24,"key":"Replay:Baseball"},{"floor":29,"key":"reliquary:PrincelyHelmet"},{"floor":30,"key":"conspire:Boomerang"},{"floor":33,"key":"halation:EternalFortune"},{"floor":38,"key":"wanderingMiniBosses:MasterThiefsPresence"},{"floor":40,"key":"hubris:IronBody"},{"floor":40,"key":"halation:EternalFortune"},{"floor":43,"key":"Whetstone"},{"floor":44,"key":"Singing Bowl"},{"floor":45,"key":"hubris:TenFootPole"},{"floor":47,"key":"Omamori"},{"floor":54,"key":"hubris:CuriousFeather"}],"event_choices":[{"cards_removed":["Defend_R"],"damage_healed":0,"gold_gain":0,"player_choice":"Offered Basic","damage_taken":0,"max_hp_gain":0,"max_hp_loss":0,"event_name":"Bonfire Elementals","floor":4,"gold_loss":0},{"damage_healed":0,"gold_gain":0,"player_choice":"Ignored","damage_taken":0,"max_hp_gain":0,"max_hp_loss":0,"event_name":"betterNote:BetterNote","floor":21,"gold_loss":0,"cards_obtained":["Strike_R"]},{"damage_healed":0,"gold_gain":0,"player_choice":"Forge","damage_taken":0,"max_hp_gain":0,"max_hp_loss":0,"event_name":"Accursed Blacksmith","floor":39,"gold_loss":0,"cards_upgraded":["Offering"]},{"damage_healed":0,"gold_gain":0,"player_choice":"Gave Potion","damage_taken":0,"relics_obtained":["hubris:ToyBattleship"],"max_hp_gain":0,"max_hp_loss":0,"event_name":"WeMeetAgain","floor":48,"gold_loss":0}],"is_beta":false,"boss_relics":[{"not_picked":["energizedSpire:DeadBattery","Ectoplasm"],"picked":"energizedSpire:CursedPentagram"},{"not_picked":["Runic Cube","Sozu"],"picked":"Black Blood"}],"items_purged_floors":[11,20,27,36,41,42,53],"is_endless":true,"potions_floor_spawned":[3,7,14,18,23,33,40,45,47,54,55],"ascension_level":5}}