{"host":"clf2hd4adhiiw0zf","time":1613968913,"event":{"mods":["AchievementEnabler","BaseMod","Beaked The Cultist","Bestiary","Dark Map","Downfall","Gremlin Mod","Hermit","Jorbs\u0027s Wanderer Trilogy","Marisa????????","Minty Spire (QoL Compilation)","Quick Restart","Replay The Spire","Shop Mod","Spire Arcade","StSLib","The Construct","The Cursed","Wide Potions"],"gold_per_floor":[118,10,23,23,43,43,54,71,94,125,125,125,125,119,119,231,258,286,386,416,103,103,146,187,276,349,349,349,386,386,407,407,533,533,571,585,604,631,690,739,739,435,459,468,468,468,525,553,553,553,553,553,136,170,170,170,170],"floor_reached":55,"language":"ENG","playtime":4601,"items_purged":["Looming Evil"],"score":1219,"play_id":"c538a339-b63a-446f-a629-88f898b15cb6","local_time":"20210221214153","is_ascension_mode":true,"campfire_choices":[{"data":"Guardian:Orbwalk","floor":6.0,"key":"SMITH"},{"floor":15.0,"key":"RECALL"},{"floor":28.0,"key":"REST"},{"floor":32.0,"key":"REST"},{"data":"Pot Of Greed","floor":41.0,"key":"SMITH"},{"data":"Pot Of Greed","floor":41.0,"key":"SMITH"},{"floor":49.0,"key":"REST"}],"circlet_count":0,"master_deck":["Guardian:Strike_Guardian","Guardian:Strike_Guardian","Guardian:Strike_Guardian+1","Guardian:Strike_Guardian","Guardian:Defend_Guardian+1","Guardian:Defend_Guardian","Guardian:Defend_Guardian","Guardian:Defend_Guardian","Guardian:TwinSlam","Guardian:Orbwalk+1","Guardian:Planning+1","Guardian:Orbwalk+1","Guardian:GemFire+1","Guardian:BronzeOrb","Guardian:DonusPower","Guardian:MultiBeam+1","Guardian:RefractedBeam","Guardian:Suspension","Guardian:FierceBash","stsjorbsmod:Procrastination","TheCursedMod:Dregs","stsjorbsmod:Withering","Guardian:GemFinder","Guardian:GemFinder+1","Guardian:ConstructionForm","Guardian:Orbwalk+1","Guardian:BronzeArmor","Pot Of Greed","Pot Of Greed+1","Pot Of Greed","Guardian:ShieldCharger+1","Pot Of Greed+1","Guardian:Gem_Red","Guardian:Gem_Red","Guardian:Reroute","Guardian:Gem_Lightblue","Guardian:Gem_Lightblue","Guardian:AncientConstruct+1","Guardian:WalkerClaw+1","Guardian:Preprogram","CurseOfTheBell","CurseOfTheBell","Pot Of Greed","Guardian:TimeSifter","Guardian:Orbwalk","downfall:Aged","Guardian:Gem_Red","Guardian:Gem_Red","Guardian:PrismaticBarrier+1","Guardian:FuturePlans","Guardian:TimeCapacitor+1","Guardian:ExploitGems","Guardian:ExploitGems","Pot Of Greed"],"relics":["Guardian:ModeShifter","NeowsBlessing","ReplayTheSpireMod:Lightbulb","MealTicket","CeramicFish","Replay:Ancient Bell","Bag of Marbles","Mummified Hand","Incense Burner","DollysMirror","construct:RocketBooster","Grinning Jar","Chameleon Ring","construct:WeddingRing","downfall:ExtraCursedBell","Simple Rune","construct:FoamFinger","Unceasing Top","Replay:Arrowhead","Snack Pack","Orichalcum","Oddly Smooth Stone","Guardian:StasisEgg","Singing Bowl","ReplayTheSpireMod:CursedCoin","Guardian:PocketSentry","Replay:Mystery Machine","FossilizedHelix"],"acts_visited":["Exordium","TheCity","TheBeyond","TheEnding"],"potions_floor_usage":[55,55,55],"damage_taken":[{"damage":0.0,"enemies":"Cultist","floor":1.0,"turns":1.0},{"damage":0.0,"enemies":"Jaw Worm","floor":3.0,"turns":1.0},{"damage":0.0,"enemies":"Small Slimes","floor":5.0,"turns":1.0},{"damage":1.0,"enemies":"3 Louse","floor":7.0,"turns":5.0},{"damage":4.0,"enemies":"Red Slaver","floor":8.0,"turns":4.0},{"damage":25.0,"enemies":"3 Sentries","floor":10.0,"turns":5.0},{"damage":12.0,"enemies":"Exordium Thugs","floor":14.0,"turns":5.0},{"damage":7.0,"enemies":"Fading Forest","floor":16.0,"turns":11.0},{"damage":13.0,"enemies":"Spheric Guardian","floor":18.0,"turns":5.0},{"damage":0.0,"enemies":"2 Thieves","floor":20.0,"turns":2.0},{"damage":32.0,"enemies":"Gremlin Leader","floor":23.0,"turns":5.0},{"damage":26.0,"enemies":"Centurion and Healer","floor":24.0,"turns":7.0},{"damage":20.0,"enemies":"Replay:Snechameleon","floor":25.0,"turns":5.0},{"damage":12.0,"enemies":"Shelled Parasite and Fungi","floor":29.0,"turns":6.0},{"damage":0.0,"enemies":"Snecko","floor":31.0,"turns":2.0},{"damage":10.0,"enemies":"Champ","floor":33.0,"turns":7.0},{"damage":0.0,"enemies":"Orb Walker","floor":35.0,"turns":3.0},{"damage":0.0,"enemies":"3 Darklings","floor":36.0,"turns":1.0},{"damage":0.0,"enemies":"Spire Growth","floor":37.0,"turns":2.0},{"damage":0.0,"enemies":"Mind Bloom Boss Battle","floor":39.0,"turns":3.0},{"damage":13.0,"enemies":"beaked:SuperParasite","floor":40.0,"turns":2.0},{"damage":56.0,"enemies":"Giant Head","floor":47.0,"turns":9.0},{"damage":13.0,"enemies":"Sphere and 2 Shapes","floor":48.0,"turns":4.0},{"damage":26.0,"enemies":"Time Eater","floor":50.0,"turns":5.0},{"damage":33.0,"enemies":"Shield and Spear","floor":54.0,"turns":3.0},{"damage":58,"enemies":"The Heart","floor":55,"turns":5}],"seed_played":"9215230521068397516","potions_obtained":[{"floor":1.0,"key":"DuplicationPotion"},{"floor":5.0,"key":"Adrenaline Potion"},{"floor":14.0,"key":"SkillPotion"},{"floor":18.0,"key":"Guardian:AcceleratePotion"},{"floor":29.0,"key":"Reflective Coating"},{"floor":31.0,"key":"Swift Potion"},{"floor":33.0,"key":"Fire Potion"},{"floor":36.0,"key":"AttackPotion"},{"floor":40.0,"key":"BlessingOfTheForge"},{"floor":48.0,"key":"GamblersBrew"},{"floor":52.0,"key":"Languid Potion"},{"floor":52.0,"key":"Ancient Potion"}],"is_trial":false,"path_per_floor":["M","$","M","?","M","R","M","M","T","E","?","?","$","M","R","B",null,"M","?","M","$","$","E","M","E","T","?","R","M","?","M","R","B",null,"M","M","M","?","?","E","R","$","T","?","?","?","E","M","R","B",null,"R","$","E","B"],"character_chosen":"GUARDIAN","items_purchased":["Guardian:Planning+1","Guardian:Orbwalk","DollysMirror","Guardian:ConstructionForm","Elixir","Orichalcum","Oddly Smooth Stone","ReplayTheSpireMod:CursedCoin","Guardian:PocketSentry","Replay:Mystery Machine","Guardian:TimeCapacitor","Guardian:ExploitGems","Strength Potion"],"campfire_rested":3,"item_purchase_floors":[2,2,21,21,21,42,42,53,53,53,53,53,53],"current_hp_per_floor":[80,80,80,80,80,80,79,75,75,50,50,50,65,53,53,46,72,59,59,59,74,80,48,22,2,2,2,26,14,14,14,38,28,67,67,67,67,67,67,54,54,69,69,69,69,69,17,8,32,10,64,64,79,50,0,0,0],"gold":170,"neow_bonus":"THREE_ENEMY_KILL","is_daily":false,"chose_seed":false,"campfire_upgraded":3,"win_rate":0.0,"timestamp":1613968913,"path_taken":["M","?","M","?","M","R","M","M","T","E","?","?","$","M","R","BOSS","M","?","?","?","$","E","?","E","T","?","R","M","?","?","R","BOSS","M","?","M","?","?","E","R","$","T","?","?","?","E","M","R","BOSS","R","$","E","BOSS"],"items_purchased_type":["Card","Card","Relic","Card","Potion","Relic","Relic","Relic","Relic","Relic","Card","Card","Potion"],"build_version":"2020-12-22","purchased_purges":1,"victory":false,"max_hp_per_floor":[80,80,80,80,80,80,80,80,80,80,80,80,80,80,80,80,80,80,80,80,80,80,80,80,80,80,80,80,80,80,80,80,80,80,80,80,80,80,80,80,80,80,80,80,80,80,80,82,82,82,82,82,82,86,86,86,86],"card_choices":[{"not_picked":["Guardian:SpikerProtocol","Guardian:RollAttack"],"picked":"Guardian:Orbwalk","floor":1.0},{"not_picked":["Guardian:VentSteam","Guardian:Gem_Purple"],"picked":"Guardian:Orbwalk","floor":3.0},{"not_picked":["Guardian:RollAttack","Guardian:Suspension"],"picked":"Guardian:BronzeOrb","floor":5.0},{"not_picked":["Guardian:RefractedBeam","Guardian:RollAttack"],"picked":"Guardian:DonusPower","floor":7.0},{"not_picked":["Guardian:Gem_Green","Guardian:TemporalStrike"],"picked":"Guardian:MultiBeam","floor":8.0},{"not_picked":["Guardian:PrimingBeam","Guardian:EvasiveProtocol"],"picked":"Guardian:RefractedBeam","floor":10.0},{"not_picked":["Guardian:FloatingOrbs","Guardian:PrismaticBarrier"],"picked":"Guardian:Suspension","floor":14.0},{"not_picked":["Guardian:StasisStrike","Guardian:BaubleBeam"],"picked":"Guardian:FierceBash","floor":16.0},{"not_picked":["downfall:Aged","Looming Evil"],"picked":"stsjorbsmod:Procrastination","floor":17.0},{"not_picked":["Looming Evil","ReplayTheSpireMod:Faulty Equipment"],"picked":"TheCursedMod:Dregs","floor":17.0},{"not_picked":["stsjorbsmod:Procrastination","Decay"],"picked":"stsjorbsmod:Withering","floor":17.0},{"not_picked":["Guardian:Planning","Guardian:Gem_Lightblue"],"picked":"Guardian:GemFinder","floor":18.0},{"not_picked":["Guardian:Gem_Lightblue","Guardian:Gem_Cyan"],"picked":"Guardian:Gem_Green","floor":20.0},{"not_picked":["Guardian:TemporalStrike+1","Guardian:WalkerClaw"],"picked":"Guardian:Gem_Red","floor":20.0},{"not_picked":["Guardian:Gem_Lightblue","Guardian:Gem_Green"],"picked":"Guardian:Gem_Cyan","floor":23.0},{"not_picked":["Guardian:FuturePlans","Guardian:WalkerClaw"],"picked":"Guardian:Orbwalk+1","floor":23.0},{"not_picked":["Guardian:Gem_Cyan","Guardian:Gem_Green"],"picked":"Guardian:Gem_Red","floor":24.0},{"not_picked":["Guardian:Gem_Cyan","Guardian:Gem_Lightblue"],"picked":"Guardian:Gem_Green","floor":24.0},{"not_picked":["Guardian:PrismaticBeam+1","Guardian:CrystalBeam"],"picked":"Guardian:BronzeArmor","floor":24.0},{"not_picked":["Guardian:Gem_Lightblue","Guardian:Gem_Cyan"],"picked":"Guardian:Gem_Green","floor":25.0},{"not_picked":["Guardian:Gem_Green","Guardian:Gem_Red"],"picked":"Guardian:Gem_Cyan","floor":25.0},{"not_picked":["Guardian:TemporalShield","Guardian:PrimingBeam"],"picked":"Guardian:ShieldCharger+1","floor":25.0},{"not_picked":["Guardian:Gem_Lightblue","Guardian:Gem_Green"],"picked":"Guardian:Gem_Red","floor":29.0},{"not_picked":["Guardian:Gem_Lightblue","Guardian:Gem_Cyan"],"picked":"Guardian:Gem_Red","floor":29.0},{"not_picked":["Guardian:BodySlam","Guardian:Gem_Crimson"],"picked":"Guardian:Reroute","floor":29.0},{"not_picked":["Guardian:Gem_Purple","Guardian:Suspension"],"picked":"Guardian:Gem_Crimson","floor":31.0},{"not_picked":["Guardian:Gem_Cyan","Guardian:Gem_Green"],"picked":"Guardian:Gem_Lightblue","floor":33.0},{"not_picked":["Guardian:Gem_Red","Guardian:Gem_Cyan"],"picked":"Guardian:Gem_Lightblue","floor":33.0},{"not_picked":["Guardian:StasisField","Guardian:Gem_Orange"],"picked":"Guardian:AncientConstruct","floor":33.0},{"not_picked":["Guardian:Gem_Cyan","Guardian:Gem_Lightblue"],"picked":"Guardian:Gem_Red","floor":35.0},{"not_picked":["Guardian:Gem_Cyan","Guardian:Gem_Lightblue"],"picked":"Guardian:Gem_Red","floor":35.0},{"not_picked":["Guardian:Gem_Red","Guardian:Gem_Cyan"],"picked":"Guardian:WalkerClaw+1","floor":35.0},{"not_picked":["Guardian:RollAttack+1","Guardian:Repulse","Guardian:PiercingHide"],"picked":"SKIP","floor":36.0},{"not_picked":["Guardian:PrismaticBarrier+1","Guardian:TemporalShield"],"picked":"Guardian:Preprogram","floor":37.0},{"not_picked":["Guardian:PiercingHide","Guardian:ChargeCore"],"picked":"Guardian:TimeSifter","floor":39.0},{"not_picked":["Guardian:Gem_Purple","Guardian:Gem_Cyan"],"picked":"Guardian:Orbwalk","floor":40.0},{"not_picked":["Guardian:Gem_Lightblue","Guardian:Gem_Cyan"],"picked":"Guardian:Gem_Red","floor":40.0},{"not_picked":["Guardian:Gem_Green","Guardian:Gem_Lightblue"],"picked":"Guardian:Gem_Red","floor":47.0},{"not_picked":["Guardian:Gem_Cyan","Guardian:Gem_Lightblue"],"picked":"Guardian:Gem_Red","floor":47.0},{"not_picked":["Guardian:Gem_Blue","Guardian:ShieldCharger+1"],"picked":"Guardian:PrismaticBarrier+1","floor":47.0},{"not_picked":["Guardian:Gem_Cyan","Guardian:Gem_Green","Guardian:Gem_Lightblue"],"picked":"Singing Bowl","floor":48.0},{"not_picked":["Guardian:Reroute","Guardian:TemporalStrike"],"picked":"Guardian:FuturePlans","floor":48.0},{"not_picked":["Guardian:Gem_Red","Guardian:Gem_Lightblue","Guardian:Gem_Green"],"picked":"Singing Bowl","floor":54.0},{"not_picked":["Guardian:VentSteam","Guardian:WalkerClaw","Guardian:TemporalStrike"],"picked":"Singing Bowl","floor":54.0}],"player_experience":359695,"relics_obtained":[{"floor":9.0,"key":"ReplayTheSpireMod:Lightbulb"},{"floor":10.0,"key":"MealTicket"},{"floor":23.0,"key":"construct:RocketBooster"},{"floor":25.0,"key":"Grinning Jar"},{"floor":26.0,"key":"Chameleon Ring"},{"floor":38.0,"key":"Simple Rune"},{"floor":38.0,"key":"construct:FoamFinger"},{"floor":38.0,"key":"Unceasing Top"},{"floor":39.0,"key":"Replay:Arrowhead"},{"floor":40.0,"key":"Snack Pack"},{"floor":47.0,"key":"Singing Bowl"},{"floor":54.0,"key":"FossilizedHelix"}],"event_choices":[{"damage_healed":0.0,"max_hp_gain":0.0,"max_hp_loss":0.0,"gold_gain":0.0,"event_name":"Living Wall","player_choice":"Grow","floor":11.0,"gold_loss":0.0,"damage_taken":0.0,"cards_upgraded":["Guardian:MultiBeam"]},{"damage_healed":0.0,"max_hp_gain":0.0,"max_hp_loss":0.0,"gold_gain":0.0,"event_name":"WeMeetAgain","player_choice":"Gave Potion","floor":12.0,"gold_loss":0.0,"damage_taken":0.0,"relics_obtained":["CeramicFish"]},{"damage_healed":0.0,"max_hp_gain":0.0,"max_hp_loss":0.0,"gold_gain":100.0,"event_name":"Golden Shrine","player_choice":"Pray","floor":19.0,"gold_loss":0.0,"damage_taken":0.0},{"damage_healed":0.0,"max_hp_gain":0.0,"max_hp_loss":0.0,"gold_gain":0.0,"event_name":"Ghosts","player_choice":"Ignored","floor":27.0,"gold_loss":0.0,"damage_taken":0.0},{"damage_healed":0.0,"max_hp_gain":0.0,"max_hp_loss":0.0,"gold_gain":0.0,"event_name":"MindBloom","player_choice":"Fight","floor":39.0,"gold_loss":0.0,"damage_taken":0.0},{"damage_healed":0.0,"max_hp_gain":0.0,"max_hp_loss":0.0,"gold_gain":0.0,"event_name":"Tomb of Lord Red Mask","player_choice":"Ignored","floor":45.0,"gold_loss":0.0,"damage_taken":0.0},{"cards_removed":["Guardian:CurlUp"],"damage_healed":0.0,"max_hp_gain":0.0,"max_hp_loss":0.0,"gold_gain":0.0,"event_name":"Falling","player_choice":"Removed Skill","floor":46.0,"gold_loss":0.0,"damage_taken":0.0}],"is_beta":false,"boss_relics":[{"not_picked":["ReplayTheSpireMod:DimensionalGlitch","Coffee Dripper"],"picked":"Replay:Ancient Bell"},{"not_picked":["Regal Pillow","Replay:Bandana"],"picked":"Bag of Marbles"},{"not_picked":["Question Card","Shuriken"],"picked":"Mummified Hand"},{"not_picked":["Mango","CaptainsWheel"],"picked":"Incense Burner"},{"not_picked":["bronze:MakeshiftBattery","Empty Cage"],"picked":"construct:WeddingRing"}],"items_purged_floors":[53],"is_endless":false,"potions_floor_spawned":[1,5,14,18,29,31,33,36,40,48],"killed_by":"The Heart","ascension_level":5}}