{"host":"kvh5342rl0c7vxi5","time":1613961490,"event":{"mods":["Act Like it!","BaseMod","Bestiary","Better Third Choice","Challenge The Spire","Downfall","Duelist Mod","GifTheSpireLib","Gremlin Mod","Hermit","Hubris","Ironclad Rager","Jorbs\u0027s Wanderer Trilogy","Melee Mod","Minty Spire (QoL Compilation)","Potionbrewer","Quick Restart","Relic Stats","Replay The Spire","Spicy Shops","Spire Arcade","StSLib","SuperFastMode","The Forsaken","The Judge","The Mystic","The Poker Player","The Sage","slay the spire mod where everything is the same but ironclad has a cowboy hat"],"gold_per_floor":[3,3,47,92,141,141,141,141,190,247,292,292,292,93,136,183,257,328],"floor_reached":19,"language":"ENG","playtime":602,"items_purged":["Strike_G","Strike_G"],"score":748,"play_id":"01fb19fe-8032-4ecb-9f22-1a3d7aadf6a5","local_time":"20210221213810","daily_mods":["challengethespire:Gold Difficulty","challengethespire:Elite Rush","Uncertain Future"],"is_ascension_mode":true,"campfire_choices":[{"data":"Well Laid Plans","floor":2,"key":"SMITH"},{"data":"Predator","floor":7,"key":"SMITH"},{"data":"Cloak And Dagger","floor":8,"key":"SMITH"},{"data":"Pot Of Greed","floor":13,"key":"SMITH"}],"circlet_count":0,"master_deck":["AscendersBane","Strike_G","Strike_G","Strike_G","Defend_G+1","Defend_G+1","Defend_G+1","Defend_G+1","Defend_G+1","Survivor","Neutralize","Backstab","Well Laid Plans+1","Cloak And Dagger+1","Finisher","Predator+1","Pot Of Greed+1","Pot Of Greed","Blade Dance+1","Bullet Time","Leg Sweep","Blade Dance+1","Prepared+1","Blade Dance+1","Wraith Form v2","Pot Of Greed"],"relics":["Ring of the Snake","Black Star","Sling","PreservedInsect","Replay:Bandana","Pen Nib","theForsaken:HumbleEgg","hubris:SlimyHat","Regal Pillow","Centennial Puzzle","Bag of Marbles","Grinning Jar","Philosopher\u0027s Stone","bronze:BronzeIdol","Quantum Egg","Gremlin Food","Replay:Towering Pillar of Hats","Replay:Bottled Eggs","Toy Ornithopter","WristBlade","potionbrewer:SlideRule","Boot","Gremlin Horn","Mercury Hourglass","hubris:FunFungus","CeramicFish","hubris:GlazedTorus","Bag of Preparation"],"acts_visited":["Exordium"],"potions_floor_usage":[4],"damage_taken":[{"damage":0,"enemies":"3 Sentries","floor":3,"turns":7},{"damage":6,"enemies":"Gremlin Nob","floor":4,"turns":3},{"damage":7,"enemies":"Lagavulin","floor":5,"turns":3},{"damage":2,"enemies":"Slavers","floor":9,"turns":2},{"damage":6,"enemies":"Book of Stabbing","floor":10,"turns":2},{"damage":0,"enemies":"Gremlin Leader","floor":11,"turns":1},{"damage":0,"enemies":"Nemesis","floor":15,"turns":1},{"damage":0,"enemies":"Reptomancer","floor":16,"turns":1},{"damage":0,"enemies":"Giant Head","floor":17,"turns":1},{"damage":0,"enemies":"Shield and Spear","floor":18,"turns":1}],"seed_played":"7127048456832405217","potions_obtained":[{"floor":3,"key":"Adrenaline Potion"},{"floor":5,"key":"potionbrewer:ToxicPotion"}],"is_trial":true,"path_per_floor":["$","R","E","E","E","T","R","R","E","E","E","T","R","$","E","E","E","E",null],"character_chosen":"THE_SILENT","items_purchased":["Replay:Bandana","Backstab","Well Laid Plans","Cloak And Dagger","Pen Nib","DistilledChaos","Prepared+1","FearPotion"],"campfire_rested":0,"item_purchase_floors":[1,1,1,1,1,1,14,14],"current_hp_per_floor":[59,59,59,53,46,46,46,46,44,38,38,38,38,38,38,38,38,38],"gold":328,"neow_bonus":"","is_daily":false,"chose_seed":false,"campfire_upgraded":4,"win_rate":0.0,"timestamp":1613961490,"path_taken":["$","R","E","E","E","T","R","R","E","E","E","T","R","$","E","E","E","E"],"items_purchased_type":["Relic","Card","Card","Card","Relic","Potion","Card","Potion"],"build_version":"2020-12-22","purchased_purges":2,"victory":true,"max_hp_per_floor":[66,66,66,66,66,66,66,66,66,66,66,66,66,66,66,66,66,66],"relic_stats":{"Regal Pillow":0,"Gremlin Horn":[0,1],"counters":[10,22],"CeramicFish":18,"PreservedInsect":532,"Pen Nib":[9],"Bag of Preparation":[0],"Boot":[0],"Mercury Hourglass":[9],"Centennial Puzzle":[9],"Black Star":10,"obtain_stats":[{"Regal Pillow":4,"Gremlin Horn":16,"CeramicFish":17,"hubris:SlimyHat":3,"Bag of Preparation":18,"Sling":0,"Boot":15,"theForsaken:HumbleEgg":3,"Replay:Bandana":1,"Centennial Puzzle":4,"WristBlade":12,"Philosopher\u0027s Stone":6,"hubris:FunFungus":17,"Replay:Bottled Eggs":11,"Ring of the Snake":0,"hubris:GlazedTorus":18,"Gremlin Food":10,"Replay:Towering Pillar of Hats":10,"Quantum Egg":9,"PreservedInsect":0,"Pen Nib":1,"bronze:BronzeIdol":9,"Mercury Hourglass":16,"Black Star":0,"Bag of Marbles":5,"Grinning Jar":5,"potionbrewer:SlideRule":15,"Toy Ornithopter":11},{"Regal Pillow":2,"Gremlin Horn":8,"CeramicFish":9,"hubris:SlimyHat":1,"Bag of Preparation":10,"Sling":0,"Boot":7,"theForsaken:HumbleEgg":1,"Replay:Bandana":0,"Centennial Puzzle":2,"WristBlade":6,"Philosopher\u0027s Stone":3,"hubris:FunFungus":9,"Replay:Bottled Eggs":6,"Ring of the Snake":0,"hubris:GlazedTorus":10,"Gremlin Food":5,"Replay:Towering Pillar of Hats":5,"Quantum Egg":4,"PreservedInsect":0,"Pen Nib":0,"bronze:BronzeIdol":4,"Mercury Hourglass":8,"Black Star":0,"Bag of Marbles":3,"Grinning Jar":3,"potionbrewer:SlideRule":7,"Toy Ornithopter":6},{"Regal Pillow":10,"Gremlin Horn":20,"CeramicFish":21,"hubris:SlimyHat":7,"Bag of Preparation":22,"Sling":0,"Boot":19,"theForsaken:HumbleEgg":7,"Replay:Bandana":0,"Centennial Puzzle":10,"WristBlade":18,"Philosopher\u0027s Stone":13,"hubris:FunFungus":21,"Replay:Bottled Eggs":18,"Ring of the Snake":0,"hubris:GlazedTorus":22,"Gremlin Food":17,"Replay:Towering Pillar of Hats":17,"Quantum Egg":15,"PreservedInsect":0,"Pen Nib":0,"bronze:BronzeIdol":15,"Mercury Hourglass":20,"Black Star":0,"Bag of Marbles":13,"Grinning Jar":13,"potionbrewer:SlideRule":19,"Toy Ornithopter":18}],"Toy Ornithopter":0,"Ring of the Snake":[20]},"card_choices":[],"player_experience":589601,"relics_obtained":[{"floor":3,"key":"theForsaken:HumbleEgg"},{"floor":3,"key":"hubris:SlimyHat"},{"floor":4,"key":"Regal Pillow"},{"floor":4,"key":"Centennial Puzzle"},{"floor":5,"key":"Bag of Marbles"},{"floor":5,"key":"Grinning Jar"},{"floor":9,"key":"bronze:BronzeIdol"},{"floor":9,"key":"Quantum Egg"},{"floor":10,"key":"Gremlin Food"},{"floor":10,"key":"Replay:Towering Pillar of Hats"},{"floor":11,"key":"Replay:Bottled Eggs"},{"floor":11,"key":"Toy Ornithopter"},{"floor":15,"key":"potionbrewer:SlideRule"},{"floor":15,"key":"Boot"},{"floor":16,"key":"Gremlin Horn"},{"floor":16,"key":"Mercury Hourglass"},{"floor":17,"key":"hubris:FunFungus"},{"floor":17,"key":"CeramicFish"},{"floor":18,"key":"hubris:GlazedTorus"},{"floor":18,"key":"Bag of Preparation"}],"event_choices":[],"is_beta":false,"boss_relics":[{"not_picked":["Abe\u0027s Treasure","hubris:GrandSneckoEye"],"picked":"Philosopher\u0027s Stone"},{"not_picked":["hubris:VirtuousBlindfold","Runic Dome"],"picked":"WristBlade"}],"items_purged_floors":[1,14],"is_endless":false,"potions_floor_spawned":[3,5,11,17],"ascension_level":15}}