{"host":"otnudku6n3tqcmrv","time":1613986103,"event":{"mods":["BaseMod","Colored Map","DeckTracker","Keyboard Shortcuts","Minty Spire (QoL Compilation)","Quick Restart","StSLib","SuperFastMode","The Senshi","Waifu the Spire","everything is the same but u backflip on backflip"],"gold_per_floor":[118,43,43,43,43,73,73,98,98,98,98,112,112,136,136,264,264,280,101,101,119,133,164,189,189,189,202,216,249,47,71,71,194,194,209,572,572,596,620,620,664,677,732,732,426,450,450,463,463,463],"floor_reached":51,"language":"KOR","playtime":1740,"items_purged":["theSenshi:SailorKick","theSenshi:SailorKick","theSenshi:SailorKick"],"score":802,"play_id":"332107b1-6e57-473c-9034-b95e13125f09","local_time":"20210222182823","is_ascension_mode":false,"campfire_choices":[{"data":"theSenshi:VenusGlamour","floor":10,"key":"SMITH"},{"data":"theSenshi:RoseThrow","floor":13,"key":"SMITH"},{"data":"theSenshi:SchoolBag","floor":15,"key":"SMITH"},{"data":"theSenshi:ChibiMoonsLove","floor":25,"key":"SMITH"},{"data":"theSenshi:MoonlightKnight","floor":32,"key":"SMITH"},{"data":"theSenshi:MoonSpiralHeartAttack","floor":40,"key":"SMITH"},{"data":"theSenshi:MoonTiaraMagic","floor":44,"key":"SMITH"},{"data":"theSenshi:MoonHealingEscalation","floor":49,"key":"SMITH"}],"circlet_count":0,"master_deck":["theSenshi:SailorBlock+1","theSenshi:RoseThrow+1","theSenshi:MoonPrismPowerMakeUp","theSenshi:MoonTiaraMagic+1","theSenshi:VenusGlamour+1","theSenshi:SchoolBag+1","theSenshi:MoonSpiralHeartAttack+1","theSenshi:ChibiMoonsLove+1","theSenshi:SailorMarsAssists+1","theSenshi:MoonCrystalPowerMakeUp","theSenshi:MoonCrystalPowerMakeUp+1","theSenshi:SailorCosmosAssists","theSenshi:SailorMercuryAssists+1","theSenshi:MoonlightKnight+1","theSenshi:RainbowMoonHeartAche+1","theSenshi:MoonGorgeousMeditation+1","theSenshi:UranusStrength+1","theSenshi:SailorMarsAssists+1","theSenshi:SailorCosmosAssists","theSenshi:CrisisMakeUp+1","theSenshi:UranusStrength+1","theSenshi:MoonHealingEscalation+1"],"relics":["theSenshi:TransformationBroochRelic","NeowsBlessing","Mummified Hand","Pen Nib","theSenshi:CrescentMoonWandRelic","Golden Idol","Coffee Dripper","MealTicket","Pear","Bottled Lightning","Astrolabe","Old Coin","Bronze Scales","Lantern","Blood Vial","Orrery"],"acts_visited":["Exordium","TheCity","TheBeyond"],"potions_floor_usage":[16,21,23,29,33,39,41,48],"damage_taken":[{"damage":0,"enemies":"2 Louse","floor":1,"turns":1},{"damage":0,"enemies":"Gremlin Nob","floor":6,"turns":1},{"damage":0,"enemies":"Lagavulin","floor":8,"turns":2},{"damage":2,"enemies":"Jaw Worm","floor":12,"turns":2},{"damage":2,"enemies":"Small Slimes","floor":14,"turns":3},{"damage":27,"enemies":"Hexaghost","floor":16,"turns":8},{"damage":16,"enemies":"Spheric Guardian","floor":18,"turns":4},{"damage":9,"enemies":"Shell Parasite","floor":21,"turns":5},{"damage":11,"enemies":"3 Cultists","floor":22,"turns":4},{"damage":24,"enemies":"Book of Stabbing","floor":23,"turns":4},{"damage":13,"enemies":"Snake Plant","floor":24,"turns":4},{"damage":2,"enemies":"Centurion and Healer","floor":27,"turns":4},{"damage":0,"enemies":"Snecko","floor":28,"turns":5},{"damage":28,"enemies":"Slavers","floor":29,"turns":5},{"damage":9,"enemies":"Shelled Parasite and Fungi","floor":31,"turns":3},{"damage":45,"enemies":"Collector","floor":33,"turns":11},{"damage":13,"enemies":"3 Shapes","floor":35,"turns":5},{"damage":12,"enemies":"Mind Bloom Boss Battle","floor":36,"turns":6},{"damage":21,"enemies":"Orb Walker","floor":38,"turns":5},{"damage":24,"enemies":"4 Shapes","floor":39,"turns":5},{"damage":40,"enemies":"Giant Head","floor":41,"turns":10},{"damage":13,"enemies":"Transient","floor":42,"turns":5},{"damage":29,"enemies":"Maw","floor":46,"turns":7},{"damage":0,"enemies":"Jaw Worm Horde","floor":48,"turns":5},{"damage":47,"enemies":"Time Eater","floor":50,"turns":11}],"seed_played":"-1983622773222126976","potions_obtained":[{"floor":6,"key":"Fire Potion"},{"floor":8,"key":"Strength Potion"},{"floor":14,"key":"Fire Potion"},{"floor":27,"key":"CultistPotion"},{"floor":28,"key":"SpeedPotion"},{"floor":29,"key":"DistilledChaos"},{"floor":31,"key":"SkillPotion"},{"floor":33,"key":"Block Potion"},{"floor":48,"key":"Ancient Potion"}],"is_trial":false,"path_per_floor":["M","$","?","$","?","E","$","E","T","R","?","M","R","M","R","B",null,"M","$","?","M","M","E","M","R","T","M","M","E","$","M","R","B",null,"M","?","?","M","M","R","E","M","T","R","$","M","?","M","R","B",null],"character_chosen":"THE_SENSHI","items_purchased":["theSenshi:MoonCrystalPowerMakeUp","theSenshi:MoonlightKnight","Blood Vial","Orrery"],"campfire_rested":0,"item_purchase_floors":[19,30,45,45],"current_hp_per_floor":[75,75,60,60,53,53,53,53,53,53,53,51,51,49,49,22,69,63,63,63,64,58,34,21,21,31,44,59,46,61,67,67,34,79,73,79,79,73,49,49,24,26,26,26,41,44,44,66,66,52],"gold":463,"neow_bonus":"THREE_ENEMY_KILL","is_daily":false,"chose_seed":false,"campfire_upgraded":8,"win_rate":0.0,"timestamp":1613986103,"path_taken":["M","$","?","$","?","E","$","E","T","R","?","M","R","?","R","BOSS","M","$","?","M","M","E","M","R","T","M","M","E","$","M","R","BOSS","M","?","?","M","M","R","E","M","T","R","$","M","?","M","R","BOSS"],"items_purchased_type":["Card","Card","Relic","Relic"],"build_version":"2020-12-22","purchased_purges":3,"victory":true,"max_hp_per_floor":[75,75,75,75,75,75,75,75,75,75,69,69,69,69,69,69,69,69,69,69,69,69,69,69,69,79,79,79,79,79,79,79,79,79,79,79,79,79,79,79,79,79,79,79,79,79,79,79,79,79],"card_choices":[{"not_picked":["theSenshi:LateForSchool","theSenshi:Sidestep"],"picked":"theSenshi:MoonTiaraMagic","floor":1},{"not_picked":["theSenshi:KlutzyLuck","theSenshi:SailorPlanetPower"],"picked":"theSenshi:VenusGlamour","floor":6},{"not_picked":["theSenshi:SilverMoonCrystalPowerKiss","theSenshi:EncouragingSpeech"],"picked":"theSenshi:SchoolBag","floor":8},{"not_picked":["theSenshi:SteeledNerves","theSenshi:LunasBite","theSenshi:MoonPrincessHalation"],"picked":"SKIP","floor":12},{"not_picked":["theSenshi:SailorMercuryAssists","theSenshi:SailorUranusAssists"],"picked":"theSenshi:MoonSpiralHeartAttack","floor":14},{"not_picked":["theSenshi:GlimpseOfThePast","theSenshi:MoonGorgeousMeditation"],"picked":"theSenshi:ChibiMoonsLove","floor":16},{"not_picked":["theSenshi:MoonKick","theSenshi:SupersonicWaves+1"],"picked":"theSenshi:SailorMarsAssists+1","floor":18},{"not_picked":["theSenshi:SupersonicWaves","theSenshi:SchoolBag","theSenshi:SailorV"],"picked":"SKIP","floor":21},{"not_picked":["theSenshi:LateForSchool","theSenshi:SaturnsMystery"],"picked":"theSenshi:MoonCrystalPowerMakeUp+1","floor":22},{"not_picked":["theSenshi:SailorVenusAssists","theSenshi:MoonsReflection+1","theSenshi:MoonPrincessHalation"],"picked":"SKIP","floor":23},{"not_picked":["theSenshi:SupersonicWaves","theSenshi:SailorMercuryAssists"],"picked":"theSenshi:SailorCosmosAssists","floor":24},{"not_picked":["theSenshi:GatheringStrength","theSenshi:MoonKick"],"picked":"theSenshi:SailorMercuryAssists+1","floor":27},{"not_picked":["theSenshi:SailorMercuryAssists","theSenshi:LunasBite+1","theSenshi:MoonSpiralHeartAttack"],"picked":"SKIP","floor":28},{"not_picked":["theSenshi:SailorMercuryAssists","theSenshi:SailorNeptuneAssists","theSenshi:EncouragingSpeech+1"],"picked":"SKIP","floor":29},{"not_picked":["theSenshi:EncouragingSpeech","theSenshi:MoonlightKnight"],"picked":"theSenshi:RainbowMoonHeartAche+1","floor":31},{"not_picked":["theSenshi:JupitersPower","theSenshi:FatedKiss"],"picked":"theSenshi:SailorStarHealerAssists","floor":33},{"not_picked":["theSenshi:SupersonicWaves+1","theSenshi:SailorMercuryAssists+1","theSenshi:LateForSchool"],"picked":"SKIP","floor":35},{"not_picked":["theSenshi:MoonsReflection","theSenshi:SailorMarsAssists"],"picked":"theSenshi:SailorCosmosAssists","floor":38},{"not_picked":["theSenshi:HesSoDreamy+1","theSenshi:SailorChibiMoonAssists+1","theSenshi:SchoolBag"],"picked":"SKIP","floor":39},{"not_picked":["theSenshi:TallSilhouette+1","theSenshi:SailorMercuryAssists+1"],"picked":"theSenshi:CrisisMakeUp+1","floor":41},{"not_picked":["theSenshi:YouCanTalk+1","theSenshi:SailorMarsAssists+1","theSenshi:MoonTiaraMagic"],"picked":"SKIP","floor":42},{"not_picked":["theSenshi:SailorMarsAssists","theSenshi:SilverMoonCrystalPowerKiss"],"picked":"theSenshi:UranusStrength+1","floor":45},{"not_picked":["theSenshi:LateForSchool","theSenshi:SailorStarFighterAssists+1"],"picked":"theSenshi:MoonHealingEscalation","floor":45},{"not_picked":["theSenshi:PlutosSolemnity+1","theSenshi:MoonSpiralHeartAttack+1","theSenshi:LateForSchool+1"],"picked":"SKIP","floor":46},{"not_picked":["theSenshi:TallSilhouette+1","theSenshi:HesSoDreamy+1","theSenshi:SailorMarsAssists+1"],"picked":"SKIP","floor":48}],"player_experience":1309827,"relics_obtained":[{"floor":6,"key":"Mummified Hand"},{"floor":8,"key":"Pen Nib"},{"floor":9,"key":"theSenshi:CrescentMoonWandRelic"},{"floor":23,"key":"MealTicket"},{"floor":26,"key":"Pear"},{"floor":29,"key":"Bottled Lightning"},{"floor":36,"key":"Old Coin"},{"floor":41,"key":"Bronze Scales"},{"floor":43,"key":"Lantern"}],"event_choices":[{"damage_healed":0,"gold_gain":0,"player_choice":"Entered Light","damage_taken":15,"max_hp_gain":0,"max_hp_loss":0,"event_name":"Shining Light","floor":3,"gold_loss":0,"cards_upgraded":["theSenshi:SailorBlock","theSenshi:SailorKick"]},{"cards_removed":["theSenshi:SailorBlock"],"damage_healed":0,"gold_gain":0,"player_choice":"Card Removal","damage_taken":7,"max_hp_gain":0,"max_hp_loss":0,"event_name":"Golden Wing","floor":5,"gold_loss":0},{"damage_healed":0,"gold_gain":0,"player_choice":"Lose Max HP","damage_taken":0,"relics_obtained":["Golden Idol"],"max_hp_gain":0,"max_hp_loss":6,"event_name":"Golden Idol","floor":11,"gold_loss":0},{"damage_healed":0,"gold_gain":0,"player_choice":"Ignored","damage_taken":0,"max_hp_gain":0,"max_hp_loss":0,"event_name":"Ghosts","floor":20,"gold_loss":0},{"damage_healed":0,"gold_gain":0,"player_choice":"Fight","damage_taken":0,"max_hp_gain":0,"max_hp_loss":0,"event_name":"MindBloom","floor":36,"gold_loss":0},{"cards_removed":["theSenshi:SailorStarHealerAssists"],"damage_healed":0,"gold_gain":0,"player_choice":"Removed Skill","damage_taken":0,"max_hp_gain":0,"max_hp_loss":0,"event_name":"Falling","floor":37,"gold_loss":0},{"damage_healed":0,"gold_gain":0,"player_choice":"Memory 1","damage_taken":0,"max_hp_gain":0,"max_hp_loss":0,"event_name":"SensoryStone","floor":47,"gold_loss":0}],"is_beta":false,"boss_relics":[{"not_picked":["Snecko Eye","Ectoplasm"],"picked":"Coffee Dripper"},{"not_picked":["Fusion Hammer","Busted Crown"],"picked":"Astrolabe"}],"items_purged_floors":[2,19,30],"is_endless":false,"potions_floor_spawned":[6,8,14,27,28,29,31,33,35,36,48],"ascension_level":0}}