{"host":"x205naxbihvu3p76","time":1613992502,"event":{"mods":["AchievementEnabler","BaseMod","Minty Spire (QoL Compilation)","StSLib","SuperFastMode"],"gold_per_floor":[109,121,46,62,77,77,227,227,227,240,240,240,46,71,71,167,167,180,198,26,26,51,51,92,92,115,149,185,210,210,210,210,300,363,388,263,287,287,137,171,93,93,93,143,168,184,198,213,213,213,213,213,38,73,73],"floor_reached":56,"language":"KOR","playtime":1593,"items_purged":["Parasite","Doubt","Strike_R","Strike_R","Strike_R"],"score":2312,"play_id":"0daccfb2-c4e2-4fbe-8f6d-795d8dcf581f","local_time":"20210222201502","is_ascension_mode":true,"campfire_choices":[{"data":"Body Slam","floor":6.0,"key":"SMITH"},{"data":"Offering","floor":8.0,"key":"SMITH"},{"data":"Second Wind","floor":15.0,"key":"SMITH"},{"floor":23.0,"key":"REST"},{"data":"Fire Breathing","floor":25.0,"key":"SMITH"},{"floor":30.0,"key":"REST"},{"floor":32.0,"key":"REST"},{"data":"Dark Embrace","floor":42.0,"key":"SMITH"},{"floor":49.0,"key":"RECALL"},{"data":"Berserk","floor":52,"key":"SMITH"}],"circlet_count":0,"master_deck":["AscendersBane","Strike_R","Strike_R","Defend_R","Defend_R","Defend_R","Defend_R","Bash","Offering+1","Pommel Strike","Second Wind+1","Body Slam+1","Feel No Pain","Shrug It Off","Immolate","Shockwave","Power Through+1","Fire Breathing+1","Feel No Pain","Shrug It Off","Berserk+1","Flame Barrier","Dark Shackles","Dark Embrace+1","Battle Trance","Barricade+1","Evolve+1","Demon Form"],"relics":["Burning Blood","Mummified Hand","Golden Idol","Runic Pyramid","Enchiridion","Bottled Tornado","Bag of Marbles","Red Mask","Tiny House","Blue Candle","Lantern"],"acts_visited":["Exordium","TheCity","TheBeyond","TheEnding"],"potions_floor_usage":[50,50],"damage_taken":[{"damage":8.0,"enemies":"Jaw Worm","floor":1.0,"turns":3.0},{"damage":6.0,"enemies":"2 Louse","floor":2.0,"turns":3.0},{"damage":9.0,"enemies":"Small Slimes","floor":4.0,"turns":3.0},{"damage":15.0,"enemies":"3 Louse","floor":5.0,"turns":4.0},{"damage":6.0,"enemies":"Looter","floor":10.0,"turns":2.0},{"damage":6.0,"enemies":"Blue Slaver","floor":14.0,"turns":1.0},{"damage":6.0,"enemies":"Hexaghost","floor":16.0,"turns":6.0},{"damage":38.0,"enemies":"Shell Parasite","floor":18.0,"turns":5.0},{"damage":0.0,"enemies":"Chosen","floor":19.0,"turns":4.0},{"damage":6.0,"enemies":"Centurion and Healer","floor":22.0,"turns":6.0},{"damage":17.0,"enemies":"Slavers","floor":24.0,"turns":3.0},{"damage":6.0,"enemies":"Book of Stabbing","floor":27.0,"turns":2.0},{"damage":29.0,"enemies":"Masked Bandits","floor":28.0,"turns":4.0},{"damage":12.0,"enemies":"Shelled Parasite and Fungi","floor":29.0,"turns":3.0},{"damage":48.0,"enemies":"Automaton","floor":33.0,"turns":14.0},{"damage":5.0,"enemies":"3 Darklings","floor":35.0,"turns":5.0},{"damage":6.0,"enemies":"3 Shapes","floor":37.0,"turns":2.0},{"damage":6.0,"enemies":"Nemesis","floor":40.0,"turns":5.0},{"damage":6.0,"enemies":"Spire Growth","floor":45.0,"turns":3.0},{"damage":15.0,"enemies":"Jaw Worm Horde","floor":46.0,"turns":5.0},{"damage":21.0,"enemies":"Sphere and 2 Shapes","floor":47.0,"turns":4.0},{"damage":9.0,"enemies":"Transient","floor":48.0,"turns":6.0},{"damage":34,"enemies":"Awakened One","floor":50,"turns":7},{"damage":9,"enemies":"Shield and Spear","floor":54,"turns":4},{"damage":34,"enemies":"The Heart","floor":55,"turns":7}],"seed_played":"5080414706188981402","potions_obtained":[{"floor":1.0,"key":"DistilledChaos"},{"floor":4.0,"key":"LiquidBronze"},{"floor":16.0,"key":"Regen Potion"},{"floor":18.0,"key":"PowerPotion"},{"floor":28.0,"key":"EntropicBrew"},{"floor":33.0,"key":"Dexterity Potion"},{"floor":34.0,"key":"PowerPotion"},{"floor":54,"key":"ColorlessPotion"}],"is_trial":false,"path_per_floor":["M","M","$","M","M","R","?","R","T","M","?","?","$","M","R","B",null,"M","M","$","?","M","R","E","R","T","E","?","M","R","?","R","B",null,"M","$","M","?","$","E","$","R","T","?","M","M","M","M","R","B",null,"R","$","E","B",null],"character_chosen":"IRONCLAD","items_purchased":["Feel No Pain","PowerPotion","Power Through","Fire Breathing","Dark Embrace"],"campfire_rested":3,"item_purchase_floors":[13,13,20,20,41],"current_hp_per_floor":[66,66,66,63,54,54,54,54,54,54,59,33,33,33,33,33,66,34,40,40,19,19,42,40,40,40,40,17,11,34,34,57,15,67,68,68,68,68,68,68,68,68,68,68,68,59,44,41,41,13,65,65,65,62,34],"gold":73,"neow_bonus":"THREE_RARE_CARDS","is_daily":false,"chose_seed":false,"campfire_upgraded":6,"win_rate":0.0,"timestamp":1613992502,"path_taken":["M","M","$","M","M","R","?","R","T","M","?","?","$","M","R","BOSS","M","M","$","?","M","R","E","R","T","E","?","M","R","?","R","BOSS","M","$","M","?","$","E","$","R","T","?","M","M","?","M","R","BOSS","R","$","E","BOSS"],"items_purchased_type":["Card","Potion","Card","Card","Card"],"build_version":"2020-12-22","purchased_purges":5,"victory":true,"max_hp_per_floor":[75,75,72,72,72,72,72,72,72,72,77,77,77,77,77,77,77,77,77,77,77,77,77,77,77,77,77,77,77,77,77,77,77,82,82,82,82,82,82,82,82,82,82,82,82,82,82,82,82,82,82,82,82,82,82],"card_choices":[{"not_picked":["Double Tap","Demon Form"],"picked":"Offering","floor":0.0},{"not_picked":["Warcry","Twin Strike"],"picked":"Pommel Strike","floor":1.0},{"not_picked":["Iron Wave","Pummel"],"picked":"Second Wind","floor":2.0},{"not_picked":["Searing Blow","Hemokinesis"],"picked":"Body Slam","floor":4.0},{"not_picked":["Sever Soul","Havoc","Disarm"],"picked":"SKIP","floor":5.0},{"not_picked":["Clash","Iron Wave","Metallicize"],"picked":"SKIP","floor":10.0},{"not_picked":["Bloodletting","Sentinel"],"picked":"Shrug It Off","floor":14.0},{"not_picked":["Demon Form","Reaper"],"picked":"Immolate","floor":16.0},{"not_picked":["Wild Strike+1","Iron Wave","Hemokinesis"],"picked":"SKIP","floor":18.0},{"not_picked":["Armaments","Perfected Strike"],"picked":"Shockwave","floor":19.0},{"not_picked":["Thunderclap","Sentinel+1"],"picked":"Feel No Pain","floor":22.0},{"not_picked":["Body Slam+1","Wild Strike","Disarm"],"picked":"SKIP","floor":24.0},{"not_picked":["Shockwave","Thunderclap"],"picked":"Shrug It Off","floor":27.0},{"not_picked":["Spot Weakness","Clothesline","Metallicize"],"picked":"SKIP","floor":29.0},{"not_picked":["Fiend Fire","Impervious"],"picked":"Berserk","floor":33.0},{"not_picked":["Second Wind","Rupture","Armaments+1"],"picked":"SKIP","floor":35.0},{"not_picked":["Shrug It Off","Fire Breathing"],"picked":"Flame Barrier","floor":37.0},{"not_picked":["Panacea","Mayhem"],"picked":"Dark Shackles","floor":38.0},{"not_picked":["Armaments","Uppercut","Shockwave"],"picked":"SKIP","floor":40.0},{"not_picked":["Thunderclap","Warcry","Shockwave"],"picked":"SKIP","floor":45.0},{"not_picked":["Warcry","Wild Strike+1","Blood for Blood"],"picked":"SKIP","floor":46.0},{"not_picked":["Twin Strike","Dual Wield"],"picked":"Battle Trance","floor":47.0},{"not_picked":["Armaments","Metallicize+1","Combust"],"picked":"SKIP","floor":48.0},{"not_picked":["True Grit","Juggernaut"],"picked":"Demon Form","floor":54}],"player_experience":1039424,"relics_obtained":[{"floor":9.0,"key":"Mummified Hand"},{"floor":21.0,"key":"Enchiridion"},{"floor":24.0,"key":"Bottled Tornado"},{"floor":26.0,"key":"Bag of Marbles"},{"floor":28.0,"key":"Red Mask"},{"floor":40.0,"key":"Blue Candle"},{"floor":54,"key":"Lantern"}],"event_choices":[{"damage_healed":0.0,"max_hp_gain":0.0,"max_hp_loss":0.0,"gold_gain":150.0,"event_name":"Liars Game","player_choice":"AGREE","floor":7.0,"gold_loss":0.0,"damage_taken":0.0,"cards_obtained":["Doubt"]},{"damage_healed":0.0,"max_hp_gain":5.0,"max_hp_loss":0.0,"gold_gain":0.0,"event_name":"Big Fish","player_choice":"Donut","floor":11.0,"gold_loss":0.0,"damage_taken":0.0},{"damage_healed":0.0,"max_hp_gain":0.0,"max_hp_loss":0.0,"gold_gain":0.0,"event_name":"Golden Idol","player_choice":"Take Damage","floor":12.0,"gold_loss":0.0,"damage_taken":26.0,"relics_obtained":["Golden Idol"]},{"damage_healed":0.0,"max_hp_gain":0.0,"max_hp_loss":0.0,"gold_gain":0.0,"event_name":"Cursed Tome","player_choice":"Obtained Book","floor":21.0,"gold_loss":0.0,"damage_taken":21.0},{"damage_healed":0.0,"max_hp_gain":0.0,"max_hp_loss":0.0,"gold_gain":0.0,"event_name":"Masked Bandits","player_choice":"Fought Bandits","floor":28.0,"gold_loss":0.0,"damage_taken":0.0},{"damage_healed":0.0,"max_hp_gain":0.0,"max_hp_loss":0.0,"gold_gain":0.0,"event_name":"Vampires","player_choice":"Ignored","floor":31.0,"gold_loss":0.0,"damage_taken":0.0},{"damage_healed":0.0,"max_hp_gain":0.0,"max_hp_loss":0.0,"gold_gain":0.0,"event_name":"SensoryStone","player_choice":"Memory 1","floor":38.0,"gold_loss":0.0,"damage_taken":0.0},{"damage_healed":0.0,"max_hp_gain":0.0,"max_hp_loss":0.0,"gold_gain":50.0,"event_name":"Golden Shrine","player_choice":"Pray","floor":44.0,"gold_loss":0.0,"damage_taken":0.0}],"is_beta":false,"boss_relics":[{"not_picked":["Black Star","Empty Cage"],"picked":"Runic Pyramid"},{"not_picked":["Coffee Dripper","Snecko Eye"],"picked":"Tiny House"}],"items_purged_floors":[3,13,36,39,53],"is_endless":false,"potions_floor_spawned":[1,4,14,16,18,22,24,28,33,45,46,54],"ascension_level":19}}