{"host":"pgm1p3lvdjflie30","time":1613999447,"event":{"mods":["ATMod(ªü½@Mod)","Act Like it!","Aspiration","BaseMod","Colored Map","Colored Powertips","Conspire","Downfall","Energized Spire","Gensokyo","Hermit","HornydragonMod","Minty Spire (QoL Compilation)","Quarter Circle Forward PUNCH!","Reliquary","Robot Space Explorer","Spicy Shops","StSLib","The Jungle","The Marked","Waifu the Spire","¡i?ª«¥dµP¡jREMEMod"],"gold_per_floor":[99,115,126,126,226,255,279,79,147,147,447,509,509,651,651,651,671,689,739,789,839,839,900,950,1000,1064,1064,1064,1064,1095,1095,1095,1095,1095],"floor_reached":35,"language":"ZHS","playtime":625,"items_purged":[],"score":1351,"play_id":"e4fa290f-0e0f-4af8-8669-d1cac0669c99","local_time":"20210222211047","is_ascension_mode":false,"campfire_choices":[{"floor":1,"key":"RECALL"},{"data":"AT_OneInchPunch","floor":10,"key":"SMITH"},{"data":"hexamod:GiftsFromTheDead","floor":13,"key":"SMITH"},{"data":"hexamod:Toasty","floor":16,"key":"SMITH"},{"data":"Fusion","floor":27,"key":"SMITH"},{"data":"hexamod:RainOfEmbers","floor":32,"key":"SMITH"}],"circlet_count":0,"master_deck":["conspire:GhostlyDefend","conspire:GhostlyDefend","conspire:GhostlyDefend","conspire:GhostlyDefend","hexamod:Sear","hexamod:Float","AT_OneInchPunch+1","Fusion+1","hexamod:Firestarter","hexamod:BurningTouch","hexamod:EmpoweredFlame","hexamod:GiftsFromTheDead+1","hexamod:FirstSeal","hexamod:RainOfEmbers+1","hexamod:FourthSeal","hexamod:ThirdSeal","hexamod:SecondSeal","hexamod:FirstSeal","hexamod:Toasty+1","hexamod:GhostShield+1","hexamod:GhostLash+1","hexamod:SpectersWail","hexamod:HeatMetal","Slimebound:Tackle+1","Slimebound:Tackle+1","Slimebound:Tackle+1","hexamod:Again","Pain","hexamod:AdvancingGuard+1","hexamod:GhostOfSpirePresent","hexamod:TurnItUp"],"relics":["hexamod:SpiritBrand","AT_ATBox","REME_ComplimentaryCards","Dream Catcher","downfall:CloakOfManyFaces","CultistMask","FaceOfCleric","NlothsMask","GremlinMask","SsserpentHead","WingedGreaves","downfall:HeartBlessingGreen","downfall:HeartBlessingRed","energizedSpire:MagnifyingGlass","Enchiridion","reliquary:RosewoodLute","Bronze Scales","downfall:HeartBlessingBlue","bronze:MakeshiftBattery","AT_ChloranthyRing"],"acts_visited":["Exordium","TheCity","TheBeyond","TheEnding"],"potions_floor_usage":[],"damage_taken":[{"damage":0,"enemies":"Small Slimes","floor":2,"turns":1},{"damage":0,"enemies":"2 Louse","floor":3,"turns":2},{"damage":0,"enemies":"downfall:FaceTrader","floor":5,"turns":1},{"damage":0,"enemies":"Gremlin Nob","floor":6,"turns":1},{"damage":0,"enemies":"Cultist","floor":9,"turns":1},{"damage":0,"enemies":"downfall:FleeingMerchant","floor":11,"turns":1},{"damage":0,"enemies":"Gremlin Gang","floor":12,"turns":1},{"damage":0,"enemies":"DF_ARCHETYPE_STREAMLINE","floor":14,"turns":1},{"damage":0,"enemies":"conspire:FuzzyDice","floor":17,"turns":1},{"damage":0,"enemies":"3 Byrds","floor":18,"turns":1},{"damage":0,"enemies":"3 Byrds","floor":19,"turns":1},{"damage":0,"enemies":"Centurion and Healer","floor":23,"turns":1},{"damage":0,"enemies":"Snake Plant","floor":26,"turns":1},{"damage":0,"enemies":"IC_MUSHROOM_ARCHETYPE","floor":27,"turns":1},{"damage":0,"enemies":"SI_POISON_ARCHETYPE","floor":28,"turns":1},{"damage":0,"enemies":"downfall:CharBossMerchant","floor":30,"turns":1},{"damage":0,"enemies":"downfall:NeowBoss","floor":33,"turns":3},{"damage":27,"enemies":"downfall:NeowBossFinal","floor":34,"turns":3}],"seed_played":"-8054639643928558632","potions_obtained":[{"floor":6,"key":"Explosive Potion"},{"floor":12,"key":"Guardian:BlockOnCardUsePotion"},{"floor":14,"key":"Block Potion"},{"floor":18,"key":"SmokeBomb"},{"floor":19,"key":"qcfpunch:Challenger_Coin"},{"floor":19,"key":"qcfpunch:Challenger_Coin"},{"floor":19,"key":"qcfpunch:Challenger_Coin"}],"is_trial":false,"path_per_floor":["R","M","M","?","?","E","T","R","M","R","$","M","R","?",null,"R","M","M","?","?","?","T","M","T","?","M","R",null,null,"E","$","R","B","B",null],"character_chosen":"THE_SPIRIT","items_purchased":[],"campfire_rested":0,"item_purchase_floors":[],"current_hp_per_floor":[70,70,70,70,70,71,71,71,72,72,73,74,74,68,75,75,76,77,78,78,62,62,63,63,63,64,75,92,92,93,93,93,94,68],"gold":1095,"neow_bonus":"RANDOM_COMMON_RELIC","is_daily":false,"chose_seed":false,"campfire_upgraded":5,"win_rate":0.0,"timestamp":1613999447,"path_taken":["R","M","M","?","?","E","T","R","?","R","$","?","R","?","BOSS","R","M","M","?","?","?","T","?","?","?","?","R","BOSS","BOSS","E","$","R","BOSS","BOSS"],"items_purchased_type":[],"build_version":"2020-12-22","purchased_purges":0,"victory":true,"max_hp_per_floor":[70,70,70,70,70,71,71,71,72,72,73,74,74,75,75,75,76,77,78,78,78,78,79,79,79,80,91,92,92,93,93,93,94,95],"card_choices":[{"not_picked":["hexamod:EtherealExpedition","hexamod:GhostShield"],"picked":"hexamod:Firestarter","floor":2},{"not_picked":["hexamod:FastForward","hexamod:GhostShield"],"picked":"hexamod:BurningTouch","floor":3},{"not_picked":["hexamod:BacktrackSmack","hexamod:NightmareStrike"],"picked":"hexamod:EmpoweredFlame","floor":5},{"not_picked":["hexamod:FourthSeal","hexamod:GhostOfSpirePast"],"picked":"hexamod:GiftsFromTheDead","floor":6},{"not_picked":["hexamod:HeatMetal","hexamod:GhostOfSpireFuture"],"picked":"hexamod:NightmareGuise","floor":9},{"not_picked":["hexamod:GhostLash","hexamod:NightmareStrike"],"picked":"hexamod:FirstSeal","floor":11},{"not_picked":["hexamod:CatchUp","hexamod:BurningTouch"],"picked":"hexamod:RainOfEmbers","floor":12},{"not_picked":["hexamod:TimeOfNeed","hexamod:TimeWarp"],"picked":"hexamod:Toasty","floor":14},{"not_picked":["hexamod:Hexaguard","hexamod:EtherealExpedition"],"picked":"hexamod:GhostShield+1","floor":17},{"not_picked":["hexamod:FastForward","hexamod:FlamesFromBeyond"],"picked":"hexamod:GhostLash+1","floor":18},{"not_picked":["hexamod:GhostShield","hexamod:BacktrackSmack"],"picked":"hexamod:SpectersWail","floor":19},{"not_picked":["hexamod:RecurringNightmare","hexamod:RetreatToShadows"],"picked":"hexamod:HeatMetal","floor":19},{"not_picked":["hexamod:GhostOfSpireFuture","hexamod:AdvancingGuard"],"picked":"hexamod:Again","floor":23},{"not_picked":["hexamod:ExtraCrispy","hexamod:BurningTouch+1"],"picked":"hexamod:AdvancingGuard+1","floor":26},{"not_picked":["hexamod:ApocalypticArmor","hexamod:HexaLevel"],"picked":"hexamod:GhostOfSpirePresent","floor":27},{"not_picked":["hexamod:FastForward+1","hexamod:ShieldOfDarkness"],"picked":"hexamod:TurnItUp","floor":30}],"player_experience":483398,"relics_obtained":[{"floor":5,"key":"downfall:CloakOfManyFaces"},{"floor":6,"key":"WingedGreaves"},{"floor":21,"key":"Enchiridion"},{"floor":24,"key":"reliquary:RosewoodLute"},{"floor":30,"key":"AT_ChloranthyRing"}],"event_choices":[{"damage_healed":0,"gold_gain":0,"player_choice":"Agree","damage_taken":0,"max_hp_gain":0,"max_hp_loss":0,"event_name":"conspire:LoneGhost","floor":4,"gold_loss":0}],"is_beta":false,"boss_relics":[{"not_picked":["reliquary:Ember","reliquary:RedCape"],"picked":"energizedSpire:MagnifyingGlass"},{"not_picked":["AT_MortalBlade","qcfpunch:Dark_Gi"],"picked":"bronze:MakeshiftBattery"}],"items_purged_floors":[],"is_endless":false,"potions_floor_spawned":[6,12,14,18,19,27],"ascension_level":0}}