{"host":"2uq4yl5bzsf2ox6r","time":1613952051,"event":{"mods":["AchievementEnabler","BaseMod","Colored Map","Highlight Path","Minty Spire (QoL Compilation)","Relic Stats","StSLib"],"gold_per_floor":[115,134,153,153,153,153,196,196,196,234,43,66,66,79,79,198,198,212,0,0,0,0,39,60,60,87,130,130,145,145,145,145,275,275,296,1,17,40,40,79,100,100,155,155,186,7,42,61,61,61,61],"floor_reached":50,"language":"ENG","playtime":3751,"items_purged":["Strike_G","Noxious Fumes","Defend_G","Poisoned Stab"],"score":770,"play_id":"bd7f540e-5cec-4250-a25b-3a2900542c52","local_time":"20210221190051","is_ascension_mode":true,"campfire_choices":[{"data":"Neutralize","floor":6,"key":"SMITH"},{"floor":8,"key":"DIG"},{"floor":15,"key":"DIG"},{"data":"Ghostly","floor":25,"key":"SMITH"},{"data":"Ghostly","floor":28,"key":"SMITH"},{"floor":32,"key":"DIG"},{"data":"Ghostly","floor":42,"key":"SMITH"},{"data":"Ghostly","floor":44,"key":"SMITH"},{"data":"Ghostly","floor":49,"key":"SMITH"}],"circlet_count":0,"master_deck":["Defend_G","Defend_G","Survivor","Neutralize+1","Heel Hook","PiercingWail","Backflip","Bane+1","Sucker Punch+1","Poisoned Stab+1","Deflect","Riddle With Holes+1","Venomology","Bane+1","PiercingWail","Ghostly+1","Ghostly+1","Ghostly+1","Ghostly+1","Ghostly+1","Well Laid Plans","Catalyst+1","Deadly Poison","Slice+1","Dash+1","Ghostly+1","Wraith Form v2","Flash of Steel+1","Footwork+1","Poisoned Stab+1","Prepared+1","Prepared+1","Terror","Footwork+1","A Thousand Cuts+1","Dagger Spray+1"],"relics":["Ring of the Snake","Golden Idol","Shovel","Pocketwatch","Molten Egg 2","Toy Ornithopter","Gambling Chip","Empty Cage","Membership Card","Anchor","Art of War","PreservedInsect","Centennial Puzzle","Nunchaku","Philosopher\u0027s Stone","Frozen Egg 2","MealTicket","Potion Belt","Torii","Lantern","Mummified Hand"],"acts_visited":["Exordium","TheCity","TheBeyond"],"potions_floor_usage":[14,14,23,27,29,33,35,37,40,41,47,50,50,50,50,50],"damage_taken":[{"damage":0,"enemies":"Cultist","floor":1,"turns":3},{"damage":0,"enemies":"2 Louse","floor":2,"turns":3},{"damage":0,"enemies":"Jaw Worm","floor":3,"turns":4},{"damage":21,"enemies":"Gremlin Nob","floor":7,"turns":5},{"damage":20,"enemies":"Lagavulin","floor":10,"turns":8},{"damage":1,"enemies":"Large Slime","floor":12,"turns":5},{"damage":0,"enemies":"Exordium Thugs","floor":14,"turns":3},{"damage":6,"enemies":"Slime Boss","floor":16,"turns":6},{"damage":11,"enemies":"3 Byrds","floor":18,"turns":4},{"damage":11,"enemies":"Book of Stabbing","floor":23,"turns":7},{"damage":5,"enemies":"Chosen","floor":24,"turns":7},{"damage":4,"enemies":"Gremlin Leader","floor":27,"turns":5},{"damage":0,"enemies":"Snake Plant","floor":29,"turns":4},{"damage":6,"enemies":"Collector","floor":33,"turns":7},{"damage":0,"enemies":"Orb Walker","floor":35,"turns":5},{"damage":5,"enemies":"3 Darklings","floor":37,"turns":7},{"damage":1,"enemies":"Transient","floor":38,"turns":5},{"damage":2,"enemies":"Giant Head","floor":40,"turns":7},{"damage":0,"enemies":"Jaw Worm Horde","floor":41,"turns":6},{"damage":1,"enemies":"Nemesis","floor":45,"turns":5},{"damage":5,"enemies":"Reptomancer","floor":47,"turns":4},{"damage":0,"enemies":"Spire Growth","floor":48,"turns":4},{"damage":83,"enemies":"Awakened One","floor":50,"turns":12}],"seed_played":"-1208334734807030705","potions_obtained":[{"floor":7,"key":"Energy Potion"},{"floor":10,"key":"EssenceOfSteel"},{"floor":24,"key":"Dexterity Potion"},{"floor":33,"key":"Energy Potion"},{"floor":35,"key":"EssenceOfSteel"},{"floor":37,"key":"GamblersBrew"},{"floor":47,"key":"Explosive Potion"}],"is_trial":false,"path_per_floor":["M","M","M","?","?","R","E","R","T","E","$","M","?","M","R","B",null,"M","$","?","?","?","E","M","R","T","E","R","M","?","?","R","B",null,"M","$","M","M","?","E","M","R","T","R","E","$","E","M","R","B"],"character_chosen":"THE_SILENT","items_purchased":["Sucker Punch+1","Noxious Fumes","Membership Card","PiercingWail","Frozen Egg 2","Flash of Steel+1","Footwork+1","Poisoned Stab+1","Lantern","Swift Potion"],"campfire_rested":0,"item_purchase_floors":[11,11,19,19,36,36,36,36,46,46],"current_hp_per_floor":[70,70,70,75,69,69,48,48,48,28,28,27,27,37,37,31,60,49,49,34,34,30,24,19,19,19,20,20,25,25,25,25,24,35,39,39,34,33,33,36,39,39,39,39,38,39,34,34,34,0,0],"gold":61,"neow_bonus":"TRANSFORM_CARD","is_daily":false,"chose_seed":false,"campfire_upgraded":6,"win_rate":0.0,"timestamp":1613952051,"path_taken":["M","M","?","?","?","R","E","R","T","E","$","M","?","M","R","BOSS","M","$","?","?","?","E","?","R","T","E","R","M","?","?","R","BOSS","M","$","M","?","?","E","M","R","T","R","E","?","E","M","R","BOSS"],"items_purchased_type":["Card","Card","Relic","Card","Relic","Card","Card","Card","Relic","Potion"],"build_version":"2020-12-22","purchased_purges":4,"victory":false,"max_hp_per_floor":[70,70,70,75,69,69,69,69,69,69,69,69,69,69,69,69,69,69,69,34,34,39,39,39,39,39,39,39,39,39,39,39,39,39,39,39,39,39,39,39,39,39,39,39,39,39,39,39,39,39,39],"relic_stats":{"Torii":0,"counters":[23,126],"Golden Idol":143,"PreservedInsect":275,"Centennial Puzzle":[21],"Nunchaku":[13],"Shovel":3,"Mummified Hand":[6],"Gambling Chip":[47],"MealTicket":1,"Art of War":[6],"obtain_stats":[{"Potion Belt":43,"Lantern":46,"Torii":45,"Golden Idol":5,"PreservedInsect":26,"Frozen Egg 2":36,"Empty Cage":17,"Anchor":21,"Centennial Puzzle":27,"Nunchaku":32,"Shovel":7,"Mummified Hand":47,"Gambling Chip":15,"Molten Egg 2":9,"Philosopher\u0027s Stone":34,"MealTicket":40,"Art of War":23,"Membership Card":19,"Toy Ornithopter":10,"Ring of the Snake":0,"Pocketwatch":8},{"Potion Belt":19,"Lantern":20,"Torii":20,"Golden Idol":3,"PreservedInsect":11,"Frozen Egg 2":15,"Empty Cage":8,"Anchor":9,"Centennial Puzzle":12,"Nunchaku":13,"Shovel":4,"Mummified Hand":21,"Gambling Chip":7,"Molten Egg 2":4,"Philosopher\u0027s Stone":14,"MealTicket":18,"Art of War":10,"Membership Card":9,"Toy Ornithopter":5,"Ring of the Snake":0,"Pocketwatch":4},{"Potion Belt":101,"Lantern":106,"Torii":106,"Golden Idol":10,"PreservedInsect":55,"Frozen Egg 2":76,"Empty Cage":37,"Anchor":41,"Centennial Puzzle":60,"Nunchaku":64,"Shovel":15,"Mummified Hand":110,"Gambling Chip":31,"Molten Egg 2":15,"Philosopher\u0027s Stone":71,"MealTicket":95,"Art of War":48,"Membership Card":41,"Toy Ornithopter":23,"Ring of the Snake":0,"Pocketwatch":15}],"Toy Ornithopter":67,"Ring of the Snake":[46],"Pocketwatch":[71]},"card_choices":[{"not_picked":["Poisoned Stab","Outmaneuver","Reflex"],"picked":"SKIP","floor":1},{"not_picked":["Prepared","Dagger Throw"],"picked":"Heel Hook","floor":2},{"not_picked":["Flying Knee","Underhanded Strike"],"picked":"PiercingWail","floor":3},{"not_picked":["Eviscerate","Unload"],"picked":"Backflip","floor":7},{"not_picked":["Blur","Acrobatics"],"picked":"Bane+1","floor":10},{"not_picked":["Acrobatics","Backstab+1"],"picked":"Poisoned Stab+1","floor":12},{"not_picked":["Outmaneuver","Prepared"],"picked":"Riddle With Holes+1","floor":14},{"not_picked":["Burst","Die Die Die+1"],"picked":"Venomology","floor":16},{"not_picked":["Flying Knee+1","Acrobatics"],"picked":"Bane+1","floor":18},{"not_picked":["Tools of the Trade","Acrobatics"],"picked":"Well Laid Plans","floor":23},{"not_picked":["Bane+1","Quick Slash+1"],"picked":"Catalyst+1","floor":24},{"not_picked":["Masterful Stab+1","PiercingWail","Prepared"],"picked":"SKIP","floor":27},{"not_picked":["Crippling Poison","PiercingWail"],"picked":"Deadly Poison","floor":29},{"not_picked":["Grand Finale+1","Doppelganger"],"picked":"Wraith Form v2","floor":33},{"not_picked":["Flechettes+1","Underhanded Strike+1","Blade Dance"],"picked":"SKIP","floor":35},{"not_picked":["Underhanded Strike+1","Leg Sweep"],"picked":"Prepared+1","floor":37},{"not_picked":["Poisoned Stab+1","Bane+1"],"picked":"Prepared+1","floor":38},{"not_picked":["Flying Knee+1","Blade Dance+1","Poisoned Stab+1"],"picked":"SKIP","floor":40},{"not_picked":["Malaise","Backflip"],"picked":"Terror","floor":41},{"not_picked":["Prepared","Dagger Throw+1"],"picked":"Footwork+1","floor":45},{"not_picked":["Dagger Spray+1","Sucker Punch+1"],"picked":"A Thousand Cuts+1","floor":47},{"not_picked":["Dodge and Roll+1","Deflect+1"],"picked":"Dagger Spray+1","floor":48}],"player_experience":175744,"relics_obtained":[{"floor":7,"key":"Shovel"},{"floor":8,"key":"Pocketwatch"},{"floor":9,"key":"Molten Egg 2"},{"floor":10,"key":"Toy Ornithopter"},{"floor":15,"key":"Gambling Chip"},{"floor":23,"key":"Art of War"},{"floor":26,"key":"PreservedInsect"},{"floor":27,"key":"Centennial Puzzle"},{"floor":32,"key":"Nunchaku"},{"floor":40,"key":"MealTicket"},{"floor":43,"key":"Potion Belt"},{"floor":45,"key":"Torii"},{"floor":47,"key":"Mummified Hand"}],"event_choices":[{"damage_healed":0,"gold_gain":0,"player_choice":"Donut","damage_taken":0,"max_hp_gain":5,"max_hp_loss":0,"event_name":"Big Fish","floor":4,"gold_loss":0},{"damage_healed":0,"gold_gain":0,"player_choice":"Lose Max HP","damage_taken":0,"relics_obtained":["Golden Idol"],"max_hp_gain":0,"max_hp_loss":6,"event_name":"Golden Idol","floor":5,"gold_loss":0},{"damage_healed":0,"gold_gain":0,"cards_transformed":["Strike_G"],"player_choice":"Transformed","damage_taken":0,"max_hp_gain":0,"max_hp_loss":0,"event_name":"Transmorgrifier","floor":13,"gold_loss":0,"cards_obtained":["Deflect"]},{"damage_healed":0,"gold_gain":0,"player_choice":"Became a Ghost","damage_taken":0,"max_hp_gain":0,"max_hp_loss":35,"event_name":"Ghosts","floor":20,"gold_loss":0,"cards_obtained":["Ghostly","Ghostly","Ghostly","Ghostly","Ghostly"]},{"damage_healed":0,"gold_gain":0,"player_choice":"Opened","damage_taken":0,"relics_obtained":["Anchor"],"max_hp_gain":0,"max_hp_loss":0,"event_name":"The Mausoleum","floor":21,"gold_loss":0},{"damage_healed":0,"gold_gain":0,"player_choice":"Shed Blood","damage_taken":9,"max_hp_gain":5,"max_hp_loss":0,"event_name":"Forgotten Altar","floor":22,"gold_loss":0},{"damage_healed":0,"gold_gain":0,"cards_transformed":["Defend_G","Defend_G"],"player_choice":"Became Test Subject","damage_taken":0,"max_hp_gain":0,"max_hp_loss":0,"event_name":"Drug Dealer","floor":30,"gold_loss":0,"cards_obtained":["Slice","Dash"]},{"damage_healed":0,"gold_gain":0,"player_choice":"Copied","damage_taken":0,"max_hp_gain":0,"max_hp_loss":0,"event_name":"Duplicator","floor":31,"gold_loss":0,"cards_obtained":["Ghostly"]},{"damage_healed":0,"gold_gain":0,"player_choice":"Ignored","damage_taken":0,"max_hp_gain":0,"max_hp_loss":0,"event_name":"SecretPortal","floor":39,"gold_loss":0}],"is_beta":false,"boss_relics":[{"not_picked":["Pandora\u0027s Box","Cursed Key"],"picked":"Empty Cage"},{"not_picked":["Runic Dome","Tiny House"],"picked":"Philosopher\u0027s Stone"}],"items_purged_floors":[11,19,36,46],"is_endless":false,"potions_floor_spawned":[7,10,24,33,35,37,40,47],"killed_by":"Awakened One","ascension_level":5}}