{"host":"z439itq93uucuvou","time":1613977826,"event":{"mods":["BaseMod","Colored Powertips","Downfall","Jorbs\u0027s Wanderer Trilogy","Minty Spire (QoL Compilation)","StSLib"],"gold_per_floor":[99,112,130,149,165,178,178,178,211,226,226,284,298,330,340,438,438,438,252,270,270,4,22,22,22,52,67,97,97,97,113,124,225,275,75,94,105,90,90,121,145,145,68,85,85,102,2,19,29,29,29,29,29,29],"floor_reached":52,"language":"ENG","playtime":3939,"items_purged":["champ:Strike","Pride"],"score":788,"play_id":"7afa5dc3-53e9-4fd4-92ea-b62b3a366208","local_time":"20210221231026","is_ascension_mode":false,"campfire_choices":[{"data":"champ:Taunt","floor":1.0,"key":"SMITH"},{"data":"champ:Encircle","floor":8.0,"key":"SMITH"},{"data":"champ:ShieldSlam","floor":11.0,"key":"SMITH"},{"floor":18.0,"key":"RECALL"},{"data":"champ:Improvising","floor":25.0,"key":"SMITH"},{"data":"champ:Improvising","floor":29.0,"key":"SMITH"},{"data":"champ:LastStand","floor":35.0,"key":"SMITH"},{"data":"champ:EndlessRage","floor":45,"key":"SMITH"},{"data":"expansioncontent:DashGenerateEvil","floor":47,"key":"SMITH"}],"circlet_count":0,"master_deck":["champ:Defend","champ:Defend","champ:Defend","champ:Defend","champ:Execute","champ:Taunt+1","champ:ShieldSlam+1","champ:RecklessLeap","champ:Shatter","champ:Encircle+1","champ:FanOfKnives+1","champ:DefensiveShout","champ:GutPunch","champ:VampiricStrike","champ:Improvising+1","champ:Haymaker","champ:VampiricStrike","champ:TornadoPunch+1","champ:HoldFirm+1","champ:HeartStrike+1","expansioncontent:DashGenerateEvil+1","champ:FlashCut","champ:TripleStrike","champ:Improvising+1","champ:EnGarde","champ:EnGarde+1","champ:CalledShot","champ:VampiricStrike","Pride","champ:CrookedStrike+1","champ:FocusedDefense","champ:LastStand+1","champ:Endure","champ:Duel+1","champ:FlashCut+1","champ:FocusedBerserking","champ:SetATrap","champ:AdrenalArmor+1","champ:EndlessRage+1","champ:Endure","champ:RisingSlash+1","champ:AdrenalArmor","champ:IronFortress+1"],"relics":["champ:ChampionCrown","Thread and Needle","Meat on the Bone","Dream Catcher","Mango","Lantern","Astrolabe","DollysMirror","Pantograph","Calipers","Anchor","Tiny House","downfall:HeartBlessingRed","downfall:HeartBlessingGreen","Bag of Preparation","Bottled Lightning","downfall:HeartBlessingBlue"],"acts_visited":["Exordium","TheCity","TheBeyond","TheEnding"],"potions_floor_usage":[50],"damage_taken":[{"damage":12.0,"enemies":"Jaw Worm","floor":2.0,"turns":6.0},{"damage":10.0,"enemies":"2 Louse","floor":3.0,"turns":3.0},{"damage":10.0,"enemies":"Cultist","floor":4.0,"turns":4.0},{"damage":33.0,"enemies":"Blue Slaver","floor":5.0,"turns":4.0},{"damage":16.0,"enemies":"3 Louse","floor":6.0,"turns":3.0},{"damage":28.0,"enemies":"Gremlin Nob","floor":9.0,"turns":5.0},{"damage":16.0,"enemies":"downfall:LooterAlt","floor":10.0,"turns":2.0},{"damage":20.0,"enemies":"Gremlin Nob","floor":12.0,"turns":3.0},{"damage":23.0,"enemies":"Exordium Wildlife","floor":13.0,"turns":4.0},{"damage":34.0,"enemies":"Lagavulin","floor":14.0,"turns":5.0},{"damage":0.0,"enemies":"Gremlin Gang","floor":15.0,"turns":2.0},{"damage":35.0,"enemies":"SI_SHIV_ARCHETYPE","floor":16.0,"turns":5.0},{"damage":10.0,"enemies":"downfall:FleeingMerchant","floor":19.0,"turns":4.0},{"damage":0.0,"enemies":"Chosen","floor":20.0,"turns":4.0},{"damage":25.0,"enemies":"downfall:FleeingMerchant","floor":22.0,"turns":4.0},{"damage":10.0,"enemies":"3 Byrds","floor":23.0,"turns":5.0},{"damage":20.0,"enemies":"Slavers","floor":26.0,"turns":5.0},{"damage":10.0,"enemies":"Centurion and Healer","floor":27.0,"turns":4.0},{"damage":55.0,"enemies":"Gremlin Leader","floor":28.0,"turns":6.0},{"damage":25.0,"enemies":"Snecko","floor":31.0,"turns":5.0},{"damage":20.0,"enemies":"Sentry and Sphere","floor":32.0,"turns":4.0},{"damage":64.0,"enemies":"WA_ARCHETYPE_CALM","floor":33.0,"turns":7.0},{"damage":9.0,"enemies":"Orb Walker","floor":36.0,"turns":4.0},{"damage":20.0,"enemies":"3 Shapes","floor":37.0,"turns":7.0},{"damage":15.0,"enemies":"downfall:FleeingMerchant","floor":38.0,"turns":4.0},{"damage":0,"enemies":"Reptomancer","floor":40,"turns":5},{"damage":45,"enemies":"downfall:FleeingMerchant","floor":43,"turns":4},{"damage":68,"enemies":"Jaw Worm Horde","floor":44,"turns":5},{"damage":60,"enemies":"Spire Growth","floor":46,"turns":4},{"damage":37,"enemies":"Writhing Mass","floor":48,"turns":6},{"damage":20,"enemies":"Sphere and 2 Shapes","floor":49,"turns":3},{"damage":158,"enemies":"IC_BLOCK_ARCHETYPE","floor":50,"turns":9},{"damage":185,"enemies":"downfall:CharBossMerchant","floor":52,"turns":7}],"seed_played":"-8275652178300562238","potions_obtained":[{"floor":2.0,"key":"PowerPotion"},{"floor":3.0,"key":"SneckoOil"},{"floor":6.0,"key":"Block Potion"},{"floor":12.0,"key":"GamblersBrew"},{"floor":13.0,"key":"GamblersBrew"},{"floor":15.0,"key":"BlessingOfTheForge"},{"floor":20.0,"key":"Block Potion"},{"floor":26.0,"key":"SkillPotion"},{"floor":28.0,"key":"Guardian:BlockOnCardUsePotion"},{"floor":32.0,"key":"champ:OpenerPotion"},{"floor":34.0,"key":"BlessingOfTheForge"},{"floor":40,"key":"Strength Potion"}],"is_trial":false,"path_per_floor":["R","M","M","M","M","M","T","R","E","M","R","?","M","E","M","B",null,"R","$","M","?","$","M","T","R","E","M","E","R","?","M","M","B",null,"R","M","M","?","?","E","T","?","$","M","R","M","R","M","M","B",null,"E"],"character_chosen":"THE_CHAMP","items_purchased":["expansioncontent:DashGenerateEvil","DollysMirror","champ:EnGarde","champ:EndlessRage","Bottled Lightning"],"campfire_rested":0,"item_purchase_floors":[19,22,22,43,43],"current_hp_per_floor":[81,79,79,79,71,70,70,70,62,61,61,65,69,60,60,50,95,95,95,95,95,95,90,90,90,75,75,67,67,32,44,56,79,100,100,91,91,91,91,91,91,91,81,70,70,82,92,87,87,24,110,0,0,0],"gold":29,"neow_bonus":"ONE_RARE_RELIC","is_daily":false,"chose_seed":false,"campfire_upgraded":8,"win_rate":0.0,"timestamp":1613977826,"path_taken":["R","M","M","M","M","M","T","R","E","M","R","?","M","E","M","BOSS","R","$","M","?","$","M","T","R","E","M","E","R","?","?","M","BOSS","R","M","M","?","?","E","T","?","$","M","R","M","R","?","M","BOSS","E"],"items_purchased_type":["Card","Relic","Card","Card","Relic"],"build_version":"2020-12-22","purchased_purges":2,"victory":false,"max_hp_per_floor":[81,81,81,81,81,81,81,81,81,81,81,95,95,95,95,95,95,95,95,95,95,95,95,95,95,95,95,95,95,95,95,95,95,100,100,100,100,100,100,100,100,100,100,100,100,100,110,110,110,110,110,110,110,110],"card_choices":[{"not_picked":["champ:PreemptiveStrike","champ:DefensiveShout"],"picked":"champ:IronFortress","floor":2.0},{"not_picked":["champ:EnGarde","champ:Shatter"],"picked":"champ:ShieldSlam","floor":3.0},{"not_picked":["champ:BerserkersShout","champ:FocusedDefense"],"picked":"champ:RecklessLeap","floor":4.0},{"not_picked":["champ:RecklessLeap","champ:BladeFlurry"],"picked":"champ:Shatter","floor":5.0},{"not_picked":["champ:RecklessLeap","champ:EnGarde"],"picked":"champ:Encircle","floor":6.0},{"not_picked":["champ:SkillfulDodge","champ:Backstep"],"picked":"champ:FanOfKnives","floor":9.0},{"not_picked":["champ:Backstep","champ:PerfectedStrike"],"picked":"champ:DefensiveShout","floor":10.0},{"not_picked":["champ:FlashCut","champ:Circumvent"],"picked":"champ:GutPunch","floor":12.0},{"not_picked":["champ:IronFortress","champ:AdrenalArmor"],"picked":"champ:VampiricStrike","floor":13.0},{"not_picked":["champ:CheapShot","champ:GutPunch"],"picked":"champ:Improvising","floor":14.0},{"not_picked":["champ:EnGarde","champ:DefensiveShout"],"picked":"champ:Haymaker","floor":15.0},{"not_picked":["champ:CheapShot","champ:HoldFirm"],"picked":"champ:VampiricStrike","floor":16.0},{"not_picked":["champ:Haymaker","champ:EnGarde","champ:GutPunch"],"picked":"SKIP","floor":19.0},{"not_picked":["champ:GutPunch","champ:RapidStrikes+1"],"picked":"champ:FlashCut","floor":20.0},{"not_picked":["champ:AdrenalArmor","champ:DefensiveShout"],"picked":"champ:TripleStrike","floor":22.0},{"not_picked":["champ:FanOfKnives+1","champ:Circumvent"],"picked":"champ:EnGarde+1","floor":23.0},{"not_picked":["champ:DefensiveShout","champ:EnragedBash"],"picked":"champ:CalledShot","floor":26.0},{"not_picked":["champ:BerserkersShout","champ:GutPunch+1","champ:PreciseThrust+1"],"picked":"SKIP","floor":27.0},{"not_picked":["champ:DeathBlow","champ:AdrenalArmor"],"picked":"champ:VampiricStrike","floor":28.0},{"not_picked":["champ:BladeFlurry+1","champ:PreemptiveStrike"],"picked":"champ:CrookedStrike+1","floor":31.0},{"not_picked":["champ:Shatter","champ:RecklessLeap"],"picked":"champ:FocusedDefense","floor":32.0},{"not_picked":["champ:Devastate","champ:MurderStrike"],"picked":"champ:LastStand","floor":33.0},{"not_picked":["champ:GutPunch","champ:Backstep"],"picked":"champ:Endure","floor":34.0},{"not_picked":["champ:Backstep","champ:EnGarde"],"picked":"champ:Duel+1","floor":36.0},{"not_picked":["champ:DeathBlow","champ:TornadoPunch"],"picked":"champ:FlashCut+1","floor":37.0},{"not_picked":["champ:IronFortress","champ:BerserkersShout"],"picked":"champ:FocusedBerserking","floor":38.0},{"not_picked":["champ:EnGarde+1","champ:Circumvent"],"picked":"champ:SetATrap","floor":40},{"not_picked":["champ:EnGarde","champ:PerfectedStrike"],"picked":"champ:AdrenalArmor+1","floor":43},{"not_picked":["champ:FocusedDefense","champ:BringItOn"],"picked":"champ:Endure","floor":44},{"not_picked":["champ:BerserkersShout+1","champ:MurderStrike"],"picked":"champ:RisingSlash+1","floor":46},{"not_picked":["champ:Encircle","champ:GutPunch+1"],"picked":"champ:AdrenalArmor","floor":48},{"not_picked":["champ:RecklessLeap","champ:Encircle"],"picked":"champ:IronFortress+1","floor":49}],"player_experience":1725524,"relics_obtained":[{"floor":7.0,"key":"Meat on the Bone"},{"floor":9.0,"key":"Dream Catcher"},{"floor":12.0,"key":"Mango"},{"floor":14.0,"key":"Lantern"},{"floor":24.0,"key":"Pantograph"},{"floor":26.0,"key":"Calipers"},{"floor":28.0,"key":"Anchor"},{"floor":40,"key":"Bag of Preparation"}],"event_choices":[{"cards_removed":["champ:IronFortress"],"damage_healed":0,"gold_gain":0,"player_choice":"Removed Power","damage_taken":0,"max_hp_gain":0,"max_hp_loss":0,"event_name":"Falling","floor":42,"gold_loss":0}],"is_beta":false,"boss_relics":[{"not_picked":["Cursed Key","Fusion Hammer"],"picked":"Astrolabe"},{"not_picked":["Velvet Choker","bronze:MakeshiftBattery"],"picked":"Tiny House"}],"items_purged_floors":[22,43],"is_endless":false,"potions_floor_spawned":[2,3,6,12,13,15,20,26,28,32,37,40,48,49],"killed_by":"downfall:CharBossMerchant","ascension_level":0}}