{"host":"uvd23xk3ig6bv7xx","time":1613975159,"event":{"mods":["BaseMod","Better Vampires","Colored Powertips","Minty Spire (QoL Compilation)","Quick Restart","Relic Filter Mod","StSLib","SuperFastMode","Uncapped"],"gold_per_floor":[109,34,109,121,196,229,229,264,264,264,264,282,296,329,329,329,329],"floor_reached":16,"language":"ZHS","playtime":339,"items_purged":["Defend_B"],"score":150,"play_id":"412dbac4-b8b5-4221-85da-5b51aa2fbdfa","local_time":"20210222142559","is_ascension_mode":true,"campfire_choices":[{"data":"Beam Cell","floor":7,"key":"SMITH"},{"data":"Dualcast","floor":11,"key":"SMITH"},{"data":"Zap","floor":15,"key":"SMITH"}],"circlet_count":0,"master_deck":["Strike_B","Strike_B","Strike_B","Strike_B","Defend_B","Defend_B","Defend_B","Zap+1","Dualcast+1","Leap","Beam Cell+1","Sweeping Beam","Melter"],"relics":["Cracked Core","NeowsBlessing","Gremlin Horn","Singing Bowl","Vajra","InkBottle"],"acts_visited":["Exordium"],"potions_floor_usage":[8,8,8,14,14,16],"damage_taken":[{"damage":0.0,"enemies":"2 Louse","floor":1.0,"turns":1.0},{"damage":0,"enemies":"Cultist","floor":4,"turns":1},{"damage":0,"enemies":"Gremlin Nob","floor":6,"turns":1},{"damage":22,"enemies":"Lagavulin","floor":8,"turns":6},{"damage":0,"enemies":"Small Slimes","floor":12,"turns":2},{"damage":1,"enemies":"3 Louse","floor":13,"turns":3},{"damage":10,"enemies":"Gremlin Nob","floor":14,"turns":3},{"damage":49,"enemies":"Hexaghost","floor":16,"turns":10}],"seed_played":"8579562248335440086","potions_obtained":[{"floor":4,"key":"EntropicBrew"},{"floor":6,"key":"ColorlessPotion"},{"floor":14,"key":"Regen Potion"}],"is_trial":false,"path_per_floor":["M","$","?","M","?","E","R","E","T","?","R","M","M","E","R","B"],"character_chosen":"DEFECT","items_purchased":[],"campfire_rested":0,"item_purchase_floors":[],"current_hp_per_floor":[75,75,68,68,57,57,57,37,37,37,37,37,36,28,28,0,0],"gold":329,"neow_bonus":"THREE_ENEMY_KILL","is_daily":false,"chose_seed":false,"campfire_upgraded":3,"win_rate":0.0,"timestamp":1613975159,"path_taken":["M","$","?","?","?","E","R","E","T","?","R","M","M","E","R","BOSS"],"items_purchased_type":[],"build_version":"2020-12-22","purchased_purges":1,"victory":false,"max_hp_per_floor":[75,75,75,75,75,75,75,77,77,77,77,77,77,79,79,79,79],"card_choices":[{"not_picked":["Compile Driver","Reprogram"],"picked":"Leap","floor":1.0},{"not_picked":["Barrage","Hello World","Stack"],"picked":"SKIP","floor":4},{"not_picked":["Conserve Battery","Ball Lightning"],"picked":"Beam Cell","floor":6},{"not_picked":["Redo","Steam Power","Amplify"],"picked":"Singing Bowl","floor":8},{"not_picked":["Glacier","Rebound"],"picked":"Sweeping Beam","floor":12},{"not_picked":["Rebound","Redo"],"picked":"Melter","floor":13},{"not_picked":["Chaos","Biased Cognition","Leap"],"picked":"Singing Bowl","floor":14}],"player_experience":335585,"relics_obtained":[{"floor":6,"key":"Gremlin Horn"},{"floor":8,"key":"Singing Bowl"},{"floor":9,"key":"Vajra"},{"floor":14,"key":"InkBottle"}],"event_choices":[{"damage_healed":0,"gold_gain":75,"player_choice":"Touch","damage_taken":7,"max_hp_gain":0,"max_hp_loss":0,"event_name":"FaceTrader","floor":3,"gold_loss":0},{"damage_healed":0,"gold_gain":75,"player_choice":"Gather Gold","damage_taken":11,"max_hp_gain":0,"max_hp_loss":0,"event_name":"World of Goop","floor":5,"gold_loss":0},{"damage_healed":0,"gold_gain":0,"player_choice":"Ignored","damage_taken":0,"max_hp_gain":0,"max_hp_loss":0,"event_name":"Liars Game","floor":10,"gold_loss":0}],"is_beta":false,"boss_relics":[],"items_purged_floors":[2],"is_endless":false,"potions_floor_spawned":[4,6,14],"killed_by":"Hexaghost","ascension_level":1}}