{"host":"a9gsz7kv8aebwp1f","time":1613998285,"event":{"mods":["AchievementEnabler","BaseMod","Minty Spire (QoL Compilation)"],"gold_per_floor":[111,111,111,111,36,36,69,81,93,119,162,187,199,211,223,373,412,447,459,499,511,511],"floor_reached":21,"language":"KOR","playtime":738,"items_purged":[],"score":296,"play_id":"37a47451-93b1-464a-8856-4d09ac4d05d2","local_time":"20210222215125","is_ascension_mode":true,"campfire_choices":[{"floor":6,"key":"REST"},{"floor":8,"key":"REST"},{"floor":15,"key":"REST"}],"circlet_count":0,"master_deck":["AscendersBane","Strike_B","Strike_B+1","Defend_B+1","Defend_B","Defend_B","Dualcast+1","Hello World","Tempest","Leap","White Noise","Glacier","White Noise","Reboot","Creative AI+1","White Noise+1","Steam Power+1","Gash+1","Barrage"],"relics":["Cracked Core","Boot","Golden Idol","MawBank","White Beast Statue","Pear","PreservedInsect","CeramicFish","Astrolabe"],"acts_visited":["Exordium","TheCity"],"potions_floor_usage":[11,21,21],"damage_taken":[{"damage":7,"enemies":"Jaw Worm","floor":1,"turns":3},{"damage":26,"enemies":"3 Sentries","floor":7,"turns":6},{"damage":7,"enemies":"Small Slimes","floor":10,"turns":4},{"damage":20,"enemies":"Lagavulin","floor":11,"turns":5},{"damage":0,"enemies":"2 Louse","floor":12,"turns":2},{"damage":9,"enemies":"The Guardian","floor":16,"turns":12},{"damage":19,"enemies":"Spheric Guardian","floor":18,"turns":6},{"damage":39,"enemies":"Chosen","floor":20,"turns":5},{"damage":15,"enemies":"Snake Plant","floor":21,"turns":5}],"seed_played":"-4263776270226666647","potions_obtained":[{"floor":10,"key":"DuplicationPotion"},{"floor":11,"key":"SteroidPotion"},{"floor":12,"key":"AttackPotion"},{"floor":16,"key":"SpeedPotion"},{"floor":20,"key":"DuplicationPotion"}],"is_trial":false,"path_per_floor":["M","?","?","?","$","R","E","R","T","M","E","M","?","?","R","B",null,"M","?","M","M"],"character_chosen":"DEFECT","items_purchased":["Tempest"],"campfire_rested":3,"item_purchase_floors":[5],"current_hp_per_floor":[61,43,28,28,28,50,24,46,46,39,29,29,29,22,47,38,73,54,54,15,0,0],"gold":511,"neow_bonus":"RANDOM_COMMON_RELIC","is_daily":false,"chose_seed":false,"campfire_upgraded":0,"win_rate":0.0,"timestamp":1613998285,"path_taken":["M","?","?","?","?","R","E","R","T","M","E","?","?","?","R","BOSS","M","?","M","?"],"items_purchased_type":["Card"],"build_version":"2020-12-22","purchased_purges":0,"victory":false,"max_hp_per_floor":[75,75,75,75,75,75,75,75,75,75,85,85,85,85,85,85,85,85,85,85,85,85],"card_choices":[{"not_picked":["Stack","Redo"],"picked":"Hello World","floor":1},{"not_picked":["Heatsinks","Aggregate"],"picked":"Leap","floor":7},{"not_picked":["Defragment","Melter"],"picked":"White Noise","floor":10},{"not_picked":["Barrage","Genetic Algorithm"],"picked":"Glacier","floor":11},{"not_picked":["Stack","Skim"],"picked":"White Noise","floor":12},{"not_picked":["Core Surge","Amplify"],"picked":"Reboot","floor":16},{"not_picked":["Stack","Reinforced Body"],"picked":"Gash+1","floor":18},{"not_picked":["Rip and Tear","Compile Driver"],"picked":"Barrage","floor":20}],"player_experience":476858,"relics_obtained":[{"floor":7,"key":"MawBank"},{"floor":9,"key":"White Beast Statue"},{"floor":11,"key":"Pear"}],"event_choices":[{"damage_healed":0,"gold_gain":0,"player_choice":"Take Damage","damage_taken":18,"relics_obtained":["Golden Idol"],"max_hp_gain":0,"max_hp_loss":0,"event_name":"Golden Idol","floor":2,"gold_loss":0},{"damage_healed":0,"gold_gain":0,"player_choice":"Entered Light","damage_taken":15,"max_hp_gain":0,"max_hp_loss":0,"event_name":"Shining Light","floor":3,"gold_loss":0,"cards_upgraded":["Defend_B","Strike_B"]},{"damage_healed":0,"gold_gain":0,"player_choice":"Grow","damage_taken":0,"max_hp_gain":0,"max_hp_loss":0,"event_name":"Living Wall","floor":4,"gold_loss":0,"cards_upgraded":["Dualcast"]},{"damage_healed":0,"gold_gain":0,"player_choice":"Searched \u00271\u0027 times","damage_taken":0,"relics_obtained":["PreservedInsect"],"max_hp_gain":0,"max_hp_loss":0,"event_name":"Dead Adventurer","floor":13,"gold_loss":0},{"damage_healed":0,"gold_gain":0,"player_choice":"Success","damage_taken":7,"relics_obtained":["CeramicFish"],"max_hp_gain":0,"max_hp_loss":0,"event_name":"Scrap Ooze","floor":14,"gold_loss":0},{"cards_removed":["Strike_B"],"damage_healed":0,"gold_gain":0,"player_choice":"Offered Basic","damage_taken":0,"max_hp_gain":0,"max_hp_loss":0,"event_name":"Bonfire Elementals","floor":19,"gold_loss":0}],"is_beta":false,"boss_relics":[{"not_picked":["Busted Crown","Runic Pyramid"],"picked":"Astrolabe"}],"items_purged_floors":[],"is_endless":false,"potions_floor_spawned":[10,11,12,16,18,20],"killed_by":"Snake Plant","ascension_level":12}}