{"host":"fxrgx7wt2cpkbhka","time":1613988874,"event":{"mods":["AchievementEnabler","BaseMod","Colored Powertips","Dark Map","Minty Spire (QoL Compilation)","Permanent Neow","Quick Restart","Slay-I","StSLib","Waifu the Spire"],"gold_per_floor":[111,286,286,247,259,259,279,279,302,302,377,377,412,422,422,499,499,509,527,527,527],"floor_reached":20,"language":"ENG","playtime":493,"items_purged":[],"score":292,"play_id":"813ebff6-2f11-4778-b6ec-2e2580560d08","local_time":"20210222021434","is_ascension_mode":true,"campfire_choices":[{"data":"Defragment","floor":6,"key":"SMITH"},{"data":"Conserve Battery","floor":8,"key":"SMITH"},{"data":"Zap","floor":12,"key":"SMITH"},{"data":"Defragment","floor":15,"key":"SMITH"}],"circlet_count":0,"master_deck":["AscendersBane","Strike_B+1","Strike_B","Strike_B","Strike_B","Defend_B","Defend_B+1","Defend_B","Defend_B","Zap+1","Dualcast+1","Ball Lightning","Doubt","Defragment+1","FTL","Conserve Battery+1","Self Repair","Defragment+1","CurseOfTheBell","Beam Cell","Ball Lightning"],"relics":["Cracked Core","NeowsBlessing","Potion Belt","Calling Bell","Smiling Mask","Sundial","Emotion Chip"],"acts_visited":["Exordium","TheCity"],"potions_floor_usage":[13,13,13,16,18,19],"damage_taken":[{"damage":0,"enemies":"2 Louse","floor":1,"turns":1},{"damage":0,"enemies":"Small Slimes","floor":5,"turns":1},{"damage":0,"enemies":"Cultist","floor":7,"turns":1},{"damage":2,"enemies":"3 Sentries","floor":13,"turns":6},{"damage":0,"enemies":"2 Fungi Beasts","floor":14,"turns":3},{"damage":18,"enemies":"Slime Boss","floor":16,"turns":9},{"damage":20,"enemies":"Shell Parasite","floor":18,"turns":4},{"damage":32,"enemies":"3 Byrds","floor":19,"turns":5},{"damage":25,"enemies":"Masked Bandits","floor":20,"turns":2}],"seed_played":"-4084730344846247374","potions_obtained":[{"floor":1,"key":"EntropicBrew"},{"floor":7,"key":"SkillPotion"},{"floor":16,"key":"GamblersBrew"},{"floor":18,"key":"ColorlessPotion"}],"is_trial":false,"path_per_floor":["M","?","?","$","M","R","M","R","T","?","?","R","E","M","R","B",null,"M","M","?"],"character_chosen":"DEFECT","items_purchased":["Defragment"],"campfire_rested":0,"item_purchase_floors":[4],"current_hp_per_floor":[64,64,64,64,64,64,64,64,64,50,43,43,41,48,48,37,63,50,25,0,0],"gold":527,"neow_bonus":"THREE_ENEMY_KILL","is_daily":false,"chose_seed":false,"campfire_upgraded":4,"win_rate":0.0,"timestamp":1613988874,"path_taken":["M","?","?","$","M","R","?","R","T","?","?","R","E","M","R","BOSS","M","?","?"],"items_purchased_type":["Card"],"build_version":"2020-12-22","purchased_purges":0,"victory":false,"max_hp_per_floor":[71,71,71,71,71,71,71,71,71,71,71,71,71,71,71,71,71,71,71,71,71],"card_choices":[{"not_picked":["Tempest","Skim"],"picked":"Ball Lightning","floor":1},{"not_picked":["Melter","Beam Cell"],"picked":"FTL","floor":5},{"not_picked":["Compile Driver","Rebound"],"picked":"Conserve Battery","floor":7},{"not_picked":["Compile Driver","Cold Snap"],"picked":"Self Repair","floor":13},{"not_picked":["Rebound","Sunder"],"picked":"Defragment","floor":14},{"not_picked":["Barrage","BootSequence"],"picked":"Beam Cell","floor":18},{"not_picked":["Coolheaded+1","Leap"],"picked":"Ball Lightning","floor":19}],"player_experience":802551,"relics_obtained":[{"floor":13,"key":"Potion Belt"},{"floor":17,"key":"Smiling Mask"},{"floor":17,"key":"Sundial"},{"floor":17,"key":"Emotion Chip"}],"event_choices":[{"damage_healed":0,"gold_gain":175,"player_choice":"AGREE","damage_taken":0,"max_hp_gain":0,"max_hp_loss":0,"event_name":"Liars Game","floor":2,"gold_loss":0,"cards_obtained":["Doubt"]},{"damage_healed":0,"gold_gain":0,"player_choice":"Upgraded","damage_taken":0,"max_hp_gain":0,"max_hp_loss":0,"event_name":"Upgrade Shrine","floor":3,"gold_loss":0,"cards_upgraded":["Dualcast"]},{"damage_healed":0,"gold_gain":0,"player_choice":"Entered Light","damage_taken":14,"max_hp_gain":0,"max_hp_loss":0,"event_name":"Shining Light","floor":10,"gold_loss":0,"cards_upgraded":["Strike_B","Defend_B"]},{"damage_healed":0,"gold_gain":75,"player_choice":"Touch","damage_taken":7,"max_hp_gain":0,"max_hp_loss":0,"event_name":"FaceTrader","floor":11,"gold_loss":0},{"damage_healed":0,"gold_gain":0,"player_choice":"Fought Bandits","damage_taken":0,"max_hp_gain":0,"max_hp_loss":0,"event_name":"Masked Bandits","floor":20,"gold_loss":0}],"is_beta":false,"boss_relics":[{"not_picked":["Runic Pyramid","FrozenCore"],"picked":"Calling Bell"}],"items_purged_floors":[],"is_endless":false,"potions_floor_spawned":[1,7,16,18],"killed_by":"Masked Bandits","ascension_level":14}}