{"host":"sc0o2qwpf9j16a4i","time":1613994260,"event":{"mods":["AchievementEnabler","BaseMod","BetterRewards","Block Reminder","Colored Map","Colored Powertips","Custom Start","Highlight Path","Minty Spire (QoL Compilation)","Relic Stats"],"gold_per_floor":[114,114,114,30,30,30,59,59,59,86,161,161,186,202,202,280,280,296,296,314,314,326,358,372,372,445,470,484,504,532,545,545,621,621,641,641,661,679,209,234,234,267,291,309,321,321,354,379,379,379,379,379,379,27,55,55,55],"floor_reached":56,"language":"ENG","playtime":2514,"items_purged":["Strike_R","Strike_R"],"score":2126,"play_id":"60883d40-43f2-4b27-8033-8f844fc6778c","local_time":"20210222134420","is_ascension_mode":true,"campfire_choices":[{"data":"Armaments","floor":12,"key":"SMITH"},{"data":"Metallicize","floor":15,"key":"SMITH"},{"floor":25,"key":"REST"},{"data":"Dual Wield","floor":32,"key":"SMITH"},{"floor":41,"key":"RECALL"},{"data":"Burning Pact","floor":46,"key":"SMITH"},{"data":"Limit Break","floor":49,"key":"SMITH"},{"data":"Shockwave","floor":53,"key":"SMITH"}],"circlet_count":0,"master_deck":["AscendersBane","Strike_R+1","Strike_R+1","Defend_R+1","Defend_R+1","Defend_R+1","Bash","Metallicize+1","Bludgeon","Armaments+1","Combust","Burning Pact+1","Reaper","Spot Weakness","Clothesline+1","Pommel Strike+1","Shrug It Off+1","Bludgeon","Dual Wield+1","Spot Weakness+1","Fiend Fire","Heavy Blade+1","Shockwave+1","Flame Barrier","Shrug It Off","Limit Break+1","Flame Barrier+1","Heavy Blade","Seeing Red"],"relics":["Burning Blood","NeowsBlessing","Juzu Bracelet","Lantern","Matryoshka","Nunchaku","Snecko Eye","Oddly Smooth Stone","Paper Frog","Boot","Bottled Tornado","InkBottle","Whetstone","Darkstone Periapt","Velvet Choker","Prayer Wheel","The Courier","Charon\u0027s Ashes","Dream Catcher","StoneCalendar","Pantograph","War Paint"],"acts_visited":["Exordium","TheCity","TheBeyond","TheEnding"],"potions_floor_usage":[23,24,27,27,30,38,40,50,50],"damage_taken":[{"damage":0,"enemies":"Jaw Worm","floor":1,"turns":1},{"damage":0,"enemies":"3 Sentries","floor":7,"turns":1},{"damage":0,"enemies":"Gremlin Nob","floor":10,"turns":1},{"damage":18,"enemies":"Lagavulin","floor":13,"turns":7},{"damage":1,"enemies":"2 Louse","floor":14,"turns":2},{"damage":34,"enemies":"The Guardian","floor":16,"turns":13},{"damage":14,"enemies":"2 Thieves","floor":18,"turns":3},{"damage":25,"enemies":"3 Byrds","floor":20,"turns":4},{"damage":32,"enemies":"Shelled Parasite and Fungi","floor":22,"turns":4},{"damage":23,"enemies":"Gremlin Leader","floor":23,"turns":6},{"damage":10,"enemies":"Snake Plant","floor":24,"turns":2},{"damage":2,"enemies":"Slavers","floor":27,"turns":4},{"damage":12,"enemies":"Sentry and Sphere","floor":28,"turns":7},{"damage":2,"enemies":"Centurion and Healer","floor":29,"turns":4},{"damage":19,"enemies":"Gremlin Leader","floor":30,"turns":5},{"damage":19,"enemies":"Cultist and Chosen","floor":31,"turns":4},{"damage":68,"enemies":"Automaton","floor":33,"turns":11},{"damage":11,"enemies":"3 Darklings","floor":35,"turns":5},{"damage":3,"enemies":"Orb Walker","floor":37,"turns":3},{"damage":25,"enemies":"4 Shapes","floor":38,"turns":5},{"damage":24,"enemies":"Giant Head","floor":40,"turns":5},{"damage":27,"enemies":"Reptomancer","floor":42,"turns":5},{"damage":0,"enemies":"3 Darklings","floor":44,"turns":3},{"damage":12,"enemies":"Maw","floor":45,"turns":5},{"damage":8,"enemies":"Giant Head","floor":47,"turns":6},{"damage":0,"enemies":"Mind Bloom Boss Battle","floor":48,"turns":6},{"damage":77,"enemies":"Time Eater","floor":50,"turns":11},{"damage":50,"enemies":"Awakened One","floor":51,"turns":10},{"damage":67,"enemies":"Shield and Spear","floor":55,"turns":6},{"damage":65,"enemies":"The Heart","floor":56,"turns":5}],"seed_played":"-738977658127931585","potions_obtained":[{"floor":13,"key":"FearPotion"},{"floor":16,"key":"Weak Potion"},{"floor":22,"key":"DistilledChaos"},{"floor":23,"key":"DuplicationPotion"},{"floor":24,"key":"AttackPotion"},{"floor":28,"key":"Block Potion"},{"floor":31,"key":"ElixirPotion"},{"floor":33,"key":"SkillPotion"},{"floor":40,"key":"SpeedPotion"},{"floor":42,"key":"LiquidBronze"},{"floor":45,"key":"CultistPotion"}],"is_trial":false,"path_per_floor":["M","?","?","$","?","?","E","?","T","E","?","R","E","M","R","B",null,"M","?","M","T","M","E","M","R","T","E","M","M","E","M","R","B",null,"M","?","M","M","$","E","R","E","T","M","M","R","E","?","R","B","B",null,"R","$","E","B"],"character_chosen":"IRONCLAD","items_purchased":["Bludgeon","Prayer Wheel","Strength Potion","Pantograph","Heavy Blade"],"campfire_rested":1,"item_purchase_floors":[4,39,39,54,54],"current_hp_per_floor":[74,67,67,67,72,48,54,54,54,60,49,49,37,42,42,14,64,62,62,54,54,34,32,39,63,63,80,80,80,67,54,54,58,75,80,80,80,76,76,58,58,59,59,80,80,80,78,80,80,33,80,80,80,80,31,0,0],"gold":55,"neow_bonus":"THREE_ENEMY_KILL","is_daily":false,"chose_seed":false,"campfire_upgraded":6,"win_rate":0.0,"timestamp":1613994260,"path_taken":["M","?","?","?","?","?","E","?","T","E","?","R","E","M","R","BOSS","M","?","M","?","M","E","M","R","T","E","M","M","E","M","R","BOSS","M","?","M","M","$","E","R","E","T","M","M","R","E","?","R","BOSS","BOSS","R","$","E","BOSS"],"items_purchased_type":["Card","Relic","Potion","Relic","Card"],"build_version":"2020-12-22","purchased_purges":2,"victory":false,"max_hp_per_floor":[75,75,75,75,80,80,80,80,80,80,80,80,80,80,80,80,80,80,80,80,80,80,80,80,80,80,80,80,80,80,80,80,80,80,80,80,80,80,80,80,80,80,80,80,80,80,80,80,80,80,80,80,80,80,80,80,80],"relic_stats":{"Darkstone Periapt":0,"counters":[30,154],"StoneCalendar":[104],"Charon\u0027s Ashes":[135],"Juzu Bracelet":1,"Whetstone":["Strike_R","Clothesline"],"War Paint":["Defend_R","Defend_R"],"Boot":[12],"Burning Blood":134,"Nunchaku":[26],"Dream Catcher":0,"Pantograph":25,"Snecko Eye":[259,252,264,254],"Prayer Wheel":2,"obtain_stats":[{"Darkstone Periapt":30,"Lantern":9,"NeowsBlessing":0,"Oddly Smooth Stone":21,"Velvet Choker":34,"StoneCalendar":48,"The Courier":40,"Charon\u0027s Ashes":42,"Juzu Bracelet":7,"Whetstone":27,"Bottled Tornado":26,"War Paint":55,"Boot":23,"Burning Blood":0,"Nunchaku":13,"Dream Catcher":47,"Matryoshka":10,"Pantograph":54,"Snecko Eye":17,"Prayer Wheel":39,"InkBottle":26,"Paper Frog":21},{"Darkstone Periapt":15,"Lantern":2,"NeowsBlessing":0,"Oddly Smooth Stone":8,"Velvet Choker":17,"StoneCalendar":26,"The Courier":21,"Charon\u0027s Ashes":22,"Juzu Bracelet":2,"Whetstone":12,"Bottled Tornado":11,"War Paint":29,"Boot":10,"Burning Blood":0,"Nunchaku":4,"Dream Catcher":25,"Matryoshka":3,"Pantograph":28,"Snecko Eye":6,"Prayer Wheel":20,"InkBottle":11,"Paper Frog":8},{"Darkstone Periapt":64,"Lantern":2,"NeowsBlessing":0,"Oddly Smooth Stone":32,"Velvet Choker":79,"StoneCalendar":122,"The Courier":97,"Charon\u0027s Ashes":102,"Juzu Bracelet":2,"Whetstone":48,"Bottled Tornado":44,"War Paint":149,"Boot":42,"Burning Blood":0,"Nunchaku":10,"Dream Catcher":116,"Matryoshka":3,"Pantograph":143,"Snecko Eye":25,"Prayer Wheel":92,"InkBottle":44,"Paper Frog":32}],"InkBottle":[40]},"card_choices":[{"not_picked":["Shrug It Off","Iron Wave"],"picked":"Metallicize","floor":1},{"not_picked":["Infernal Blade","Bloodletting"],"picked":"Armaments","floor":7},{"not_picked":["Perfected Strike","Wild Strike"],"picked":"Combust","floor":10},{"not_picked":["Flex","Sever Soul","Havoc"],"picked":"SKIP","floor":13},{"not_picked":["Cleave","Whirlwind"],"picked":"Burning Pact","floor":14},{"not_picked":["Berserk","Barricade"],"picked":"Reaper","floor":16},{"not_picked":["True Grit","Clothesline"],"picked":"Spot Weakness","floor":18},{"not_picked":["Warcry","Wild Strike"],"picked":"Clothesline","floor":20},{"not_picked":["Dropkick","Rage"],"picked":"Pommel Strike+1","floor":22},{"not_picked":["Warcry","Offering"],"picked":"Shrug It Off+1","floor":23},{"not_picked":["Thunderclap","Body Slam","Perfected Strike"],"picked":"SKIP","floor":24},{"not_picked":["Pommel Strike+1","Anger"],"picked":"Bludgeon","floor":27},{"not_picked":["Wild Strike+1","Metallicize"],"picked":"Dual Wield","floor":28},{"not_picked":["Perfected Strike","Iron Wave"],"picked":"Spot Weakness+1","floor":29},{"not_picked":["Reckless Charge","Bloodletting","Sword Boomerang"],"picked":"SKIP","floor":30},{"not_picked":["Twin Strike","Flex"],"picked":"Fiend Fire","floor":31},{"not_picked":["Intimidate+1","Carnage+1"],"picked":"Heavy Blade+1","floor":35},{"not_picked":["Shrug It Off","Flame Barrier"],"picked":"Shockwave","floor":37},{"not_picked":["Burning Pact","Hemokinesis"],"picked":"Flame Barrier","floor":38},{"not_picked":["Wild Strike","Reckless Charge"],"picked":"Shrug It Off","floor":40},{"not_picked":["Rampage","Ghostly Armor","Iron Wave"],"picked":"SKIP","floor":42},{"not_picked":["Body Slam+1","Cleave+1","Armaments"],"picked":"SKIP","floor":44},{"not_picked":["Sword Boomerang","Cleave","Pummel"],"picked":"SKIP","floor":44},{"not_picked":["Clash","True Grit","Anger"],"picked":"SKIP","floor":45},{"not_picked":["Evolve+1","Fire Breathing+1","Havoc+1"],"picked":"SKIP","floor":45},{"not_picked":["Anger","Cleave+1"],"picked":"Limit Break","floor":47},{"not_picked":["True Grit","Headbutt"],"picked":"Flame Barrier+1","floor":48},{"not_picked":["Brutality","Iron Wave"],"picked":"Seeing Red","floor":55}],"player_experience":1519302,"relics_obtained":[{"floor":7,"key":"Juzu Bracelet"},{"floor":9,"key":"Lantern"},{"floor":10,"key":"Matryoshka"},{"floor":13,"key":"Nunchaku"},{"floor":21,"key":"Oddly Smooth Stone"},{"floor":21,"key":"Paper Frog"},{"floor":23,"key":"Boot"},{"floor":26,"key":"Bottled Tornado"},{"floor":26,"key":"InkBottle"},{"floor":27,"key":"Whetstone"},{"floor":30,"key":"Darkstone Periapt"},{"floor":40,"key":"The Courier"},{"floor":42,"key":"Charon\u0027s Ashes"},{"floor":47,"key":"Dream Catcher"},{"floor":48,"key":"StoneCalendar"},{"floor":55,"key":"War Paint"}],"event_choices":[{"cards_removed":["Defend_R"],"damage_healed":0,"gold_gain":0,"player_choice":"Card Removal","damage_taken":7,"max_hp_gain":0,"max_hp_loss":0,"event_name":"Golden Wing","floor":2,"gold_loss":0},{"damage_healed":0,"gold_gain":0,"player_choice":"Ignored","damage_taken":0,"max_hp_gain":0,"max_hp_loss":0,"event_name":"Liars Game","floor":3,"gold_loss":0},{"damage_healed":0,"gold_gain":0,"player_choice":"Donut","damage_taken":0,"max_hp_gain":5,"max_hp_loss":0,"event_name":"Big Fish","floor":5,"gold_loss":0},{"damage_healed":0,"gold_gain":0,"player_choice":"Entered Light","damage_taken":24,"max_hp_gain":0,"max_hp_loss":0,"event_name":"Shining Light","floor":6,"gold_loss":0,"cards_upgraded":["Strike_R","Defend_R"]},{"damage_healed":0,"gold_gain":0,"player_choice":"Leave","damage_taken":0,"max_hp_gain":0,"max_hp_loss":0,"event_name":"The Cleric","floor":8,"gold_loss":0},{"damage_healed":0,"gold_gain":75,"player_choice":"Gather Gold","damage_taken":11,"max_hp_gain":0,"max_hp_loss":0,"event_name":"World of Goop","floor":11,"gold_loss":0},{"damage_healed":0,"gold_gain":0,"player_choice":"Ignored","damage_taken":0,"max_hp_gain":0,"max_hp_loss":0,"event_name":"Ghosts","floor":19,"gold_loss":0},{"cards_removed":["Strike_R"],"damage_healed":0,"gold_gain":0,"player_choice":"Removed Attack","damage_taken":0,"max_hp_gain":0,"max_hp_loss":0,"event_name":"Falling","floor":36,"gold_loss":0},{"damage_healed":0,"gold_gain":0,"player_choice":"Fight","damage_taken":0,"max_hp_gain":0,"max_hp_loss":0,"event_name":"MindBloom","floor":48,"gold_loss":0}],"is_beta":false,"boss_relics":[{"not_picked":["Cursed Key","Calling Bell"],"picked":"Snecko Eye"},{"not_picked":["Empty Cage","Black Star"],"picked":"Velvet Choker"}],"items_purged_floors":[39,54],"is_endless":false,"potions_floor_spawned":[13,16,22,23,24,28,31,33,40,42,45,47,48],"killed_by":"The Heart","ascension_level":20}}