{"host":"7jbuhzz8yy5cuou7","time":1613961822,"event":{"mods":["AchievementEnabler","Act Like it!","BaseMod","Better Third Choice","Bossed Relics","Colored Map","Colored Powertips","Dark Map","DeckTracker","Minty Spire (QoL Compilation)","Permanent Neow","Quick Restart","Ruina","StSLib","The Cursed","The Hierophant","Weighted Paths"],"gold_per_floor":[117,135,146,163,173,173,202,202,202,213,246,246,211,211,211,283,283,283,154,173,173,173],"floor_reached":21,"language":"ENG","playtime":713,"items_purged":["Strike_B"],"score":344,"play_id":"7cdd2d37-32ec-4544-b7b9-36ca50058922","local_time":"20210221194342","is_ascension_mode":true,"campfire_choices":[{"data":"Defragment","floor":6,"key":"SMITH"},{"floor":8,"key":"REST"},{"floor":12,"key":"REST"},{"data":"Defragment","floor":15,"key":"SMITH"}],"circlet_count":0,"master_deck":["AscendersBane","Strike_B","Strike_B","Defend_B","Defend_B","Defend_B","Defend_B","Zap","Dualcast","Ball Lightning","Ball Lightning","Consume","Defragment+1","Defragment+1","Conserve Battery","Multi-Cast"],"relics":["Cracked Core","Ancient Tea Set","Ice Cream","Blue Candle","Orichalcum","Runic Pyramid"],"acts_visited":["Exordium","TheCity"],"potions_floor_usage":[11,18,21,21],"damage_taken":[{"damage":2,"enemies":"Jaw Worm","floor":1,"turns":3},{"damage":2,"enemies":"2 Louse","floor":2,"turns":2},{"damage":6,"enemies":"Cultist","floor":3,"turns":3},{"damage":0,"enemies":"Large Slime","floor":4,"turns":4},{"damage":13,"enemies":"Exordium Wildlife","floor":5,"turns":4},{"damage":30,"enemies":"Lagavulin","floor":7,"turns":5},{"damage":13,"enemies":"Exordium Thugs","floor":10,"turns":3},{"damage":22,"enemies":"3 Sentries","floor":11,"turns":5},{"damage":26,"enemies":"The Guardian","floor":16,"turns":10},{"damage":0,"enemies":"2 Thieves","floor":18,"turns":1},{"damage":22,"enemies":"Spheric Guardian","floor":20,"turns":4},{"damage":41,"enemies":"Centurion and Healer","floor":21,"turns":4}],"seed_played":"3248867765431379070","potions_obtained":[{"floor":1,"key":"EssenceOfSteel"},{"floor":3,"key":"FairyPotion"},{"floor":11,"key":"FearPotion"},{"floor":16,"key":"SmokeBomb"}],"is_trial":false,"path_per_floor":["M","M","M","M","M","R","E","R","T","M","E","R","?","?","R","B",null,"M","$","M","M"],"character_chosen":"DEFECT","items_purchased":["Block Potion"],"campfire_rested":2,"item_purchase_floors":[19],"current_hp_per_floor":[62,60,54,54,41,41,11,32,32,19,21,42,59,52,52,26,60,60,60,38,0,0],"gold":173,"neow_bonus":"RANDOM_COMMON_RELIC","is_daily":false,"chose_seed":false,"campfire_upgraded":2,"win_rate":0.0,"timestamp":1613961822,"path_taken":["M","M","M","M","M","R","E","R","T","M","E","R","?","?","R","BOSS","M","$","M","M"],"items_purchased_type":["Potion"],"build_version":"2020-12-22","purchased_purges":1,"victory":false,"max_hp_per_floor":[71,71,71,71,71,71,71,71,71,71,71,71,71,71,71,71,71,71,71,71,71,71],"card_choices":[{"not_picked":["Loop","Doom and Gloom"],"picked":"Ball Lightning","floor":1},{"not_picked":["Hologram","Melter"],"picked":"Ball Lightning","floor":2},{"not_picked":["Undo","Self Repair"],"picked":"Consume","floor":3},{"not_picked":["Beam Cell","Chaos"],"picked":"Defragment","floor":4},{"not_picked":["Rebound","Conserve Battery","Skim"],"picked":"SKIP","floor":5},{"not_picked":["BootSequence","Gash"],"picked":"Defragment","floor":7},{"not_picked":["Recycle","Scrape","Conserve Battery"],"picked":"SKIP","floor":10},{"not_picked":["Hyperbeam","Turbo"],"picked":"Conserve Battery","floor":11},{"not_picked":["All For One","Fission"],"picked":"Multi-Cast","floor":16},{"not_picked":["Rebound","Barrage","Stack"],"picked":"SKIP","floor":20}],"player_experience":430769,"relics_obtained":[{"floor":7,"key":"Ice Cream"},{"floor":9,"key":"Blue Candle"},{"floor":11,"key":"Orichalcum"}],"event_choices":[{"damage_healed":17,"gold_gain":0,"player_choice":"Healed","damage_taken":0,"max_hp_gain":0,"max_hp_loss":0,"event_name":"The Cleric","floor":13,"gold_loss":35},{"cards_removed":["Strike_B"],"damage_healed":0,"gold_gain":0,"player_choice":"Card Removal","damage_taken":7,"max_hp_gain":0,"max_hp_loss":0,"event_name":"Golden Wing","floor":14,"gold_loss":0}],"is_beta":false,"boss_relics":[{"not_picked":["Calling Bell","Velvet Choker"],"picked":"Runic Pyramid"}],"items_purged_floors":[19],"is_endless":false,"potions_floor_spawned":[1,3,10,11,16,18,20],"killed_by":"Centurion and Healer","ascension_level":16}}