{"host":"6wux4armhsntp4yb","time":1613957530,"event":{"mods":["BaseMod","Colored Map","DeckTracker","Minty Spire (QoL Compilation)","Relic Stats"],"gold_per_floor":[17,17,30,47,47,80,80,107,187,187,187,202,202,230,230,305,305,319,319,338,358,375,375,375,375],"floor_reached":24,"language":"JPN","playtime":1269,"items_purged":[],"score":432,"play_id":"7ef8e305-dd80-4de5-89ef-8e8eff31de52","local_time":"20210222103210","is_ascension_mode":true,"campfire_choices":[{"data":"Envenom","floor":7.0,"key":"SMITH"},{"data":"Blade Dance","floor":11.0,"key":"SMITH"},{"data":"Footwork","floor":13.0,"key":"SMITH"},{"floor":15.0,"key":"REST"},{"floor":23,"key":"REST"}],"circlet_count":0,"master_deck":["AscendersBane","Strike_G","Strike_G","Strike_G","Strike_G","Defend_G","Defend_G","Defend_G","Defend_G","Defend_G","Survivor","Neutralize+1","Envenom+1","Blade Dance+1","Dagger Spray","Dagger Spray","Footwork+1","Backflip","A Thousand Cuts","Blur","PiercingWail","Blade Dance"],"relics":["Ring of the Snake","Lizard Tail","Orichalcum","Bird Faced Urn","HoveringKite"],"acts_visited":["Exordium","TheCity"],"potions_floor_usage":[],"damage_taken":[{"damage":10.0,"enemies":"Jaw Worm","floor":1.0,"turns":7.0},{"damage":1.0,"enemies":"Cultist","floor":3.0,"turns":4.0},{"damage":8.0,"enemies":"Small Slimes","floor":4.0,"turns":4.0},{"damage":15.0,"enemies":"Lagavulin","floor":6.0,"turns":6.0},{"damage":20.0,"enemies":"3 Sentries","floor":8.0,"turns":5.0},{"damage":13.0,"enemies":"3 Louse","floor":12.0,"turns":5.0},{"damage":23.0,"enemies":"Gremlin Nob","floor":14.0,"turns":4.0},{"damage":25.0,"enemies":"The Guardian","floor":16.0,"turns":13.0},{"damage":1.0,"enemies":"Chosen","floor":18.0,"turns":6.0},{"damage":13.0,"enemies":"Shell Parasite","floor":20.0,"turns":10.0},{"damage":13.0,"enemies":"Centurion and Healer","floor":21.0,"turns":9.0},{"damage":33,"enemies":"Snecko","floor":22,"turns":9},{"damage":26,"enemies":"Cultist and Chosen","floor":24,"turns":4}],"seed_played":"9034909622404575830","potions_obtained":[{"floor":1.0,"key":"DistilledChaos"},{"floor":4.0,"key":"ColorlessPotion"},{"floor":14.0,"key":"Explosive Potion"},{"floor":16.0,"key":"Poison Potion"},{"floor":18.0,"key":"BlessingOfTheForge"}],"is_trial":false,"path_per_floor":["M","?","M","M","?","E","R","E","T","?","R","M","R","E","R","B",null,"M","?","M","M","M","R","M"],"character_chosen":"THE_SILENT","items_purchased":[],"campfire_rested":2,"item_purchase_floors":[],"current_hp_per_floor":[49,49,48,40,40,25,25,5,5,5,5,26,26,3,22,1,50,51,42,35,28,1,20,0,0],"gold":375,"neow_bonus":"THREE_RARE_CARDS","is_daily":false,"chose_seed":false,"campfire_upgraded":3,"win_rate":0.0,"timestamp":1613957530,"path_taken":["M","?","?","M","?","E","R","E","T","?","R","M","R","E","R","BOSS","M","?","M","?","M","R","M"],"items_purchased_type":[],"build_version":"2020-12-22","purchased_purges":0,"victory":false,"max_hp_per_floor":[66,66,66,66,66,66,66,66,66,66,66,66,66,66,66,66,66,66,66,66,66,66,66,66,66],"relic_stats":{"Lizard Tail":33,"counters":[13,86],"Bird Faced Urn":[28],"HoveringKite":[4],"Orichalcum":[72],"obtain_stats":[{"Lizard Tail":6,"Bird Faced Urn":14,"HoveringKite":17,"Orichalcum":8,"Ring of the Snake":0},{"Lizard Tail":4,"Bird Faced Urn":7,"HoveringKite":8,"Orichalcum":5,"Ring of the Snake":0},{"Lizard Tail":21,"Bird Faced Urn":35,"HoveringKite":48,"Orichalcum":26,"Ring of the Snake":0}],"Ring of the Snake":[26]},"card_choices":[{"not_picked":["Venomology","Adrenaline"],"picked":"Envenom","floor":0.0},{"not_picked":["Tactician","Distraction"],"picked":"Blade Dance","floor":1.0},{"not_picked":["Well Laid Plans","Cloak And Dagger"],"picked":"Dagger Spray","floor":3.0},{"not_picked":["Slice","Concentrate"],"picked":"Dagger Spray","floor":4.0},{"not_picked":["Outmaneuver","Setup"],"picked":"Footwork","floor":6.0},{"not_picked":["Dagger Spray","Dagger Throw","Flying Knee"],"picked":"SKIP","floor":8.0},{"not_picked":["Grand Finale","Choke","Expertise"],"picked":"SKIP","floor":12.0},{"not_picked":["Dagger Spray","Escape Plan"],"picked":"Backflip","floor":14.0},{"not_picked":["Die Die Die","Tools of the Trade"],"picked":"A Thousand Cuts","floor":16.0},{"not_picked":["Flying Knee+1","Underhanded Strike","Dodge and Roll"],"picked":"SKIP","floor":18.0},{"not_picked":["Sucker Punch","Dodge and Roll+1"],"picked":"Blur","floor":20.0},{"not_picked":["Setup","Outmaneuver+1"],"picked":"PiercingWail","floor":21.0},{"not_picked":["Outmaneuver","Dodge and Roll"],"picked":"Blade Dance","floor":22}],"player_experience":5895352,"relics_obtained":[{"floor":6.0,"key":"Lizard Tail"},{"floor":8.0,"key":"Orichalcum"},{"floor":14.0,"key":"Bird Faced Urn"}],"event_choices":[{"cards_removed":["Strike_G"],"damage_healed":0.0,"max_hp_gain":0.0,"max_hp_loss":0.0,"gold_gain":0.0,"event_name":"Bonfire Elementals","player_choice":"Offered Basic","floor":2.0,"gold_loss":0.0,"damage_taken":0.0},{"damage_healed":0.0,"max_hp_gain":0.0,"max_hp_loss":0.0,"gold_gain":0.0,"event_name":"Liars Game","player_choice":"Ignored","floor":5.0,"gold_loss":0.0,"damage_taken":0.0},{"damage_healed":0.0,"max_hp_gain":0.0,"max_hp_loss":0.0,"gold_gain":0.0,"event_name":"Upgrade Shrine","player_choice":"Upgraded","floor":10.0,"gold_loss":0.0,"damage_taken":0.0,"cards_upgraded":["Neutralize"]},{"damage_healed":0.0,"max_hp_gain":0.0,"max_hp_loss":0.0,"gold_gain":0.0,"event_name":"Wheel of Change","player_choice":"Damaged","floor":19.0,"gold_loss":0.0,"damage_taken":9.0}],"is_beta":false,"boss_relics":[{"not_picked":["Empty Cage","Cursed Key"],"picked":"HoveringKite"}],"items_purged_floors":[],"is_endless":false,"potions_floor_spawned":[1,4,14,16,18],"killed_by":"Cultist and Chosen","ascension_level":20}}