{"host":"aa6fvbpmsafso8gw","time":1613957844,"event":{"mods":["2.2 Compatiblity","Act Like it!","Arknights","Aspiration","Bartender","BaseMod","Beaked The Cultist","Better Altar","Better Match","Better Note","Better Sensory Stone","Better Skull","Better Third Choice","BetterRewards","CatGirl Mod","ChefMod","Colored Map","Colored Powertips","Conspire","Curses Come First","Dio Mod","Downfall","Energized Spire","GifTheSpireLib","Halation","Hallownest","Hubris","Infinite Spire","JesterMod","Jorbs\u0027s Wanderer Trilogy","Minty Spire (QoL Compilation)","MostiFishMod","Quick Restart","Rare Cards Sparkle","Reliquary","Replay The Spire","Retaliation","Robot Space Explorer","Ruina","Shade Mod","Shapeshifter Mod","Shop Mod","Spicy Shops","Spire Arcade","StSLib","Stuff the Spire","SuperFastMode","The Bug Knight","The Cursed","The Disciple","The Dragonkin","The Gatherer","The Hayseed","The Hierophant","The IronCluck","The Mystic","The Poker Player","The Problem Sleuth","The Sage","The Wild Card","TheFirefly","slay the spire mod where everything is the same but ironclad has a cowboy hat","thorton"],"gold_per_floor":[119,135,26,26,26,52,68,88,88,88,98,98,98],"floor_reached":12,"language":"ENG","playtime":538,"items_purged":[],"score":105,"play_id":"190d02ad-de9d-4ac3-89c3-e1bf0b11e683","local_time":"20210221203724","is_ascension_mode":false,"campfire_choices":[],"circlet_count":0,"master_deck":["chefmod:Strike","chefmod:Strike","chefmod:Strike","chefmod:QuickThaw","chefmod:Defend","chefmod:Defend","chefmod:Defend","chefmod:Defend","chefmod:TodaysSpecial","chefmod:Sorbet","chefmod:Chop","chefmod:CandyBowl","Decay","chefmod:Gelato","chefmod:SaveForLater","chefmod:QuickChop","chefmod:CleanHouse","chefmod:SliceAndDice"],"relics":["chefmod:TrustyPot","DaveBox","NeowsBlessing","Membership Card","SynthV:TestCard","Bronze Scales","Replay:Multitool","Bottled Lightning"],"acts_visited":["Exordium"],"potions_floor_usage":[],"damage_taken":[{"damage":0.0,"enemies":"2 Louse","floor":1.0,"turns":1.0},{"damage":0.0,"enemies":"Cultist","floor":2.0,"turns":1.0},{"damage":0,"enemies":"3 Sentries","floor":6,"turns":1},{"damage":6,"enemies":"conspire:RoseBush","floor":7,"turns":5},{"damage":14,"enemies":"Exordium Wildlife","floor":8,"turns":5},{"damage":43,"enemies":"Gremlin Gang","floor":11,"turns":5},{"damage":51,"enemies":"Gremlin Nob","floor":12,"turns":5}],"seed_played":"-6364040547142564485","potions_obtained":[{"floor":1.0,"key":"champ:CounterPotion"},{"floor":2.0,"key":"SteroidPotion"},{"floor":7,"key":"Fire Potion"},{"floor":8,"key":"sneckomod:MuddlingPotion"}],"is_trial":false,"path_per_floor":["M","M","$","?","?","E","M","M","T","R","M","E"],"character_chosen":"THE_CHEF","items_purchased":["chefmod:CandyBowl","Bronze Scales"],"campfire_rested":0,"item_purchase_floors":[3,3],"current_hp_per_floor":[76,76,76,76,76,76,70,56,56,56,13,0,0],"gold":98,"neow_bonus":"THREE_ENEMY_KILL","is_daily":false,"chose_seed":false,"campfire_upgraded":0,"win_rate":0.0,"timestamp":1613957844,"path_taken":["M","M","$","?","?","E","?","M","T","R","M","E"],"items_purchased_type":["Card","Relic"],"build_version":"2020-12-22","purchased_purges":0,"victory":false,"max_hp_per_floor":[76,76,76,76,76,76,76,76,76,76,76,76,76],"card_choices":[{"not_picked":["chefmod:FireUp","chefmod:BaoBuns"],"picked":"chefmod:Sorbet","floor":1.0},{"not_picked":["chefmod:SliceAndDice","chefmod:FreezerBurn","chefmod:ColdSteel","chefmod:FullBurn"],"picked":"chefmod:Chop","floor":2.0},{"not_picked":["chefmod:VegetableTart","chefmod:Fillet","chefmod:Julienne","chefmod:Canape"],"picked":"chefmod:Gelato","floor":6},{"not_picked":["chefmod:DinoKale","chefmod:KnifeFlurry","chefmod:HotSoup","chefmod:SliceAndDice"],"picked":"chefmod:SaveForLater","floor":7},{"not_picked":["chefmod:Fillet","chefmod:Gelato","chefmod:NewMenu","chefmod:SliceAndDice"],"picked":"chefmod:QuickChop","floor":8},{"not_picked":["chefmod:Omelette","chefmod:Gelato","chefmod:AlooGobi","chefmod:LocoMoco"],"picked":"chefmod:SliceAndDice","floor":11}],"player_experience":351192,"relics_obtained":[{"floor":1.0,"key":"SynthV:TestCard"},{"floor":6,"key":"Replay:Multitool"},{"floor":9,"key":"Bottled Lightning"}],"event_choices":[{"damage_healed":0,"gold_gain":0,"player_choice":"Full Heal","damage_taken":0,"max_hp_gain":0,"max_hp_loss":0,"event_name":"Wheel of Change","floor":5,"gold_loss":0}],"is_beta":false,"boss_relics":[],"items_purged_floors":[],"is_endless":false,"potions_floor_spawned":[1,2,7,8],"killed_by":"Gremlin Nob","ascension_level":0}}