{"host":"2c84cb4cp1emursg","time":1613980973,"event":{"mods":["Act Like it!","BaseMod","Better Third Choice","Bossed Relics","Hermit","Minty Spire (QoL Compilation)","Permanent Neow","Shapeshifter Mod","StSLib"],"gold_per_floor":[117,130,149,149,149,174,174,206,255,266,266,286,320,339,339,438,438,455,455,216,228,228,228,228],"floor_reached":23,"language":"ENG","playtime":1281,"items_purged":["StSShapeShifter:Mystical_Branch"],"score":272,"play_id":"5730eda5-351e-48eb-a950-46041df1b94c","local_time":"20210222010253","is_ascension_mode":true,"campfire_choices":[{"data":"StSShapeShifter:Tortoise_Form","floor":11,"key":"SMITH"},{"data":"StSShapeShifter:Garden","floor":15,"key":"SMITH"}],"circlet_count":0,"master_deck":["StSShapeShifter:ShapeShifter_Strike+1","StSShapeShifter:ShapeShifter_Strike+1","StSShapeShifter:ShapeShifter_Strike+1","StSShapeShifter:ShapeShifter_Strike+1","StSShapeShifter:ShapeShifter_Strike+1","StSShapeShifter:ShapeShifter_Defend+1","StSShapeShifter:ShapeShifter_Defend+1","StSShapeShifter:ShapeShifter_Defend+1","StSShapeShifter:ShapeShifter_Defend+1","StSShapeShifter:ShapeShifter_Defend+1","StSShapeShifter:Tortoise_Form+1","StSShapeShifter:Lynx_Form+1","StSShapeShifter:HippoForm","StSShapeShifter:RaptorForm","StSShapeShifter:UnicornForm","StSShapeShifter:SquirrelForm","StSShapeShifter:DeepWound","StSShapeShifter:BloomingSlash","StSShapeShifter:FesteringBite","StSShapeShifter:Garden+1","StSShapeShifter:EntForm","StSShapeShifter:MammothForm","StSShapeShifter:MonkeyForm","StSShapeShifter:MonkeyForm","StSShapeShifter:ShiftingStrike"],"relics":["StSShapeShifter:AnimalHeart","StSShapeShifter:TheShapeShiftersMagnolia","Boot","StSShapeShifter:FruitTree","StSShapeShifter:Fertilizer","Centennial Puzzle","InkBottle","Odd Mushroom","Nunchaku","Philosopher\u0027s Stone","Membership Card"],"acts_visited":["Exordium","TheCity"],"potions_floor_usage":[8,12,13,18],"damage_taken":[{"damage":0,"enemies":"Small Slimes","floor":1,"turns":4},{"damage":1,"enemies":"Jaw Worm","floor":2,"turns":3},{"damage":0,"enemies":"2 Louse","floor":3,"turns":1},{"damage":17,"enemies":"3 Sentries","floor":6,"turns":5},{"damage":4,"enemies":"Gremlin Nob","floor":8,"turns":3},{"damage":0,"enemies":"2 Fungi Beasts","floor":10,"turns":2},{"damage":0,"enemies":"The Mushroom Lair","floor":12,"turns":3},{"damage":15,"enemies":"Lagavulin","floor":13,"turns":4},{"damage":0,"enemies":"Blue Slaver","floor":14,"turns":2},{"damage":0,"enemies":"Slime Boss","floor":16,"turns":6},{"damage":30,"enemies":"Spheric Guardian","floor":18,"turns":4},{"damage":10,"enemies":"2 Thieves","floor":21,"turns":4},{"damage":56,"enemies":"Slavers","floor":23,"turns":2}],"seed_played":"4141088104349799570","potions_obtained":[{"floor":1,"key":"Block Potion"},{"floor":3,"key":"Swift Potion"},{"floor":6,"key":"Block Potion"},{"floor":12,"key":"Regen Potion"},{"floor":18,"key":"Dexterity Potion"}],"is_trial":false,"path_per_floor":["M","M","M","?","?","E","?","E","T","M","R","?","E","M","R","B",null,"M","?","$","M","?","E"],"character_chosen":"SHAPESHIFTER","items_purchased":["Membership Card","StSShapeShifter:MonkeyForm","StSShapeShifter:ShiftingStrike"],"campfire_rested":0,"item_purchase_floors":[20,20,20],"current_hp_per_floor":[78,77,77,77,48,31,31,27,27,27,27,27,24,24,24,33,78,54,54,54,44,44,0,0],"gold":228,"neow_bonus":"RANDOM_COMMON_RELIC","is_daily":false,"chose_seed":false,"campfire_upgraded":2,"win_rate":0.0,"timestamp":1613980973,"path_taken":["M","M","M","?","?","E","?","E","T","M","R","?","E","?","R","BOSS","M","?","$","M","?","E"],"items_purchased_type":["Relic","Card","Card"],"build_version":"2020-12-22","purchased_purges":1,"victory":false,"max_hp_per_floor":[78,78,78,78,78,78,78,78,78,78,78,78,78,78,78,78,78,78,78,78,78,78,78,78],"card_choices":[{"not_picked":["StSShapeShifter:DeerForm","StSShapeShifter:Rabid"],"picked":"StSShapeShifter:HippoForm","floor":1},{"not_picked":["StSShapeShifter:SpiritOfTheEarth","StSShapeShifter:VineHandcuffs"],"picked":"StSShapeShifter:RaptorForm","floor":2},{"not_picked":["StSShapeShifter:DeerForm","StSShapeShifter:OakBlade"],"picked":"StSShapeShifter:Mystical_Branch","floor":3},{"not_picked":["StSShapeShifter:WaspSwarmForm","StSShapeShifter:OwlForm"],"picked":"StSShapeShifter:SquirrelForm","floor":6},{"not_picked":["StSShapeShifter:MagicMushrooms","StSShapeShifter:BearForm"],"picked":"StSShapeShifter:DeepWound","floor":8},{"not_picked":["StSShapeShifter:OakBlade","StSShapeShifter:Synchronicity"],"picked":"StSShapeShifter:BloomingSlash","floor":10},{"not_picked":["StSShapeShifter:Roar","StSShapeShifter:Uproot_Redwood"],"picked":"StSShapeShifter:FesteringBite","floor":12},{"not_picked":["StSShapeShifter:VineHandcuffs","StSShapeShifter:BearForm"],"picked":"StSShapeShifter:Garden","floor":13},{"not_picked":["StSShapeShifter:Efflorescence","StSShapeShifter:Maul"],"picked":"StSShapeShifter:EntForm","floor":14},{"not_picked":["StSShapeShifter:Flood","StSShapeShifter:MysticalSeed"],"picked":"StSShapeShifter:MammothForm","floor":16},{"not_picked":["StSShapeShifter:Rest+1","StSShapeShifter:DeerForm"],"picked":"StSShapeShifter:MonkeyForm","floor":18},{"not_picked":["StSShapeShifter:PorcupineForm","StSShapeShifter:WiltingWrath","StSShapeShifter:Rest"],"picked":"SKIP","floor":21}],"player_experience":587820,"relics_obtained":[{"floor":6,"key":"Centennial Puzzle"},{"floor":8,"key":"InkBottle"},{"floor":12,"key":"Odd Mushroom"},{"floor":13,"key":"Nunchaku"}],"event_choices":[{"damage_healed":0,"gold_gain":1,"player_choice":"Relic Relic ","damage_taken":29,"max_hp_gain":0,"max_hp_loss":0,"event_name":"betterThird:BetterScrap","floor":5,"gold_loss":0,"cards_obtained":["Nirvana"]},{"damage_healed":0,"gold_gain":0,"player_choice":"Grow","damage_taken":0,"max_hp_gain":0,"max_hp_loss":0,"event_name":"Living Wall","floor":7,"gold_loss":0,"cards_upgraded":["StSShapeShifter:Lynx_Form"]},{"damage_healed":0,"gold_gain":0,"player_choice":"Fought Mushrooms","damage_taken":0,"max_hp_gain":0,"max_hp_loss":0,"event_name":"Mushrooms","floor":12,"gold_loss":0},{"damage_healed":0,"gold_gain":0,"player_choice":"Simplicity","damage_taken":0,"max_hp_gain":0,"max_hp_loss":10,"event_name":"betterThird:BetterWriting","floor":19,"gold_loss":0},{"damage_healed":0,"gold_gain":0,"player_choice":"Ignored","damage_taken":0,"max_hp_gain":0,"max_hp_loss":0,"event_name":"Vampires","floor":22,"gold_loss":0}],"is_beta":false,"boss_relics":[{"not_picked":["SlaversCollar","Pandora\u0027s Box"],"picked":"Philosopher\u0027s Stone"}],"items_purged_floors":[20],"is_endless":false,"potions_floor_spawned":[1,3,6,12,18],"killed_by":"Slavers","ascension_level":1}}