{"host":"m2qkn877fkm57m2k","time":1613952839,"event":{"mods":["AchievementEnabler","Bartender","BaseMod","Colored Map","Magitek Elite","Minty Spire (QoL Compilation)","Permanent Neow","Relic Sorter","StSLib"],"gold_per_floor":[111,127,15,15,15,15,43,43,43,43,53,81,93,105,105,203,203,218,253,0,12,12,39,39,49,49,67,30,60,60,160,160,255,255,274,14,64,82,94,127,146,164,164,164,181,206,219,75,75,75],"floor_reached":51,"language":"ENG","playtime":4830,"items_purged":["Strike_L","Fire2"],"score":782,"play_id":"bf9d2d1f-8d7e-4985-be00-fbea86713043","local_time":"20210222011359","is_ascension_mode":false,"campfire_choices":[{"data":"Bravery","floor":6,"key":"SMITH"},{"data":"Fake_Moustache","floor":8,"key":"SMITH"},{"data":"Shell","floor":15,"key":"SMITH"},{"data":"Transfusion","floor":24,"key":"SMITH"},{"data":"Minerva_Bustier","floor":30,"key":"SMITH"},{"data":"Esuna","floor":32,"key":"SMITH"},{"floor":49,"key":"REST"}],"circlet_count":0,"master_deck":["Defend_L","Defend_L","Defend_L","Defend_L","Defend_L+1","Cure","Ultima","Esuna+","Bravery+1","Bravery+1","Fake_Moustache+1","Quick","Flametongue","Shell+1","Thousand_Needles","Transfusion+1","Faith+1","Minerva_Bustier+1","Stop+1","Circlet+1","Float2_Spell+1","Quick+1","Force_Armor+1","Force_Armor+1","Magnus_Hat+1","Dispel+1","Minerva_Bustier+1"],"relics":["Pendant","Mummified Hand","PreservedInsect","CaptainsWheel","Golden_Hairpin","Red Mask","Chemical X","Frozen Egg 2","Mercury Hourglass","Sundial","Toxic Egg 2","Ginger","Ornamental Fan","Fusion Hammer","Incense Burner","Dream Catcher","Bottled Lightning","Bag of Preparation","Orichalcum"],"acts_visited":["Exordium","TheCity","TheBeyond"],"potions_floor_usage":[11,16,16,19,31,31],"damage_taken":[{"damage":0,"enemies":"Small Slimes","floor":1,"turns":2},{"damage":0,"enemies":"2 Louse","floor":2,"turns":1},{"damage":8,"enemies":"3 Sentries","floor":7,"turns":3},{"damage":0,"enemies":"Cultist","floor":11,"turns":4},{"damage":0,"enemies":"Lagavulin","floor":12,"turns":7},{"damage":0,"enemies":"Blue Slaver","floor":13,"turns":6},{"damage":0,"enemies":"Exordium Wildlife","floor":14,"turns":4},{"damage":2,"enemies":"Slime Boss","floor":16,"turns":10},{"damage":0,"enemies":"Shell Parasite","floor":18,"turns":5},{"damage":5,"enemies":"Masked Bandits","floor":19,"turns":3},{"damage":1,"enemies":"2 Thieves","floor":21,"turns":3},{"damage":1,"enemies":"Slavers","floor":23,"turns":3},{"damage":13,"enemies":"Sentry and Sphere","floor":25,"turns":5},{"damage":0,"enemies":"Snecko","floor":27,"turns":4},{"damage":10,"enemies":"Gremlin Leader","floor":29,"turns":5},{"damage":8,"enemies":"Colosseum Slavers","floor":31,"turns":3},{"damage":15,"enemies":"Colosseum Nobs","floor":31,"turns":4},{"damage":22,"enemies":"Collector","floor":33,"turns":4},{"damage":3,"enemies":"3 Darklings","floor":35,"turns":4},{"damage":0,"enemies":"2 Orb Walkers","floor":37,"turns":6},{"damage":0,"enemies":"Orb Walker","floor":38,"turns":4},{"damage":6,"enemies":"Spire Growth","floor":39,"turns":5},{"damage":6,"enemies":"Nemesis","floor":40,"turns":4},{"damage":2,"enemies":"Jaw Worm Horde","floor":41,"turns":5},{"damage":0,"enemies":"Sphere and 2 Shapes","floor":42,"turns":4},{"damage":1,"enemies":"Spire Growth","floor":45,"turns":5},{"damage":2,"enemies":"Reptomancer","floor":46,"turns":7},{"damage":0,"enemies":"Transient","floor":47,"turns":5},{"damage":0,"enemies":"Donu and Deca","floor":50,"turns":7}],"seed_played":"-1300461727140620026","potions_obtained":[{"floor":1,"key":"GamblersBrew"},{"floor":2,"key":"Fire Potion"},{"floor":7,"key":"Ancient Potion"},{"floor":13,"key":"EssenceOfSteel"},{"floor":25,"key":"Weak Potion"},{"floor":27,"key":"DistilledChaos"},{"floor":31,"key":"BlessingOfTheForge"},{"floor":33,"key":"AttackPotion"},{"floor":35,"key":"Block Potion"},{"floor":37,"key":"FearPotion"},{"floor":42,"key":"CultistPotion"},{"floor":46,"key":"Dexterity Potion"}],"is_trial":false,"path_per_floor":["M","M","$","?","?","R","E","R","T","?","M","E","M","M","R","B",null,"M","?","$","M","T","E","R","M","T","M","$","E","R","?","R","B",null,"M","$","?","M","M","E","M","M","T","?","M","E","M","$","R","B",null],"character_chosen":"MAGITEKELITE","items_purchased":["Bravery","Chemical X","Minerva_Bustier","Circlet+1","Float2_Spell+1","Quick+1","Orichalcum"],"campfire_rested":1,"item_purchase_floors":[3,20,28,36,36,36,48],"current_hp_per_floor":[45,45,45,32,32,32,24,24,24,24,30,36,42,48,48,52,63,63,58,58,62,62,63,63,56,56,62,62,58,58,35,35,19,63,60,60,63,63,63,63,61,61,61,73,72,73,73,73,73,73],"gold":75,"neow_bonus":"TRANSFORM_TWO_CARDS","is_daily":false,"chose_seed":false,"campfire_upgraded":6,"win_rate":0.0,"timestamp":1613952839,"path_taken":["M","M","$","?","?","R","E","R","T","?","M","E","?","M","R","BOSS","M","?","$","M","?","E","R","M","T","?","?","E","R","?","R","BOSS","M","$","?","M","M","E","M","M","T","?","M","E","M","$","R","BOSS"],"items_purchased_type":["Card","Relic","Card","Card","Card","Card","Relic"],"build_version":"2020-12-22","purchased_purges":2,"victory":true,"max_hp_per_floor":[63,63,63,63,63,63,63,63,63,63,63,63,63,63,63,63,63,63,63,63,63,63,63,63,63,63,63,63,63,63,63,63,63,63,63,63,63,63,63,63,63,63,63,73,73,73,73,73,73,73],"card_choices":[{"not_picked":["Cursed_Shield","Throw","Water"],"picked":"SKIP","floor":1},{"not_picked":["Crystal_Sword","Rune_Blade"],"picked":"Bravery","floor":2},{"not_picked":["Throw","Flare"],"picked":"Fake_Moustache","floor":7},{"not_picked":["Falchion","Man_Eater","Mythril_Knife"],"picked":"SKIP","floor":11},{"not_picked":["Gladius","Water","Cursed_Shield"],"picked":"SKIP","floor":12},{"not_picked":["Cursed_Shield","Throw"],"picked":"Flametongue","floor":13},{"not_picked":["Poisona","Barrier"],"picked":"Shell","floor":14},{"not_picked":["Gravity","Reflect"],"picked":"Thousand_Needles","floor":16},{"not_picked":["Gladius+1","Blizzard_P"],"picked":"Transfusion","floor":18},{"not_picked":["Poisona+1","Gladius+1","Enhancer"],"picked":"SKIP","floor":21},{"not_picked":["Flametongue","Falchion","Water"],"picked":"SKIP","floor":23},{"not_picked":["Quake","Holy","Man_Eater"],"picked":"SKIP","floor":25},{"not_picked":["Mirage_Vest","Wall"],"picked":"Faith+1","floor":27},{"not_picked":["Flare","Thunder_P"],"picked":"Mama+1","floor":29},{"not_picked":["Reflect+1","Fake_Moustache+1"],"picked":"Stop+1","floor":33},{"not_picked":["Crystal_Sword+1","Falchion+1","Man_Eater"],"picked":"SKIP","floor":35},{"not_picked":["Gaia_Gear+1","Astra+1"],"picked":"Force_Armor+1","floor":37},{"not_picked":["Break+1","Astra+1","Throw"],"picked":"SKIP","floor":38},{"not_picked":["Flametongue+1","Man_Eater+1"],"picked":"Force_Armor+1","floor":39},{"not_picked":["Flare","Cursed_Shield+1","Gaia_Gear+1"],"picked":"SKIP","floor":40},{"not_picked":["Gladius","Break+1"],"picked":"Magnus_Hat+1","floor":41},{"not_picked":["Poisona+1","Drain","Astra+1"],"picked":"SKIP","floor":42},{"not_picked":["Man_Eater","Crystal_Sword+1","Barrier+1"],"picked":"SKIP","floor":45},{"not_picked":["Aero","Transpose2+1","Force_Armor+1"],"picked":"SKIP","floor":46},{"not_picked":["Man_Eater+1","Barrier+1"],"picked":"Dispel+1","floor":47},{"not_picked":["Icebrand+1","Flare+1"],"picked":"Minerva_Bustier+1","floor":49}],"player_experience":8388,"relics_obtained":[{"floor":7,"key":"Mummified Hand"},{"floor":9,"key":"PreservedInsect"},{"floor":12,"key":"CaptainsWheel"},{"floor":19,"key":"Red Mask"},{"floor":22,"key":"Frozen Egg 2"},{"floor":23,"key":"Mercury Hourglass"},{"floor":26,"key":"Sundial"},{"floor":29,"key":"Toxic Egg 2"},{"floor":31,"key":"Ginger"},{"floor":31,"key":"Ornamental Fan"},{"floor":37,"key":"Incense Burner"},{"floor":40,"key":"Dream Catcher"},{"floor":43,"key":"Bottled Lightning"},{"floor":46,"key":"Bag of Preparation"}],"event_choices":[{"damage_healed":0,"gold_gain":0,"player_choice":"Entered Light","damage_taken":13,"max_hp_gain":0,"max_hp_loss":0,"event_name":"Shining Light","floor":4,"gold_loss":0,"cards_upgraded":["Defend_L","Fire2"]},{"damage_healed":0,"gold_gain":0,"player_choice":"Grow","damage_taken":0,"max_hp_gain":0,"max_hp_loss":0,"event_name":"Living Wall","floor":5,"gold_loss":0,"cards_upgraded":["Bravery"]},{"damage_healed":0,"gold_gain":0,"cards_transformed":["Strike_L"],"player_choice":"Transformed","damage_taken":0,"max_hp_gain":0,"max_hp_loss":0,"event_name":"Transmorgrifier","floor":10,"gold_loss":0,"cards_obtained":["Quick"]},{"damage_healed":0,"gold_gain":0,"player_choice":"Fought Bandits","damage_taken":0,"max_hp_gain":0,"max_hp_loss":0,"event_name":"Masked Bandits","floor":19,"gold_loss":0},{"damage_healed":0,"gold_gain":0,"player_choice":"Fight","damage_taken":0,"max_hp_gain":0,"max_hp_loss":0,"event_name":"Colosseum","floor":31,"gold_loss":0},{"damage_healed":0,"gold_gain":0,"player_choice":"Fought Nobs","damage_taken":0,"max_hp_gain":0,"max_hp_loss":0,"event_name":"Colosseum","floor":31,"gold_loss":0},{"damage_healed":0,"gold_gain":0,"player_choice":"Fight","damage_taken":0,"max_hp_gain":0,"max_hp_loss":0,"event_name":"Mysterious Sphere","floor":37,"gold_loss":0},{"cards_removed":["Mama"],"damage_healed":2,"gold_gain":0,"player_choice":"Offered Rare","damage_taken":0,"max_hp_gain":10,"max_hp_loss":0,"event_name":"Bonfire Elementals","floor":44,"gold_loss":0}],"is_beta":false,"boss_relics":[{"not_picked":["Memories","SlaversCollar"],"picked":"Golden_Hairpin"},{"not_picked":["Runic Dome","Astrolabe"],"picked":"Fusion Hammer"}],"items_purged_floors":[3,20],"is_endless":false,"potions_floor_spawned":[1,2,7,13,25,27,31,33,35,37,42,46,47],"ascension_level":0}}