{"host":"7xwe9tmiyvwn0fou","time":1613954971,"event":{"mods":["2.2 Compatiblity","AchievementEnabler","Act Like it!","Aspiration","BaseMod","Better Altar","Better Match","Better Note","Better Sensory Stone","Better Skull","Better Third Choice","BetterRewards","CapriCore","Colored Map","Colored Powertips","Conspire","Downfall","Elementarium","Energized Spire","Friendly Minions","Gensokyo","GifTheSpireLib","Googly Eyes","Halation","Hallownest","Hero for Fun","Highlight Path","Hubris","Infinite Spire","LagranYue(???·?)","Lobotomy","Minty Spire (QoL Compilation)","MostiFishMod","Rare Cards Sparkle","Reliquary","Ruina","Shop Mod","Spikes Relics","Spire Arcade","StSLib","Stuff the Spire","Td1madao Mod","The Bug Knight","The Jungle","Waifu the Spire","everything is the same but u backflip on backflip","slay the spire mod where everything is the same but ironclad has a cowboy hat"],"gold_per_floor":[113,113,38,38,38,69,69,95,122,140,201,201,235,245,245,344,344,354,387,400,315,21,21,21,32,32,32,32,51,79,79,79,174,174,185,185,60,77,92,92,102,8,8,230,130,141,159,171,171,171,171,171,13,45,45],"floor_reached":56,"language":"ENG","playtime":4852,"items_purged":["Strike_R","Bash","Strike_R","Strike_R","MostiFishMod:RainCloud","Defend_R"],"score":1483,"play_id":"34168020-6c11-4493-b7af-1a5dc128b43c","local_time":"20210221194931","is_ascension_mode":false,"campfire_choices":[{"data":"MostiFishMod:HellRitual","floor":7,"key":"SMITH"},{"data":"Anger","floor":12,"key":"SMITH"},{"data":"Battle Trance","floor":15,"key":"SMITH"},{"floor":23,"key":"RECALL"},{"data":"Whirlwind","floor":32,"key":"SMITH"},{"data":"MostiFishMod:HellRitual","floor":40,"key":"SMITH"},{"data":"Shrug It Off","floor":49,"key":"SMITH"},{"data":"infinitespire:Starlight","floor":52,"key":"SMITH"}],"circlet_count":0,"master_deck":["Defend_R","Defend_R","Defend_R","Shrug It Off+1","MostiFishMod:HellRitual+1","Battle Trance+1","Anger+1","Whirlwind+1","infinitespire:Starlight+1","MostiFishMod:HellRitual+1","Shrug It Off+1","Shrug It Off+1","Shrug It Off+1"],"relics":["Burning Blood","DaveBox","LagranYue:RandomDrawCardRelic","NeowsBlessing","FeatherPendant","SynthV:TestCard","hubris:Towel","infinitespire:BottledMercury","hubris:OldNail","reliquary:Aerogel","halation:OrihimeAndHikoboshiSamaAndTears","Red Mask","Bag of Preparation","MerchantsRug","SnailShell","reliquary:Firecrackers","Lantern","energizedSpire:DeadBattery","Potion Belt","hubris:ToyBattleship"],"acts_visited":["Exordium","TheCity","TheBeyond","TheEnding"],"potions_floor_usage":[13029,29,36,42],"damage_taken":[{"damage":0,"enemies":"Jaw Worm","floor":1,"turns":1},{"damage":0,"enemies":"HollowMod:MossKnight","floor":6,"turns":1},{"damage":0,"enemies":"Gremlin Nob","floor":8,"turns":1},{"damage":0,"enemies":"Cultist","floor":10,"turns":3},{"damage":1,"enemies":"Gremlin Nob","floor":11,"turns":3},{"damage":5,"enemies":"Lagavulin","floor":13,"turns":4},{"damage":4,"enemies":"conspire:RoseBush","floor":14,"turns":2},{"damage":0,"enemies":"Slime Boss","floor":16,"turns":4},{"damage":10,"enemies":"2 Thieves","floor":18,"turns":3},{"damage":43,"enemies":"Masked Bandits","floor":19,"turns":4},{"damage":0,"enemies":"3 Byrds","floor":20,"turns":3},{"damage":29,"enemies":"Snake Plant","floor":25,"turns":4},{"damage":0,"enemies":"Snecko","floor":29,"turns":4},{"damage":0,"enemies":"Slavers","floor":30,"turns":3},{"damage":0,"enemies":"Collector","floor":33,"turns":4},{"damage":0,"enemies":"3 Darklings","floor":35,"turns":3},{"damage":12,"enemies":"3 Shapes","floor":38,"turns":3},{"damage":0,"enemies":"Jaw Worm Horde","floor":39,"turns":4},{"damage":0,"enemies":"Transient","floor":41,"turns":3},{"damage":0,"enemies":"Sphere and 2 Shapes","floor":46,"turns":2},{"damage":0,"enemies":"4 Shapes","floor":47,"turns":2},{"damage":0,"enemies":"Maw","floor":48,"turns":3},{"damage":0,"enemies":"hubris:GrandSnecko","floor":50,"turns":3},{"damage":0,"enemies":"Shield and Spear","floor":54,"turns":3},{"damage":2,"enemies":"The Heart","floor":55,"turns":5}],"seed_played":"2274757074083815719","potions_obtained":[{"floor":1,"key":"BlessingOfTheForge"},{"floor":10,"key":"Ancient Potion"},{"floor":13,"key":"bronze:BurnAndBuffPotion"},{"floor":16,"key":"ElixirPotion"},{"floor":20,"key":"ElixirPotion"},{"floor":29,"key":"PowerPotion"},{"floor":35,"key":"ElixirPotion"},{"floor":36,"key":"Fruit Juice"},{"floor":36,"key":"Swift Potion"},{"floor":36,"key":"EntropicBrew"},{"floor":47,"key":"Swift Potion"}],"is_trial":false,"path_per_floor":["M","?","$","?","?","E","R","E","T","M","?","R","E","M","R","B",null,"M","?","M","?","$","R","HB","M","T","$","?","M","E","AVR","R","B",null,"M","?","$","M","M","R","M","$","T","?","NS","M","M","M","R","B",null,"R","$","E","B",null],"character_chosen":"IRONCLAD","items_purchased":["MerchantsRug","SnailShell"],"campfire_rested":0,"item_purchase_floors":[22,22],"current_hp_per_floor":[80,80,80,80,80,80,80,80,80,80,80,80,80,80,80,80,80,76,39,45,45,45,45,40,17,17,17,7,31,37,37,37,40,40,40,45,45,39,45,45,45,45,45,45,45,48,48,48,48,48,48,48,48,48,48],"gold":45,"neow_bonus":"THREE_ENEMY_KILL","is_daily":false,"chose_seed":false,"campfire_upgraded":7,"win_rate":0.0,"timestamp":1613954971,"path_taken":["M","?","?","?","?","E","R","E","T","M","?","R","E","M","R","BOSS","M","?","M","?","?","R","HB","M","T","$","?","M","E","AVR","R","BOSS","M","?","$","?","M","R","M","?","T","?","NS","M","M","?","R","BOSS","R","$","E","BOSS"],"items_purchased_type":["Relic","Relic"],"build_version":"2020-12-22","purchased_purges":6,"victory":true,"max_hp_per_floor":[80,80,80,80,80,80,80,80,80,80,80,80,80,80,80,80,80,80,80,80,80,80,80,40,40,40,40,40,40,40,40,40,40,40,40,45,45,45,45,45,45,45,45,45,45,48,48,48,48,48,48,48,48,48,48],"card_choices":[{"not_picked":["StuffTheSpire:Slingshot","MostiFishMod:BrandingRite","Heavy Blade"],"picked":"SKIP","floor":1},{"not_picked":["Inflame","Thunderclap","Iron Wave","Anger"],"picked":"MostiFishMod:HellRitual","floor":6},{"not_picked":["Perfected Strike","Inflame","Havoc","Clash"],"picked":"Battle Trance","floor":8},{"not_picked":["hubris:ReadiedAction","Double Tap","StuffTheSpire:Pyroclast","Armaments","Seeing Red"],"picked":"SKIP","floor":10},{"not_picked":["Pommel Strike","Iron Wave","True Grit","Perfected Strike"],"picked":"Anger","floor":11},{"not_picked":["Iron Wave","StuffTheSpire:RockThrow","Berserk","Thunderclap","Evolve"],"picked":"SKIP","floor":13},{"not_picked":["Pommel Strike","Clothesline","Shockwave","Evolve","Flex"],"picked":"SKIP","floor":14},{"not_picked":["MostiFishMod:FlyOverUtopia","Barricade","MostiFishMod:ChineseTea","Juggernaut"],"picked":"MostiFishMod:RainCloud","floor":16},{"not_picked":["Havoc","StuffTheSpire:RockThrow","Uppercut","hubris:CleavingFinish+1","Fire Breathing"],"picked":"SKIP","floor":18},{"not_picked":["Shrug It Off","Thunderclap","Perfected Strike","Brutality","StuffTheSpire:RockThrow"],"picked":"SKIP","floor":20},{"not_picked":["Combust","Searing Blow+1","Wild Strike","Pommel Strike","hubris:ReadiedAction"],"picked":"SKIP","floor":25},{"not_picked":["conspire:HitWhereItHurts","Headbutt","Reckless Charge","True Grit"],"picked":"Whirlwind","floor":29},{"not_picked":["StuffTheSpire:RockThrow","BarbarianYell+1","Wild Strike","Perfected Strike","Impervious"],"picked":"SKIP","floor":30},{"not_picked":["MostiFishMod:FireWorks","Juggernaut","MostiFishMod:RacingGame","MostiFishMod:404NotFound"],"picked":"MostiFishMod:HellRitual","floor":33},{"not_picked":["Havoc","Thunderclap","hubris:ReadiedAction","Pommel Strike+1","Feel No Pain+1"],"picked":"SKIP","floor":35},{"not_picked":["StuffTheSpire:Pyroclast","Disarm","Absolvement+1","Body Slam"],"picked":"Warcry+1","floor":38},{"not_picked":["Anger+1","StuffTheSpire:RagingBull","Intimidate","conspire:Charge"],"picked":"Ghostly Armor+1","floor":39},{"not_picked":["Infernal Blade+1","Battle Trance","Warcry","MostiFishMod:TemporaryOutbreak"],"picked":"Shrug It Off+1","floor":41},{"not_picked":["StuffTheSpire:RagingBull+1","Blood for Blood+1","Wild Strike+1","StuffTheSpire:RockThrow+1"],"picked":"Shrug It Off+1","floor":46},{"not_picked":["Shockwave","Disarm","Feel No Pain+1","Perfected Strike","Intimidate+1"],"picked":"SKIP","floor":47},{"not_picked":["Anger","Carnage+1","Perfected Strike","StuffTheSpire:RagingBull+1"],"picked":"Shrug It Off+1","floor":48},{"not_picked":["Feed","Absolvement+1","True Grit+1","Perfected Strike+1","Sword Boomerang+1"],"picked":"SKIP","floor":54}],"player_experience":19373,"relics_obtained":[{"floor":1,"key":"SynthV:TestCard"},{"floor":6,"key":"infinitespire:BottledMercury"},{"floor":8,"key":"hubris:OldNail"},{"floor":9,"key":"reliquary:Aerogel"},{"floor":11,"key":"MiniBlackHole"},{"floor":13,"key":"halation:OrihimeAndHikoboshiSamaAndTears"},{"floor":19,"key":"Red Mask"},{"floor":30,"key":"reliquary:Firecrackers"},{"floor":43,"key":"Potion Belt"},{"floor":54,"key":"hubris:ToyBattleship"}],"event_choices":[{"cards_removed":["Strike_R"],"damage_healed":0,"gold_gain":0,"player_choice":"Give","damage_taken":0,"max_hp_gain":0,"max_hp_loss":0,"event_name":"betterNote:BetterNote","floor":2,"gold_loss":0,"cards_obtained":["None"]},{"damage_healed":0,"gold_gain":30,"player_choice":"Searched \u00272\u0027 times","damage_taken":0,"max_hp_gain":0,"max_hp_loss":0,"event_name":"Dead Adventurer","floor":11,"gold_loss":0},{"damage_healed":0,"gold_gain":0,"player_choice":"Fought Bandits","damage_taken":0,"max_hp_gain":0,"max_hp_loss":0,"event_name":"Masked Bandits","floor":19,"gold_loss":0},{"damage_healed":0,"gold_gain":0,"player_choice":"Obtained Relic","damage_taken":0,"relics_obtained":["Bag of Preparation"],"max_hp_gain":0,"max_hp_loss":0,"event_name":"Addict","floor":21,"gold_loss":85},{"damage_healed":0,"gold_gain":0,"player_choice":" Potion ","damage_taken":10,"relics_obtained":[],"max_hp_gain":17,"max_hp_loss":7,"event_name":"betterAltar:BetterAltar","floor":28,"potions_obtained":["betterAltar:AltarPotion"],"relics_lost":[],"gold_loss":0},{"damage_healed":0,"gold_gain":0,"player_choice":"Got Potions","damage_taken":0,"max_hp_gain":0,"max_hp_loss":0,"event_name":"Lab","floor":36,"gold_loss":0},{"damage_healed":0,"gold_gain":222,"player_choice":"Wore Mask","damage_taken":0,"max_hp_gain":0,"max_hp_loss":0,"event_name":"Tomb of Lord Red Mask","floor":44,"gold_loss":0}],"is_beta":false,"boss_relics":[{"not_picked":["Ectoplasm","MoonlightInvasionPlan","StuffTheSpire:Kangaroo"]},{"not_picked":["HereWithMe","Calling Bell"],"picked":"energizedSpire:DeadBattery"}],"items_purged_floors":[3,22,31,37,42,53],"is_endless":false,"potions_floor_spawned":[1,10,13,16,20,29,35,47],"ascension_level":0}}