{"host":"cfv8orgc8997ql4r","time":1613962288,"event":{"mods":["AchievementEnabler","BaseMod","DeckTracker","Keyboard Shortcuts","Minty Spire (QoL Compilation)"],"gold_per_floor":[111,36,36,211,229,229,229,229,254,266,294,162,177,97,97,197,197,186,199,199,99,99,99],"floor_reached":22,"language":"KOR","playtime":542,"items_purged":["Doubt","Vigilance"],"score":172,"play_id":"484f4e7b-3c44-4fd1-923b-7fa318b1f1a7","local_time":"20210222115128","is_ascension_mode":false,"campfire_choices":[{"data":"Adaptation","floor":6,"key":"SMITH"},{"data":"MentalFortress","floor":8,"key":"SMITH"},{"data":"Eruption","floor":10,"key":"SMITH"},{"data":"Adaptation","floor":15,"key":"SMITH"}],"circlet_count":0,"master_deck":["Strike_P","Strike_P","Strike_P","Strike_P","Defend_P","Defend_P","Defend_P","Eruption+1","Dark Shackles","Pray","Adaptation+1","MentalFortress+1","InnerPeace","Adaptation+1","FlurryOfBlows","Necronomicurse"],"relics":["PureWater","Darkstone Periapt","MawBank","Necronomicon"],"acts_visited":["Exordium","TheCity"],"potions_floor_usage":[16,19],"damage_taken":[{"damage":0,"enemies":"2 Louse","floor":1,"turns":2},{"damage":2,"enemies":"Small Slimes","floor":5,"turns":4},{"damage":0,"enemies":"Jaw Worm","floor":11,"turns":3},{"damage":3,"enemies":"Looter","floor":13,"turns":3},{"damage":1,"enemies":"Slime Boss","floor":16,"turns":5},{"damage":20,"enemies":"2 Thieves","floor":18,"turns":4},{"damage":5,"enemies":"Spheric Guardian","floor":19,"turns":4},{"damage":6,"enemies":"Chosen and Byrds","floor":22,"turns":4}],"seed_played":"1580818432475088016","potions_obtained":[{"floor":5,"key":"StancePotion"},{"floor":13,"key":"Strength Potion"},{"floor":19,"key":"Fire Potion"}],"is_trial":false,"path_per_floor":["M","$","?","?","M","R","?","R","T","R","M","$","M","$","R","B",null,"M","M","?","$","M"],"character_chosen":"WATCHER","items_purchased":["Adaptation","InnerPeace","Adaptation"],"campfire_rested":0,"item_purchase_floors":[2,12,14],"current_hp_per_floor":[72,72,65,65,63,63,60,60,60,60,60,60,57,57,57,56,72,52,47,37,37,31,31],"gold":99,"neow_bonus":"RANDOM_COLORLESS","is_daily":false,"chose_seed":false,"campfire_upgraded":4,"win_rate":0.0,"timestamp":1613962288,"path_taken":["M","$","?","?","M","R","?","R","T","R","M","$","M","?","R","BOSS","M","M","?","$","M"],"items_purchased_type":["Card","Card","Card"],"build_version":"2020-12-22","purchased_purges":2,"victory":false,"max_hp_per_floor":[72,72,72,72,72,72,72,72,72,72,72,72,72,72,72,72,72,72,72,78,78,78,78],"card_choices":[{"not_picked":["Purity","Dramatic Entrance"],"picked":"Dark Shackles","floor":0},{"not_picked":["EmptyMind","CrushJoints"],"picked":"Pray","floor":1},{"not_picked":["Halt","Perseverance"],"picked":"MentalFortress","floor":5},{"not_picked":["Prostrate","BowlingBash","Weave"],"picked":"SKIP","floor":11},{"not_picked":["Prostrate","FlyingSleeves","Halt"],"picked":"SKIP","floor":13},{"not_picked":["BowlingBash","PathToVictory","Perseverance"],"picked":"SKIP","floor":18},{"not_picked":["TalkToTheHand","FlyingSleeves"],"picked":"FlurryOfBlows","floor":19}],"player_experience":208741,"relics_obtained":[{"floor":9,"key":"MawBank"},{"floor":20,"key":"Necronomicon"}],"event_choices":[{"cards_removed":["Defend_P"],"damage_healed":0,"gold_gain":0,"player_choice":"Card Removal","damage_taken":7,"max_hp_gain":0,"max_hp_loss":0,"event_name":"Golden Wing","floor":3,"gold_loss":0},{"damage_healed":0,"gold_gain":175,"player_choice":"AGREE","damage_taken":0,"max_hp_gain":0,"max_hp_loss":0,"event_name":"Liars Game","floor":4,"gold_loss":0,"cards_obtained":["Doubt"]},{"damage_healed":0,"gold_gain":0,"player_choice":"Success","damage_taken":3,"relics_obtained":["Darkstone Periapt"],"max_hp_gain":0,"max_hp_loss":0,"event_name":"Scrap Ooze","floor":7,"gold_loss":0},{"damage_healed":0,"gold_gain":0,"player_choice":"Obtained Book","damage_taken":16,"max_hp_gain":0,"max_hp_loss":0,"event_name":"Cursed Tome","floor":20,"gold_loss":0}],"is_beta":false,"boss_relics":[{"not_picked":["Snecko Eye","Busted Crown","Runic Dome"]}],"items_purged_floors":[12,21],"is_endless":false,"potions_floor_spawned":[5,13,19],"killed_by":"Chosen and Byrds","ascension_level":0}}