{"host":"q57ekfojy3i00x9o","time":1613999628,"event":{"mods":["Act Like it!","Arknights","Aspiration","BaseMod","Colored Map","Energized Spire","Hermit","Minty Spire (QoL Compilation)","Quick Restart","Ruina","Spicy Shops","Spikes Relics","StSLib","slay the spire mod where everything is the same but ironclad has a cowboy hat"],"gold_per_floor":[119,76,151,151,71,71,71,98,98,114,130,155,155,172,172,243,243,261,311,311,252,266,266,266,266],"floor_reached":24,"language":"RUS","playtime":375,"items_purged":[],"score":431,"play_id":"9b376761-b8c6-4ef3-ad04-59f74b06e44d","local_time":"20210222181348","is_ascension_mode":true,"campfire_choices":[{"data":"ats:True Silver Slash","floor":6,"key":"SMITH"},{"floor":13,"key":"REST"},{"data":"ats:Calcification","floor":15,"key":"SMITH"},{"floor":23,"key":"REST"}],"circlet_count":0,"master_deck":["AscendersBane","ats:Strike G","ats:Strike S","ats:Armor Crushing Shot","ats:Defend","ats:Defend","ats:Defend","ats:Defend","ats:Emotion Absorption","ats:Ignite","ats:Sword Rain","ats:True Silver Slash+1","ats:Disruption Kick","ats:Leaping Hammer","ats:Powerful Strike","ats:Powerful Strike","ats:Closed Bolt Burst Fire","ats:Calcification+1","ats:Ambush","Dagger Spray+1","ats:Rat Pack","ats:Apocalypse","ats:Cat Scratch"],"relics":["ats:Sanity","NeowsBlessing","ats:Originium","Matryoshka","Regal Pillow","ShockBauble","Meat on the Bone","aspiration:SilentSkillbook"],"acts_visited":["Exordium","TheCity"],"potions_floor_usage":[8,11,16,16,24],"damage_taken":[{"damage":0,"enemies":"Jaw Worm","floor":1,"turns":1},{"damage":0,"enemies":"3 Sentries","floor":8,"turns":1},{"damage":0,"enemies":"2 Louse","floor":10,"turns":1},{"damage":3,"enemies":"Small Slimes","floor":11,"turns":2},{"damage":40,"enemies":"Lagavulin","floor":12,"turns":5},{"damage":0,"enemies":"Gremlin Gang","floor":14,"turns":1},{"damage":44,"enemies":"Hexaghost","floor":16,"turns":8},{"damage":36,"enemies":"2 Thieves","floor":18,"turns":4},{"damage":30,"enemies":"Spheric Guardian","floor":22,"turns":4},{"damage":61,"enemies":"Book of Stabbing","floor":24,"turns":5}],"seed_played":"-1033179401350804617","potions_obtained":[{"floor":8,"key":"EntropicBrew"},{"floor":10,"key":"Strength Potion"},{"floor":14,"key":"Fire Potion"},{"floor":16,"key":"ColorlessPotion"},{"floor":22,"key":"SteroidPotion"}],"is_trial":false,"path_per_floor":["M","$","?","?","$","R","?","E","T","M","M","E","R","M","R","B",null,"M","?","?","$","M","R","E"],"character_chosen":"DOCTOR_CLASS","items_purchased":["ats:Sword Rain","ats:True Silver Slash","ats:Apocalypse"],"campfire_rested":2,"item_purchase_floors":[2,5,21],"current_hp_per_floor":[65,65,54,54,54,54,54,54,54,54,51,11,47,47,47,17,58,34,34,34,34,16,52,0,0],"gold":266,"neow_bonus":"THREE_ENEMY_KILL","is_daily":false,"chose_seed":false,"campfire_upgraded":2,"win_rate":0.0,"timestamp":1613999628,"path_taken":["M","$","?","?","$","R","?","E","T","?","M","E","R","M","R","BOSS","M","?","?","$","M","R","E"],"items_purchased_type":["Card","Card","Card"],"build_version":"2020-12-22","purchased_purges":0,"victory":false,"max_hp_per_floor":[72,72,72,72,72,72,72,72,72,72,72,72,72,72,72,72,72,72,72,72,72,72,72,72,72],"card_choices":[{"not_picked":["ats:Very Hot Blade","ats:Healing Strengthening"],"picked":"ats:Ignite","floor":1},{"not_picked":["ats:Support Order","ats:Very Hot Blade"],"picked":"ats:Leaping Hammer","floor":8},{"not_picked":["ats:Assault Order","ats:Phantom"],"picked":"ats:Powerful Strike","floor":10},{"not_picked":["ats:Blood Oath","ats:Phantom"],"picked":"ats:Powerful Strike","floor":11},{"not_picked":["ats:Guard Mode","ats:Soul Absorption"],"picked":"ats:Closed Bolt Burst Fire","floor":12},{"not_picked":["ats:Directed Diagnosis","ats:Closed Bolt Burst Fire"],"picked":"ats:Calcification","floor":14},{"not_picked":["ats:Wolf Pack","ats:Rat Pack"],"picked":"ats:Ambush","floor":16},{"not_picked":["ats:Revitalization","ats:Magnetic Hammer","Prepared"],"picked":"Dagger Spray+1","floor":18},{"not_picked":["Distraction","Flechettes","ats:Phantom"],"picked":"ats:Cat Scratch","floor":22}],"player_experience":785643,"relics_obtained":[{"floor":8,"key":"ats:Originium"},{"floor":8,"key":"Matryoshka"},{"floor":9,"key":"Regal Pillow"},{"floor":9,"key":"ShockBauble"},{"floor":12,"key":"ats:Originium"},{"floor":12,"key":"Meat on the Bone"}],"event_choices":[{"damage_healed":0,"gold_gain":75,"player_choice":"Gather Gold","damage_taken":11,"max_hp_gain":0,"max_hp_loss":0,"event_name":"World of Goop","floor":3,"gold_loss":0},{"damage_healed":0,"gold_gain":0,"player_choice":"Leave","damage_taken":0,"max_hp_gain":0,"max_hp_loss":0,"event_name":"The Cleric","floor":4,"gold_loss":0},{"damage_healed":0,"gold_gain":0,"cards_transformed":["ats:Strike C"],"player_choice":"Transformed","damage_taken":0,"max_hp_gain":0,"max_hp_loss":0,"event_name":"Transmorgrifier","floor":7,"gold_loss":0,"cards_obtained":["ats:Disruption Kick"]},{"damage_healed":0,"gold_gain":50,"player_choice":"Stole From Cult","damage_taken":0,"max_hp_gain":0,"max_hp_loss":0,"event_name":"Nest","floor":19,"gold_loss":0},{"damage_healed":0,"gold_gain":0,"cards_transformed":["ats:Strike V"],"player_choice":"Transformed","damage_taken":0,"max_hp_gain":0,"max_hp_loss":0,"event_name":"Transmorgrifier","floor":20,"gold_loss":0,"cards_obtained":["ats:Rat Pack"]}],"is_beta":false,"boss_relics":[{"not_picked":["Runic Dome","energizedSpire:EnergizedDie"],"picked":"aspiration:SilentSkillbook"}],"items_purged_floors":[],"is_endless":false,"potions_floor_spawned":[8,10,14,16,22],"killed_by":"Book of Stabbing","ascension_level":18}}