{"host":"7xbu8gt067z192g2","time":1613957698,"event":{"mods":["BaseMod","Better Note","BetterRewards","Colored Map","Colored Powertips","Downfall","Googly Eyes","Highlight Path","Minty Spire (QoL Compilation)","Rare Cards Sparkle","Replay The Spire","StSLib"],"gold_per_floor":[116,131,144,154,164,197,197,237,261,261,336,25,39,67,67,175,175,199,199,222,15,41,41,41,41,41,60,83,105,105,128,128,246,246,274,288,329,10,36,42,42],"floor_reached":40,"language":"ENG","playtime":2024,"items_purged":["Defend_B"],"score":492,"play_id":"a1d85995-ebfe-4630-ba90-4d100d8d1b61","local_time":"20210221203458","is_ascension_mode":true,"campfire_choices":[{"floor":7,"key":"REST"},{"floor":10,"key":"REST"},{"data":"Capacitor","floor":15,"key":"SMITH"},{"data":"Apotheosis","floor":23,"key":"SMITH"},{"data":"Turbo","floor":25,"key":"SMITH"},{"floor":32,"key":"REST"}],"circlet_count":0,"master_deck":["Defend_B","Defend_B","Defend_B","Zap","Dualcast","Fission+1","Coolheaded+1","Rebound+1","Tempest","Sweeping Beam","Capacitor+1","Rainbow","Cold Snap","Sweeping Beam","Electrodynamics","Apotheosis+1","Beam Cell","Lockon","Core Surge","Coolheaded","Turbo+1","Capacitor+1","Skim","Barrage","Coolheaded","Mirror Shield","Aggregate+1","Coolheaded"],"relics":["Astrolabe","Replay:Bandana","Bronze Scales","Replay:Rubber Ducky","Runic Pyramid","Bag of Preparation","ClockworkSouvenir","HornCleat","Inserter","Cables"],"acts_visited":["Exordium","TheCity","TheBeyond"],"potions_floor_usage":[],"damage_taken":[{"damage":0,"enemies":"Cultist","floor":1,"turns":3},{"damage":7,"enemies":"Jaw Worm","floor":2,"turns":4},{"damage":0,"enemies":"Small Slimes","floor":3,"turns":4},{"damage":13,"enemies":"Exordium Thugs","floor":4,"turns":3},{"damage":11,"enemies":"Blue Slaver","floor":5,"turns":3},{"damage":30,"enemies":"3 Sentries","floor":6,"turns":7},{"damage":12,"enemies":"Gremlin Nob","floor":8,"turns":3},{"damage":1,"enemies":"Large Slime","floor":13,"turns":4},{"damage":0,"enemies":"Exordium Thugs","floor":14,"turns":3},{"damage":23,"enemies":"Slime Boss","floor":16,"turns":6},{"damage":20,"enemies":"Spheric Guardian","floor":18,"turns":4},{"damage":5,"enemies":"Chosen","floor":20,"turns":5},{"damage":6,"enemies":"Centurion and Healer","floor":22,"turns":3},{"damage":18,"enemies":"Snake Plant","floor":27,"turns":2},{"damage":4,"enemies":"Chosen and Byrds","floor":28,"turns":4},{"damage":0,"enemies":"Snecko","floor":29,"turns":3},{"damage":11,"enemies":"Shelled Parasite and Fungi","floor":31,"turns":2},{"damage":3,"enemies":"Collector","floor":33,"turns":6},{"damage":14,"enemies":"3 Shapes","floor":35,"turns":6},{"damage":0,"enemies":"Orb Walker","floor":36,"turns":4},{"damage":13,"enemies":"Spire Growth","floor":37,"turns":3},{"damage":0,"enemies":"Maw","floor":39,"turns":4},{"damage":51,"enemies":"Reptomancer","floor":40,"turns":3}],"seed_played":"1121350828940635862","potions_obtained":[{"floor":1,"key":"sneckomod:MuddlingPotion"},{"floor":4,"key":"SpeedPotion"},{"floor":5,"key":"Ancient Potion"},{"floor":8,"key":"Doom Potion"}],"is_trial":false,"path_per_floor":["M","M","M","M","M","E","R","E","T","R","?","$","M","M","R","B",null,"M","T","M","$","M","R","?","R","T","M","M","M","?","M","R","B",null,"M","M","M","$","M","E"],"character_chosen":"DEFECT","items_purchased":["Replay:Rubber Ducky","Apotheosis","ClockworkSouvenir","Capacitor+1","Cables"],"campfire_rested":3,"item_purchase_floors":[12,12,21,21,38],"current_hp_per_floor":[75,68,68,55,44,14,36,24,24,46,39,39,38,38,38,15,75,55,55,50,50,44,44,44,44,44,26,22,22,22,11,33,30,75,61,61,48,48,48,0,0],"gold":42,"neow_bonus":"BOSS_RELIC","is_daily":false,"chose_seed":false,"campfire_upgraded":3,"win_rate":0.0,"timestamp":1613957698,"path_taken":["M","M","M","M","?","E","R","E","T","R","?","$","M","M","R","BOSS","M","?","M","$","M","R","?","R","T","?","M","M","?","M","R","BOSS","M","M","?","$","M","E"],"items_purchased_type":["Relic","Card","Relic","Card","Relic"],"build_version":"2020-12-22","purchased_purges":1,"victory":false,"max_hp_per_floor":[75,75,75,75,75,75,75,75,75,75,75,75,75,75,75,75,75,75,75,75,75,75,75,75,75,75,75,75,75,75,75,75,75,75,75,75,75,75,75,75,75],"card_choices":[{"not_picked":["Turbo","Barrage"],"picked":"Tempest","floor":1},{"not_picked":["Rebound","Turbo"],"picked":"Sweeping Beam","floor":2},{"not_picked":["Reprogram","Conserve Battery"],"picked":"Capacitor","floor":3},{"not_picked":["Panic Button","Capacitor"],"picked":"Rainbow","floor":4},{"not_picked":["Go for the Eyes","BasicCrystalCard"],"picked":"Cold Snap","floor":5},{"not_picked":["Conserve Battery","Rebound"],"picked":"Sweeping Beam","floor":6},{"not_picked":["Amplify","BasicCrystalCard"],"picked":"Electrodynamics","floor":8},{"not_picked":["Recycle","Barrage"],"picked":"Beam Cell","floor":13},{"not_picked":["Go for the Eyes","Conserve Battery"],"picked":"Lockon","floor":14},{"not_picked":["Rainbow","Electrodynamics"],"picked":"Core Surge","floor":16},{"not_picked":["Steam+1","Streamline"],"picked":"Coolheaded","floor":18},{"not_picked":["Ball Lightning","Leap+1"],"picked":"Turbo","floor":20},{"not_picked":["Rebound+1","Scrape+1"],"picked":"Skim","floor":22},{"not_picked":["ReplaySolidLightProjector","Blizzard+1","Multi-Cast"],"picked":"SKIP","floor":27},{"not_picked":["Undo","Chaos"],"picked":"Barrage","floor":28},{"not_picked":["Hologram","Skim","Streamline"],"picked":"SKIP","floor":29},{"not_picked":["Barrage","BasicCrystalCard+1","White Noise"],"picked":"SKIP","floor":31},{"not_picked":["Machine Learning","Electrodynamics"],"picked":"Mirror Shield","floor":33},{"not_picked":["Compile Driver+1","Sunder"],"picked":"Aggregate+1","floor":35},{"not_picked":["Turbo","Leap"],"picked":"Coolheaded","floor":36},{"not_picked":["Panic Button","Steam","Hologram"],"picked":"SKIP","floor":37},{"not_picked":["Beam Cell+1","Steam","Sunder+1"],"picked":"SKIP","floor":39}],"player_experience":231115,"relics_obtained":[{"floor":6,"key":"Replay:Bandana"},{"floor":8,"key":"Bronze Scales"},{"floor":19,"key":"Bag of Preparation"},{"floor":26,"key":"HornCleat"}],"event_choices":[{"damage_healed":0,"gold_gain":75,"player_choice":"Touch","damage_taken":7,"max_hp_gain":0,"max_hp_loss":0,"event_name":"FaceTrader","floor":11,"gold_loss":0},{"cards_removed":["Strike_B"],"damage_healed":0,"gold_gain":0,"player_choice":"Card Removal","damage_taken":0,"max_hp_gain":0,"max_hp_loss":0,"event_name":"Wheel of Change","floor":24,"gold_loss":0},{"damage_healed":0,"gold_gain":0,"player_choice":"Copied","damage_taken":0,"max_hp_gain":0,"max_hp_loss":0,"event_name":"Duplicator","floor":30,"gold_loss":0,"cards_obtained":["Coolheaded"]}],"is_beta":false,"boss_relics":[{"not_picked":["Velvet Choker","Replay:Ancient Bell"],"picked":"Runic Pyramid"},{"not_picked":["Snecko Eye","Honey Jar"],"picked":"Inserter"}],"items_purged_floors":[38],"is_endless":false,"potions_floor_spawned":[1,4,5,8,14,16,22,28,33,36,37],"killed_by":"Reptomancer","ascension_level":3}}