{"host":"tf5skwcwe0vlu2md","time":1613992574,"event":{"mods":["BaseMod","Downfall","Highlight Path","Minty Spire (QoL Compilation)","Quick Restart","StSLib","The Hierophant"],"gold_per_floor":[118,135,147,165,165,198,216,241,323,323,37,53,53,71,71,167,167,179,190,40,59,7,7,7],"floor_reached":23,"playtime":1077,"items_purged":["Defend_B"],"score":236,"play_id":"0f413e16-a559-42da-bda0-8a457b1d24c1","local_time":"20210222221614","is_ascension_mode":true,"campfire_choices":[{"floor":15,"key":"REST"}],"circlet_count":0,"master_deck":["Strike_B","Strike_B","Defend_B","Defend_B","Defend_B","Zap","Dualcast","Cold Snap","Hologram","Steam","Barrage","Barrage+1","Creative AI+1","Cold Snap","Coolheaded+1","Doom and Gloom","Consume","Turbo","Chaos","Ball Lightning"],"relics":["Cracked Core","Tiny Chest","Symbiotic Virus","Thread and Needle","Matryoshka","Blood Vial","Empty Cage","Vajra"],"acts_visited":["Exordium","TheCity"],"potions_floor_usage":[4,6,6,21,21,23],"damage_taken":[{"damage":0,"enemies":"Cultist","floor":1,"turns":4},{"damage":5,"enemies":"Jaw Worm","floor":2,"turns":3},{"damage":0,"enemies":"2 Louse","floor":3,"turns":2},{"damage":1,"enemies":"Exordium Thugs","floor":4,"turns":4},{"damage":18,"enemies":"Lagavulin","floor":6,"turns":8},{"damage":16,"enemies":"Blue Slaver","floor":7,"turns":5},{"damage":9,"enemies":"3 Sentries","floor":8,"turns":5},{"damage":0,"enemies":"Exordium Wildlife","floor":12,"turns":2},{"damage":0,"enemies":"Lots of Slimes","floor":14,"turns":4},{"damage":19,"enemies":"Hexaghost","floor":16,"turns":9},{"damage":0,"enemies":"Chosen","floor":18,"turns":4},{"damage":0,"enemies":"Spheric Guardian","floor":19,"turns":3},{"damage":15,"enemies":"Snake Plant","floor":21,"turns":2},{"damage":68,"enemies":"Book of Stabbing","floor":23,"turns":5}],"seed_played":"-154437483323594671","potions_obtained":[{"floor":1,"key":"SkillPotion"},{"floor":3,"key":"Block Potion"},{"floor":4,"key":"FocusPotion"},{"floor":8,"key":"AttackPotion"},{"floor":18,"key":"champ:CounterPotion"}],"is_trial":false,"path_per_floor":["M","M","M","M","?","E","M","E","T","?","$","M","?","M","R","B",null,"M","M","$","M","$","E"],"character_chosen":"DEFECT","items_purchased":["Doom and Gloom","Blood Vial","Vajra","SkillPotion"],"campfire_rested":1,"item_purchase_floors":[11,11,20,22],"current_hp_per_floor":[75,70,70,69,66,48,32,23,23,8,8,10,10,12,34,17,75,75,75,75,60,60,0,0],"gold":7,"neow_bonus":"THREE_CARDS","is_daily":false,"chose_seed":false,"campfire_upgraded":0,"win_rate":0.0,"timestamp":1613992574,"path_taken":["M","?","M","M","?","E","M","E","T","?","$","?","?","M","R","BOSS","M","M","$","M","$","E"],"items_purchased_type":["Card","Relic","Relic","Potion"],"build_version":"2020-12-13","purchased_purges":1,"victory":false,"max_hp_per_floor":[75,75,75,75,75,75,75,75,75,75,75,75,75,75,75,75,75,75,75,75,75,75,75,75],"card_choices":[{"not_picked":["Skim","Compile Driver"],"picked":"Cold Snap","floor":0},{"not_picked":["Reinforced Body","Force Field"],"picked":"Hologram","floor":1},{"not_picked":["Undo","Scrape"],"picked":"Steam","floor":2},{"not_picked":["Stack","Auto Shields"],"picked":"Barrage","floor":3},{"not_picked":["Steam","Gash"],"picked":"Barrage","floor":4},{"not_picked":["Go for the Eyes","Sweeping Beam"],"picked":"Creative AI","floor":6},{"not_picked":["Heatsinks","Beam Cell"],"picked":"Cold Snap","floor":7},{"not_picked":["Stack","Barrage"],"picked":"Coolheaded","floor":8},{"not_picked":["Sunder","Streamline","Static Discharge"],"picked":"SKIP","floor":12},{"not_picked":["Redo","Go for the Eyes"],"picked":"Consume","floor":14},{"not_picked":["Auto Shields","Streamline+1"],"picked":"Turbo","floor":18},{"not_picked":["Streamline","Conserve Battery"],"picked":"Chaos","floor":19},{"not_picked":["Genetic Algorithm+1","Scrape"],"picked":"Ball Lightning","floor":21}],"player_experience":314309,"relics_obtained":[{"floor":6,"key":"Symbiotic Virus"},{"floor":8,"key":"Thread and Needle"},{"floor":9,"key":"Matryoshka"}],"event_choices":[{"damage_healed":0,"gold_gain":0,"player_choice":"Success","damage_taken":3,"relics_obtained":["Tiny Chest"],"max_hp_gain":0,"max_hp_loss":0,"event_name":"Scrap Ooze","floor":5,"gold_loss":0},{"damage_healed":0,"gold_gain":0,"player_choice":"Entered Light","damage_taken":15,"max_hp_gain":0,"max_hp_loss":0,"event_name":"Shining Light","floor":10,"gold_loss":0,"cards_upgraded":["Coolheaded","Barrage"]},{"damage_healed":0,"gold_gain":0,"player_choice":"Grow","damage_taken":0,"max_hp_gain":0,"max_hp_loss":0,"event_name":"Living Wall","floor":13,"gold_loss":0,"cards_upgraded":["Creative AI"]}],"is_beta":false,"boss_relics":[{"not_picked":["Velvet Choker","Runic Dome"],"picked":"Empty Cage"}],"items_purged_floors":[11],"is_endless":false,"potions_floor_spawned":[1,3,4,8,18],"killed_by":"Book of Stabbing","ascension_level":3}}