{"host":"8lvnnmfamkc2d31d","time":1613955532,"event":{"mods":["2.2 Compatiblity","Act Like it!","BaseMod","Better Skull","Better Third Choice","Colored Map","Hallownest","Infinite Spire","Minty Spire (QoL Compilation)","Relic Stats","StSLib","The Bug Knight"],"gold_per_floor":[112,122,47,58,58,84,104,131,202,202,202,202,0,16,16,16,16],"floor_reached":16,"language":"ENG","playtime":966,"items_purged":[],"score":115,"play_id":"5276d8b9-9241-449e-8ea7-fb01b5fe58b7","local_time":"20210221185852","is_ascension_mode":true,"campfire_choices":[{"floor":15,"key":"REST"}],"circlet_count":0,"master_deck":["HollowMod:NailStrikeStart","HollowMod:NailStrikeStart","HollowMod:NailStrikeStart","HollowMod:NailStrikeStart","HollowMod:QuickDashStart","HollowMod:QuickDashStart","HollowMod:QuickDashStart","HollowMod:QuickDashStart","HollowMod:FocusHealStart+1","HollowMod:PogoStrike","HollowMod:InfectedAttack","HollowMod:InfectionAssault+1","Hallownest:skillGreenpathMap","HollowMod:GoodIntentions","HollowMod:MothsMistake+1","HollowMod:InfectedAttack+1","HollowMod:ChannelNail","HollowMod:HerrahsAnger"],"relics":["HollowMod:VesselMask","infinitespire:Satchel","Ginger","Pocketwatch","White Beast Statue","Bottled Tornado","Chemical X"],"acts_visited":["Hallownest:Greenpath"],"potions_floor_usage":[8,16,16],"damage_taken":[{"damage":0,"enemies":"Hallownest:monsterHuskWarrior","floor":1,"turns":3},{"damage":1,"enemies":"Hallownest:monsterHuskGuard","floor":2,"turns":4},{"damage":10,"enemies":"Hallownest:2_Baldur","floor":4,"turns":3},{"damage":36,"enemies":"Hallownest:eliteCrystalGuardian","floor":6,"turns":6},{"damage":4,"enemies":"Hallownest:monsterMossCharger","floor":7,"turns":3},{"damage":28,"enemies":"Hallownest:eliteMossKnight","floor":8,"turns":7},{"damage":24,"enemies":"Hallownest:2_Tiktiks_1_Baldur_1_Crawlid","floor":14,"turns":4},{"damage":81,"enemies":"Hallownest:BossHornet","floor":16,"turns":7}],"seed_played":"-2008805153412071034","potions_obtained":[{"floor":4,"key":"DistilledChaos"},{"floor":8,"key":"SpeedPotion"},{"floor":14,"key":"SpeedPotion"}],"is_trial":false,"path_per_floor":["M","M","?","M","?","E","M","E","T","?","?","T","$","M","R","B"],"character_chosen":"THE_BUGKNIGHT","items_purchased":["HollowMod:ChannelNail","Chemical X"],"campfire_rested":1,"item_purchase_floors":[13,13],"current_hp_per_floor":[75,74,74,70,70,45,47,31,31,31,31,31,31,19,41,0,0],"gold":16,"neow_bonus":"RANDOM_COMMON_RELIC","is_daily":false,"chose_seed":false,"campfire_upgraded":0,"win_rate":0.0,"timestamp":1613955532,"path_taken":["M","M","?","M","?","E","?","E","T","?","?","?","?","M","R","BOSS"],"items_purchased_type":["Card","Relic"],"build_version":"2020-12-22","purchased_purges":0,"victory":false,"max_hp_per_floor":[75,75,75,75,75,75,75,75,75,75,75,75,75,75,75,75,75],"relic_stats":{"counters":[8,37],"Ginger":[2],"Chemical X":[1],"obtain_stats":[{"infinitespire:Satchel":0,"HollowMod:VesselMask":0,"Ginger":6,"Chemical X":13,"Bottled Tornado":12,"White Beast Statue":9,"Pocketwatch":8},{"infinitespire:Satchel":0,"HollowMod:VesselMask":0,"Ginger":4,"Chemical X":6,"Bottled Tornado":6,"White Beast Statue":6,"Pocketwatch":6},{"infinitespire:Satchel":0,"HollowMod:VesselMask":0,"Ginger":16,"Chemical X":26,"Bottled Tornado":26,"White Beast Statue":26,"Pocketwatch":26}],"Pocketwatch":[16]},"card_choices":[{"not_picked":["HollowMod:ShadowDash","HollowMod:NewLittleFool"],"picked":"HollowMod:InfectedAttack","floor":1},{"not_picked":["HollowMod:SoulStrike","HollowMod:NewLittleFool"],"picked":"HollowMod:InfectionAssault","floor":2},{"not_picked":["HollowMod:DesolateDive","HollowMod:DescendingDark"],"picked":"HollowMod:GoodIntentions","floor":4},{"not_picked":["HollowMod:InfectionAssault","HollowMod:BaldurShell"],"picked":"HollowMod:MothsMistake","floor":6},{"not_picked":["HollowMod:CrystalDash","HollowMod:CornifersMapStart","HollowMod:CoiledNail"],"picked":"SKIP","floor":7},{"not_picked":["HollowMod:FastStrike","HollowMod:QuirrelsAssistance"],"picked":"HollowMod:InfectedAttack","floor":8},{"not_picked":["HollowMod:DescendingDark","HollowMod:MonarchWings"],"picked":"HollowMod:HerrahsAnger","floor":14}],"player_experience":477483,"relics_obtained":[{"floor":6,"key":"Ginger"},{"floor":8,"key":"Pocketwatch"},{"floor":9,"key":"White Beast Statue"},{"floor":12,"key":"Bottled Tornado"}],"event_choices":[],"is_beta":false,"boss_relics":[],"items_purged_floors":[],"is_endless":false,"potions_floor_spawned":[4,8,14],"killed_by":"Hallownest:BossHornet","ascension_level":1}}