{"host":"l1pzlbpva2o8t11s","time":1613986889,"event":{"mods":["AchievementEnabler","BaseMod","Block Reminder","Colored Map","Minty Spire (QoL Compilation)","Random Character Button","Relic Stats","StSLib","The Jungle"],"gold_per_floor":[115,40,115,128,146,175,25,25,25,57,57,57,57,77,77,172,172,191,91,91,111,130,130,130,130],"floor_reached":24,"language":"ENG","playtime":1174,"items_purged":["Strike_R","Bash"],"score":214,"play_id":"4e9cdca8-d01e-43e5-b750-467420546b4f","local_time":"20210222104129","is_ascension_mode":true,"campfire_choices":[{"data":"Perfected Strike","floor":8.0,"key":"SMITH"},{"floor":11,"key":"REST"},{"data":"Inflame","floor":13,"key":"SMITH"},{"data":"Searing Blow","floor":15,"key":"SMITH"},{"data":"Anger","floor":23,"key":"SMITH"}],"circlet_count":0,"master_deck":["Strike_R","Strike_R","Strike_R","Strike_R","Defend_R","Defend_R","Defend_R","Defend_R","Inflame+1","Searing Blow+1","Perfected Strike+1","Demon Form","Anger+1"],"relics":["Burning Blood","NeowsBlessing","White Beast Statue","Vajra","Gremlin Horn","Self Forming Clay","Black Star","Akabeko"],"acts_visited":["Exordium","TheCity"],"potions_floor_usage":[14,18,22,22,24,24],"damage_taken":[{"damage":0.0,"enemies":"Jaw Worm","floor":1.0,"turns":1.0},{"damage":0.0,"enemies":"Cultist","floor":4.0,"turns":1.0},{"damage":0.0,"enemies":"2 Louse","floor":5.0,"turns":1.0},{"damage":51.0,"enemies":"3 Sentries","floor":6.0,"turns":11.0},{"damage":26,"enemies":"Lagavulin","floor":10,"turns":6},{"damage":13,"enemies":"Lots of Slimes","floor":14,"turns":4},{"damage":68,"enemies":"Hexaghost","floor":16,"turns":8},{"damage":29,"enemies":"2 Thieves","floor":18,"turns":4},{"damage":20,"enemies":"3 Byrds","floor":21,"turns":6},{"damage":12,"enemies":"Snake Plant","floor":22,"turns":4},{"damage":40,"enemies":"Book of Stabbing","floor":24,"turns":5}],"seed_played":"-6633971627866545716","potions_obtained":[{"floor":1.0,"key":"ElixirPotion"},{"floor":10,"key":"LiquidBronze"},{"floor":14,"key":"SpeedPotion"},{"floor":16,"key":"Fruit Juice"},{"floor":18,"key":"Strength Potion"},{"floor":21,"key":"HeartOfIron"},{"floor":22,"key":"ElixirPotion"}],"is_trial":false,"path_per_floor":["M","$","?","M","M","E","$","R","T","E","R","?","R","M","R","B",null,"M","$","T","M","M","R","E"],"character_chosen":"IRONCLAD","items_purchased":["Vajra"],"campfire_rested":1,"item_purchase_floors":[7],"current_hp_per_floor":[80,80,72,78,80,35,35,35,35,15,39,80,80,73,73,11,80,62,62,62,48,42,42,2,2],"gold":130,"neow_bonus":"THREE_ENEMY_KILL","is_daily":false,"chose_seed":false,"campfire_upgraded":4,"win_rate":0.0,"timestamp":1613986889,"path_taken":["M","$","?","?","M","E","$","R","T","E","R","?","R","M","R","BOSS","M","$","?","M","M","R","E"],"items_purchased_type":["Relic"],"build_version":"2020-12-22","purchased_purges":2,"victory":false,"max_hp_per_floor":[80,80,80,80,80,80,80,80,80,80,80,80,80,80,80,80,80,85,85,85,85,85,85,85,85],"relic_stats":{"Gremlin Horn":[7,7],"counters":[11,51],"Self Forming Clay":[129],"Black Star":0,"obtain_stats":[{"NeowsBlessing":0,"Gremlin Horn":9,"Self Forming Clay":10,"Vajra":7,"Black Star":17,"Burning Blood":0,"White Beast Statue":6,"Akabeko":20},{"NeowsBlessing":0,"Gremlin Horn":4,"Self Forming Clay":5,"Vajra":4,"Black Star":7,"Burning Blood":0,"White Beast Statue":4,"Akabeko":8},{"NeowsBlessing":0,"Gremlin Horn":14,"Self Forming Clay":20,"Vajra":14,"Black Star":32,"Burning Blood":0,"White Beast Statue":14,"Akabeko":36}],"Burning Blood":50},"card_choices":[{"not_picked":["Rupture","Anger"],"picked":"Inflame","floor":1.0},{"not_picked":["Combust","True Grit","Bloodletting"],"picked":"SKIP","floor":4.0},{"not_picked":["Shrug It Off","Warcry"],"picked":"Searing Blow","floor":5.0},{"not_picked":["Flex","Warcry"],"picked":"Perfected Strike","floor":6.0},{"not_picked":["Ghostly Armor","Second Wind","Thunderclap"],"picked":"SKIP","floor":10},{"not_picked":["Headbutt","Dual Wield","Shrug It Off"],"picked":"SKIP","floor":14},{"not_picked":["Reaper","Bludgeon"],"picked":"Demon Form","floor":16},{"not_picked":["Body Slam","Iron Wave","Reckless Charge"],"picked":"SKIP","floor":18},{"not_picked":["Bloodletting+1","Seeing Red","Shrug It Off"],"picked":"SKIP","floor":21},{"not_picked":["Warcry+1","Body Slam"],"picked":"Anger","floor":22}],"player_experience":186339,"relics_obtained":[{"floor":6.0,"key":"White Beast Statue"},{"floor":9.0,"key":"Gremlin Horn"},{"floor":10,"key":"Self Forming Clay"},{"floor":20,"key":"Akabeko"}],"event_choices":[{"damage_healed":0.0,"max_hp_gain":0.0,"max_hp_loss":0.0,"gold_gain":75.0,"event_name":"FaceTrader","player_choice":"Touch","floor":3.0,"gold_loss":0.0,"damage_taken":8.0},{"damage_healed":41,"gold_gain":0,"player_choice":"Full Heal","damage_taken":0,"max_hp_gain":0,"max_hp_loss":0,"event_name":"Wheel of Change","floor":12,"gold_loss":0}],"is_beta":false,"boss_relics":[{"not_picked":["Philosopher\u0027s Stone","Mark of Pain"],"picked":"Black Star"}],"items_purged_floors":[2,19],"is_endless":false,"potions_floor_spawned":[1,10,14,16,18,21,22],"killed_by":"Book of Stabbing","ascension_level":1}}