{"host":"lnfs5t5iydkm2lft","time":1613967638,"event":{"mods":["AchievementEnabler","Aspiration","BaseMod","Better Third Choice","BetterRewards","Colored Powertips","Downfall","Hermit","Hubris","Infinite Spire","Marisa????????","Minty Spire (QoL Compilation)","Quick Restart","Reliquary","Replay The Spire","StSLib","The Runesmith","TheBandit","everything is the same but u backflip on backflip"],"gold_per_floor":[116,116,116,134,134,134,168,168,168,202,213,246,257,271,271,367,367,379,379,394,394,413,413,442,442,442,453,469,503,519,600,600,696,696,713,728,780,880,900,900,926,944,944,944,944,944],"floor_reached":45,"language":"ENG","playtime":2170,"items_purged":[],"score":636,"play_id":"954aac5d-46da-437b-9fc3-c629db8bb43e","local_time":"20210221222038","is_ascension_mode":true,"campfire_choices":[{"data":"Genetic Algorithm","floor":6,"key":"SMITH"},{"data":"Defragment","floor":8,"key":"SMITH"},{"floor":23,"key":"REST"},{"data":"Echo Form","floor":25,"key":"SMITH"},{"floor":32,"key":"DIG"},{"data":"Mirror Shield","floor":40,"key":"SMITH"}],"circlet_count":0,"master_deck":["Strike_B","Strike_B","Strike_B","Strike_B","Defend_B","Defend_B","Defend_B","Zap","Dualcast","Leap","Beam Cell","Genetic Algorithm+1","Defragment+1","Conserve Battery","BootSequence","Amplify","BasicCrystalCard","FTL","Echo Form+1","Mirror Shield+1","Defragment","ReplayTheSpireMod:Black Plague","Defragment","ReplayTheSpireMod:Black Plague","Melter","hubris:PowerSurge","Panic Button+1","MagicAbsorber","Amplify","Time Bomb","PropBag"],"relics":["Cracked Core","NeowsBlessing","Bronze Scales","Eternal Feather","Thread and Needle","Bag of Marbles","TungstenRod","hubris:VirtuousBlindfold","reliquary:Firecrackers","aspiration:DSix","hubris:DisguiseKit","Replay:Antivirus Software","Snack Pack","hubris:ScarierMask","aspiration:MysteriousAuxiliaryCore","Replay:Baseball","HornCleat","Blue Candle","Mercury Hourglass"],"acts_visited":["Exordium","TheCity","TheBeyond"],"potions_floor_usage":[10,16,16,27,28,33,33,42,42,42,42,45,45],"damage_taken":[{"damage":0,"enemies":"2 Louse","floor":1,"turns":1},{"damage":0,"enemies":"Jaw Worm","floor":4,"turns":1},{"damage":0,"enemies":"Lagavulin","floor":7,"turns":2},{"damage":14,"enemies":"3 Sentries","floor":10,"turns":6},{"damage":1,"enemies":"Small Slimes","floor":11,"turns":3},{"damage":4,"enemies":"Lagavulin","floor":12,"turns":7},{"damage":0,"enemies":"2 Fungi Beasts","floor":13,"turns":3},{"damage":0,"enemies":"Looter","floor":14,"turns":3},{"damage":17,"enemies":"Slime Boss","floor":16,"turns":9},{"damage":8,"enemies":"Shell Parasite","floor":18,"turns":6},{"damage":0,"enemies":"Chosen","floor":20,"turns":4},{"damage":9,"enemies":"Snecko","floor":22,"turns":4},{"damage":1,"enemies":"Book of Stabbing","floor":24,"turns":5},{"damage":1,"enemies":"Snake Plant","floor":27,"turns":3},{"damage":0,"enemies":"Sentry and Sphere","floor":28,"turns":3},{"damage":24,"enemies":"Slavers","floor":29,"turns":5},{"damage":3,"enemies":"3 Cultists","floor":30,"turns":5},{"damage":24,"enemies":"hubris:MusketHawk","floor":33,"turns":8},{"damage":0,"enemies":"Orb Walker","floor":35,"turns":4},{"damage":0,"enemies":"3 Darklings","floor":36,"turns":6},{"damage":0,"enemies":"2 Orb Walkers","floor":37,"turns":4},{"damage":17,"enemies":"4 Shapes","floor":39,"turns":4},{"damage":30,"enemies":"Nemesis","floor":41,"turns":7},{"damage":12,"enemies":"Jaw Worm Horde","floor":42,"turns":4},{"damage":40,"enemies":"Giant Head","floor":45,"turns":6}],"seed_played":"6906886001905826988","potions_obtained":[{"floor":1,"key":"FocusPotion"},{"floor":12,"key":"FearPotion"},{"floor":13,"key":"LiquidMemories"},{"floor":14,"key":"Dexterity Potion"},{"floor":22,"key":"Elixir"},{"floor":27,"key":"LiquidMemories"},{"floor":29,"key":"Block Potion"},{"floor":30,"key":"Strength Potion"},{"floor":36,"key":"EntropicBrew"},{"floor":41,"key":"LiquidMemories"}],"is_trial":false,"path_per_floor":["M","?","?","M","?","R","E","R","T","E","M","E","M","M","R","B",null,"M","?","M","?","M","R","E","R","T","M","M","E","M","?","R","B",null,"M","M","?","?","M","R","E","M","T","?","E"],"character_chosen":"DEFECT","items_purchased":[],"campfire_rested":1,"item_purchase_floors":[],"current_hp_per_floor":[75,75,75,75,75,75,75,75,75,61,60,56,56,56,65,48,75,67,49,49,49,40,75,74,75,75,74,74,50,47,18,33,11,75,75,75,75,75,58,75,47,35,35,31,0,0],"gold":944,"neow_bonus":"THREE_ENEMY_KILL","is_daily":false,"chose_seed":false,"campfire_upgraded":4,"win_rate":0.0,"timestamp":1613967638,"path_taken":["M","?","?","M","?","R","E","R","T","E","M","E","M","M","R","BOSS","M","?","M","?","M","R","E","R","T","M","M","E","?","?","R","BOSS","M","M","?","?","?","R","E","M","T","?","E"],"items_purchased_type":[],"build_version":"2020-12-22","purchased_purges":0,"victory":false,"max_hp_per_floor":[75,75,75,75,75,75,75,75,75,75,75,75,75,75,75,75,75,75,75,75,75,75,75,75,75,75,75,75,75,75,75,75,75,75,75,75,75,75,75,75,75,75,75,75,75,75],"card_choices":[{"not_picked":["hubris:Ukulele","Barrage"],"picked":"Leap","floor":1},{"not_picked":["Consume","Sunder"],"picked":"Beam Cell","floor":4},{"not_picked":["Double Energy","Hyperbeam"],"picked":"Defragment","floor":7},{"not_picked":["ReplayTheSpireMod:Reroute Power","Compile Driver"],"picked":"Conserve Battery","floor":10},{"not_picked":["Streamline","Redo"],"picked":"BootSequence","floor":11},{"not_picked":["Gash","ReplayTheSpireMod:Omega Cannon"],"picked":"Amplify","floor":12},{"not_picked":["Turbo","Gash"],"picked":"BasicCrystalCard","floor":13},{"not_picked":["Double Energy","Beam Cell"],"picked":"FTL","floor":14},{"not_picked":["ReplayTheSpireMod:Omega Cannon","Seek"],"picked":"Mirror Shield","floor":16},{"not_picked":["Turbo","Cold Snap+1"],"picked":"Defragment","floor":18},{"not_picked":["hubris:Rewind","infinitespire:FinalStrike"],"picked":"ReplayTheSpireMod:Black Plague","floor":19},{"not_picked":["Rebound","Barrage"],"picked":"Defragment","floor":20},{"not_picked":["Sweeping Beam","Conserve Battery+1"],"picked":"Melter","floor":22},{"not_picked":["Static Discharge","Go for the Eyes","Melter"],"picked":"SKIP","floor":24},{"not_picked":["Stack","Streamline"],"picked":"hubris:PowerSurge","floor":27},{"not_picked":["Blizzard","Rebound+1"],"picked":"Panic Button+1","floor":28},{"not_picked":["Hello World+1","Leap","Beam Cell"],"picked":"SKIP","floor":29},{"not_picked":["BasicCrystalCard","Hyperbeam","Undo","SprinkleStarSeal"],"picked":"SKIP","floor":30},{"not_picked":["Ball Lightning","Conserve Battery","BasicCrystalCard+1"],"picked":"MagicAbsorber","floor":31},{"not_picked":["Biased Cognition","hubris:DoWhile","SuperNova"],"picked":"Amplify","floor":33},{"not_picked":["Cold Snap","Reprogram+1","Barrage","WitchLeyline"],"picked":"SKIP","floor":35},{"not_picked":["Loop+1","Sunder","ShootingEcho"],"picked":"Time Bomb","floor":36},{"not_picked":["Go for the Eyes+1","Steam","Steam Power","AsteroidBelt"],"picked":"SKIP","floor":39},{"not_picked":["Stack+1","Conserve Battery","Sunder+1","WitchLeyline"],"picked":"SKIP","floor":41},{"not_picked":["Amplify","Leap","Turbo+1"],"picked":"PropBag","floor":42}],"player_experience":425960,"relics_obtained":[{"floor":2,"key":"Bronze Scales"},{"floor":7,"key":"Eternal Feather"},{"floor":9,"key":"Thread and Needle"},{"floor":10,"key":"Bag of Marbles"},{"floor":12,"key":"TungstenRod"},{"floor":24,"key":"reliquary:Firecrackers"},{"floor":26,"key":"aspiration:DSix"},{"floor":29,"key":"hubris:DisguiseKit"},{"floor":31,"key":"Replay:Antivirus Software"},{"floor":32,"key":"Snack Pack"},{"floor":37,"key":"aspiration:MysteriousAuxiliaryCore"},{"floor":41,"key":"Replay:Baseball"},{"floor":43,"key":"HornCleat"}],"event_choices":[{"damage_healed":0,"gold_gain":0,"player_choice":"Leave","damage_taken":0,"max_hp_gain":0,"max_hp_loss":0,"event_name":"The Cleric","floor":3,"gold_loss":0},{"damage_healed":0,"gold_gain":0,"player_choice":"Copied","damage_taken":0,"max_hp_gain":0,"max_hp_loss":0,"event_name":"Duplicator","floor":21,"gold_loss":0,"cards_obtained":["ReplayTheSpireMod:Black Plague"]},{"damage_healed":0,"gold_gain":0,"player_choice":"Fight","damage_taken":0,"max_hp_gain":0,"max_hp_loss":0,"event_name":"Mysterious Sphere","floor":37,"gold_loss":0},{"damage_healed":0,"gold_gain":100,"player_choice":"Pray","damage_taken":0,"max_hp_gain":0,"max_hp_loss":0,"event_name":"Golden Shrine","floor":38,"gold_loss":0}],"is_beta":false,"boss_relics":[{"not_picked":["infinitespire:Cupcake","aspiration:FutureDiary"],"picked":"hubris:VirtuousBlindfold"},{"not_picked":["Kintsugi","SacredBark"],"picked":"hubris:ScarierMask"}],"items_purged_floors":[],"is_endless":false,"potions_floor_spawned":[1,12,13,14,22,27,29,30,36,41],"killed_by":"Giant Head","ascension_level":4}}