{"host":"dkr0dog13pegamnp","time":1613978542,"event":{"mods":["AchievementEnabler","BaseMod","Minty Spire (QoL Compilation)","Rare Cards Sparkle","StSLib","SuperFastMode","everything is the same but u backflip on backflip"],"gold_per_floor":[113,113,113,130,53,79,79,89,89,123,143,159,159,176,176,274,274,286,211,211,225,7,33,44,44,44,62,62,62],"floor_reached":28,"language":"KOR","playtime":674,"items_purged":[],"score":440,"play_id":"e1812f6a-3f1a-4c70-b542-59c0bc47c253","local_time":"20210222162222","is_ascension_mode":true,"campfire_choices":[{"data":"Bouncing Flask","floor":7.0,"key":"SMITH"},{"data":"Acrobatics","floor":15.0,"key":"SMITH"},{"data":"Bullet Time","floor":25,"key":"SMITH"}],"circlet_count":0,"master_deck":["AscendersBane","Strike_G","Strike_G","Defend_G+1","Defend_G","Defend_G","Defend_G","Defend_G","Survivor","Neutralize+1","Backflip","Backstab","Bouncing Flask+1","Dagger Spray","Acrobatics","Acrobatics+1","PiercingWail","Bullet Time+1","Tactician","Footwork","Corpse Explosion","Backflip","Deadly Poison"],"relics":["Ring of the Serpent","NeowsBlessing","HornCleat","Juzu Bracelet","Toy Ornithopter","Oddly Smooth Stone"],"acts_visited":["Exordium","TheCity"],"potions_floor_usage":[24,27,27],"damage_taken":[{"damage":0.0,"enemies":"2 Louse","floor":1.0,"turns":1.0},{"damage":0.0,"enemies":"Small Slimes","floor":4.0,"turns":2.0},{"damage":0.0,"enemies":"Gremlin Nob","floor":6.0,"turns":1.0},{"damage":0.0,"enemies":"Jaw Worm","floor":8.0,"turns":3.0},{"damage":5.0,"enemies":"Lagavulin","floor":10.0,"turns":5.0},{"damage":12.0,"enemies":"Large Slime","floor":11.0,"turns":7.0},{"damage":4.0,"enemies":"Red Slaver","floor":12.0,"turns":3.0},{"damage":0.0,"enemies":"Looter","floor":14.0,"turns":3.0},{"damage":11.0,"enemies":"The Guardian","floor":16.0,"turns":9.0},{"damage":13,"enemies":"Shell Parasite","floor":18,"turns":5},{"damage":0,"enemies":"Chosen","floor":21,"turns":4},{"damage":27,"enemies":"Book of Stabbing","floor":23,"turns":7},{"damage":16,"enemies":"Sentry and Sphere","floor":24,"turns":7},{"damage":0,"enemies":"3 Cultists","floor":27,"turns":3},{"damage":19,"enemies":"Slavers","floor":28,"turns":1}],"seed_played":"-5098886962826874005","potions_obtained":[{"floor":11.0,"key":"Fire Potion"},{"floor":12.0,"key":"CunningPotion"},{"floor":24,"key":"SneckoOil"}],"is_trial":false,"path_per_floor":["M","?","?","M","$","E","R","M","T","E","M","M","?","M","R","B",null,"M","?","?","M","$","E","M","R","T","M","E"],"character_chosen":"THE_SILENT","items_purchased":["Bouncing Flask","Footwork","Corpse Explosion"],"campfire_rested":0,"item_purchase_floors":[5,22,22],"current_hp_per_floor":[63,68,61,61,61,61,61,61,61,56,44,40,25,25,25,14,60,47,47,47,47,47,20,9,9,9,19,0,0],"gold":62,"neow_bonus":"THREE_ENEMY_KILL","is_daily":false,"chose_seed":false,"campfire_upgraded":3,"win_rate":0.0,"timestamp":1613978542,"path_taken":["M","?","?","M","$","E","R","M","T","E","M","M","?","M","R","BOSS","M","?","?","M","$","E","M","R","T","M","E"],"items_purchased_type":["Card","Card","Card"],"build_version":"2020-12-22","purchased_purges":0,"victory":false,"max_hp_per_floor":[70,75,75,75,75,75,75,75,75,75,75,75,75,75,75,75,75,75,75,75,75,75,75,75,75,75,75,75,75],"card_choices":[{"not_picked":["Dodge and Roll","Skewer"],"picked":"Backflip","floor":1.0},{"not_picked":["Catalyst","Prepared"],"picked":"Backstab","floor":4.0},{"not_picked":["Deflect","Dodge and Roll"],"picked":"Dagger Spray","floor":6.0},{"not_picked":["Flying Knee","Sucker Punch","Leg Sweep"],"picked":"SKIP","floor":8.0},{"not_picked":["Poisoned Stab","Bane"],"picked":"Acrobatics","floor":10.0},{"not_picked":["Prepared","Flying Knee","Bane"],"picked":"SKIP","floor":11.0},{"not_picked":["Leg Sweep","Predator"],"picked":"Acrobatics","floor":12.0},{"not_picked":["Riddle With Holes","Flying Knee"],"picked":"PiercingWail","floor":14.0},{"not_picked":["Malaise","Wraith Form v2"],"picked":"Bullet Time","floor":16.0},{"not_picked":["Finisher","PiercingWail"],"picked":"Tactician","floor":18},{"not_picked":["Dodge and Roll","Acrobatics","Deflect"],"picked":"SKIP","floor":21},{"not_picked":["Dodge and Roll","Sucker Punch"],"picked":"Backflip","floor":23},{"not_picked":["Cloak And Dagger","Riddle With Holes","Dodge and Roll"],"picked":"SKIP","floor":24},{"not_picked":["Underhanded Strike","Endless Agony"],"picked":"Deadly Poison","floor":27}],"player_experience":82396,"relics_obtained":[{"floor":6.0,"key":"HornCleat"},{"floor":9.0,"key":"Juzu Bracelet"},{"floor":10.0,"key":"Toy Ornithopter"},{"floor":23,"key":"Oddly Smooth Stone"}],"event_choices":[{"damage_healed":0.0,"max_hp_gain":5.0,"max_hp_loss":0.0,"gold_gain":0.0,"event_name":"Big Fish","player_choice":"Donut","floor":2.0,"gold_loss":0.0,"damage_taken":0.0},{"cards_removed":["Strike_G"],"damage_healed":0.0,"max_hp_gain":0.0,"max_hp_loss":0.0,"gold_gain":0.0,"event_name":"Golden Wing","player_choice":"Card Removal","floor":3.0,"gold_loss":0.0,"damage_taken":7.0},{"damage_healed":0.0,"max_hp_gain":0.0,"max_hp_loss":0.0,"gold_gain":0.0,"event_name":"Shining Light","player_choice":"Entered Light","floor":13.0,"gold_loss":0.0,"damage_taken":15.0,"cards_upgraded":["Neutralize","Defend_G"]},{"cards_removed":["Strike_G"],"damage_healed":0,"gold_gain":0,"player_choice":"Gave Gold","damage_taken":0,"max_hp_gain":0,"max_hp_loss":0,"event_name":"Beggar","floor":19,"gold_loss":75},{"cards_removed":["Strike_G"],"damage_healed":0,"gold_gain":0,"player_choice":"Offered Basic","damage_taken":0,"max_hp_gain":0,"max_hp_loss":0,"event_name":"Bonfire Elementals","floor":20,"gold_loss":0}],"is_beta":false,"boss_relics":[{"not_picked":["Philosopher\u0027s Stone","Pandora\u0027s Box"],"picked":"Ring of the Serpent"}],"items_purged_floors":[],"is_endless":false,"potions_floor_spawned":[11,12,24],"killed_by":"Slavers","ascension_level":12}}