{"host":"uvd23xk3ig6bv7xx","time":1613976159,"event":{"mods":["BaseMod","Better Vampires","Colored Powertips","Minty Spire (QoL Compilation)","Quick Restart","Relic Filter Mod","StSLib","SuperFastMode","Uncapped"],"gold_per_floor":[117,51,51,65,65,98,98,131,131,160,160,188,205,273,273,369,369,369],"floor_reached":17,"language":"ZHS","playtime":993,"items_purged":[],"score":216,"play_id":"3cbd7129-fad4-411e-81bb-20f95e6336fc","local_time":"20210222144239","is_ascension_mode":true,"campfire_choices":[{"data":"Zap","floor":7,"key":"SMITH"},{"floor":11,"key":"REST"},{"data":"Streamline","floor":15,"key":"SMITH"}],"circlet_count":0,"master_deck":["Strike_B","Strike_B","Strike_B","Strike_B","Defend_B","Defend_B","Defend_B","Defend_B","Zap+1","Dualcast+1","Static Discharge","Skim+1","Lockon","Streamline+1","Sweeping Beam","Ball Lightning","Leap","Hyperbeam"],"relics":["Cracked Core","NeowsBlessing","Kunai","CultistMask","Bag of Marbles","Anchor","Blood Vial","War Paint","Strawberry","Nuclear Battery"],"acts_visited":["Exordium","TheCity"],"potions_floor_usage":[8],"damage_taken":[{"damage":0,"enemies":"Cultist","floor":1,"turns":1},{"damage":0,"enemies":"2 Louse","floor":4,"turns":1},{"damage":0,"enemies":"Gremlin Nob","floor":6,"turns":1},{"damage":18,"enemies":"Lagavulin","floor":8,"turns":4},{"damage":21,"enemies":"3 Sentries","floor":10,"turns":7},{"damage":18,"enemies":"Lagavulin","floor":12,"turns":5},{"damage":0,"enemies":"Jaw Worm","floor":13,"turns":2},{"damage":40,"enemies":"Hexaghost","floor":16,"turns":8}],"seed_played":"7303138426081891458","potions_obtained":[{"floor":4,"key":"DistilledChaos"},{"floor":10,"key":"SteroidPotion"},{"floor":16,"key":"Fire Potion"}],"is_trial":false,"path_per_floor":["M","?","$","M","?","E","R","E","T","E","R","E","M","?","R","B",null],"character_chosen":"DEFECT","items_purchased":[],"campfire_rested":1,"item_purchase_floors":[],"current_hp_per_floor":[75,75,75,75,75,75,75,57,57,38,60,51,53,53,53,15,82,82],"gold":369,"neow_bonus":"THREE_ENEMY_KILL","is_daily":false,"chose_seed":false,"campfire_upgraded":2,"win_rate":0.0,"timestamp":1613976159,"path_taken":["M","?","$","?","?","E","R","E","T","E","R","E","?","?","R","BOSS"],"items_purchased_type":[],"build_version":"2020-12-22","purchased_purges":0,"victory":false,"max_hp_per_floor":[75,75,75,75,75,75,75,75,75,75,75,82,82,82,82,82,82,82],"card_choices":[{"not_picked":["Compile Driver","Fusion"],"picked":"Static Discharge","floor":1},{"not_picked":["Compile Driver","Rebound"],"picked":"Skim","floor":4},{"not_picked":["Auto Shields","Compile Driver"],"picked":"Lockon","floor":6},{"not_picked":["Heatsinks","Coolheaded"],"picked":"Streamline","floor":8},{"not_picked":["Hologram","Rip and Tear"],"picked":"Sweeping Beam","floor":10},{"not_picked":["Cold Snap","Reprogram"],"picked":"Ball Lightning","floor":12},{"not_picked":["Coolheaded","Skim"],"picked":"Leap","floor":13},{"not_picked":["Buffer","Biased Cognition"],"picked":"Hyperbeam","floor":16}],"player_experience":335585,"relics_obtained":[{"floor":6,"key":"Bag of Marbles"},{"floor":8,"key":"Anchor"},{"floor":9,"key":"Blood Vial"},{"floor":10,"key":"War Paint"},{"floor":12,"key":"Strawberry"}],"event_choices":[{"damage_healed":0,"gold_gain":0,"player_choice":"Paid Gold","damage_taken":0,"relics_obtained":["Kunai"],"max_hp_gain":0,"max_hp_loss":0,"event_name":"WeMeetAgain","floor":2,"gold_loss":66},{"damage_healed":0,"gold_gain":0,"player_choice":"Trade","damage_taken":0,"relics_obtained":["CultistMask"],"max_hp_gain":0,"max_hp_loss":0,"event_name":"FaceTrader","floor":5,"gold_loss":0},{"damage_healed":0,"gold_gain":68,"player_choice":"Gained Gold","damage_taken":0,"max_hp_gain":0,"max_hp_loss":0,"event_name":"Golden Wing","floor":14,"gold_loss":0}],"is_beta":false,"boss_relics":[{"not_picked":["Snecko Eye","Coffee Dripper"],"picked":"Nuclear Battery"}],"items_purged_floors":[],"is_endless":false,"potions_floor_spawned":[4,10,16],"ascension_level":1}}