{"host":"0mk07bycsqo1qk03","time":1613978367,"event":{"mods":["BaseMod","Downfall","Hermit","Hubris","Minty Spire (QoL Compilation)","Reliquary","Replay The Spire","StSLib"],"gold_per_floor":[114,114,114,134,50,50,84,9,9,54,66,197,209,221,233,245,245],"floor_reached":16,"language":"ENG","playtime":657,"items_purged":[],"score":191,"play_id":"7ea28f7f-2c48-4428-a900-3e9bbdf6e764","local_time":"20210222081927","is_ascension_mode":true,"campfire_choices":[{"data":"Endless Agony","floor":6,"key":"SMITH"},{"floor":15,"key":"REST"}],"circlet_count":0,"master_deck":["AscendersBane","Strike_G","Strike_G","Strike_G","Defend_G","Defend_G","Defend_G","Defend_G","Defend_G","Survivor","Neutralize","Endless Agony+1","Dagger Throw","After Image","Hidden Blade","Finisher","Fluid Movement"],"relics":["Ring of the Snake","hubris:TenFootPole","reliquary:SharkskinSheath","hubris:Icosahedron","reliquary:SilkGlove","MawBank","Juzu Bracelet","Golden Idol"],"acts_visited":["Exordium"],"potions_floor_usage":[16],"damage_taken":[{"damage":0,"enemies":"2 Louse","floor":1,"turns":6},{"damage":0,"enemies":"Jaw Worm","floor":4,"turns":4},{"damage":22,"enemies":"3 Sentries","floor":7,"turns":12},{"damage":12,"enemies":"Lagavulin","floor":10,"turns":9},{"damage":3,"enemies":"Small Slimes","floor":12,"turns":3},{"damage":19,"enemies":"Fading Forest","floor":16,"turns":7}],"seed_played":"-3248241246235008300","potions_obtained":[{"floor":1,"key":"Guardian:BlockOnCardUsePotion"},{"floor":4,"key":"SpeedPotion"},{"floor":7,"key":"Explosive Potion"}],"is_trial":false,"path_per_floor":["M","?","?","M","$","R","E","?","T","E","$","M","?","?","R","B"],"character_chosen":"THE_SILENT","items_purchased":["After Image"],"campfire_rested":1,"item_purchase_floors":[5],"current_hp_per_floor":[59,57,57,57,57,57,35,35,35,23,23,20,9,6,25,14,14],"gold":245,"neow_bonus":"RANDOM_COMMON_RELIC","is_daily":false,"chose_seed":false,"campfire_upgraded":1,"win_rate":0.0,"timestamp":1613978367,"path_taken":["M","?","?","M","?","R","E","?","T","E","$","M","?","?","R","BOSS"],"items_purchased_type":["Card"],"build_version":"2020-12-22","purchased_purges":0,"victory":false,"max_hp_per_floor":[66,66,66,66,66,66,66,66,66,66,66,66,66,66,66,66,66],"card_choices":[{"not_picked":["Draining Mist","hubris:SlightOfHand"],"picked":"Endless Agony","floor":1},{"not_picked":["Dagger Spray","Underhanded Strike"],"picked":"Dagger Throw","floor":4},{"not_picked":["Infinite Blades","Accuracy"],"picked":"Hidden Blade","floor":7},{"not_picked":["Slice","Leg Sweep"],"picked":"Finisher","floor":10},{"not_picked":["Dagger Spray","Quick Slash"],"picked":"Fluid Movement","floor":12}],"player_experience":1052088,"relics_obtained":[{"floor":7,"key":"reliquary:SilkGlove"},{"floor":9,"key":"MawBank"},{"floor":10,"key":"Juzu Bracelet"}],"event_choices":[{"damage_healed":0,"gold_gain":0,"player_choice":"Success","damage_taken":5,"relics_obtained":["reliquary:SharkskinSheath"],"max_hp_gain":0,"max_hp_loss":0,"event_name":"Scrap Ooze","floor":2,"gold_loss":0},{"cards_removed":["Strike_G"],"damage_healed":0,"gold_gain":0,"player_choice":"Card Removal","damage_taken":0,"max_hp_gain":0,"max_hp_loss":0,"event_name":"The Cleric","floor":8,"gold_loss":75},{"damage_healed":0,"gold_gain":0,"player_choice":"Take Damage","damage_taken":23,"relics_obtained":["Golden Idol"],"max_hp_gain":0,"max_hp_loss":0,"event_name":"Golden Idol","floor":13,"gold_loss":0},{"cards_removed":["Strike_G"],"damage_healed":0,"gold_gain":0,"player_choice":"Card Removal","damage_taken":7,"max_hp_gain":0,"max_hp_loss":0,"event_name":"Golden Wing","floor":14,"gold_loss":0}],"is_beta":false,"boss_relics":[],"items_purged_floors":[],"is_endless":false,"potions_floor_spawned":[1,4,7],"killed_by":"Fading Forest","ascension_level":16}}