{"host":"j9610sde00vfp93k","time":1613981891,"event":{"mods":["AchievementEnabler","BaseMod","Dio Mod","Gold Saver","Minty Spire (QoL Compilation)","Permanent Neow","Rare Cards Sparkle","Spire Arcade","StSLib","SuperFastMode"],"gold_per_floor":[510,520,534,504,514,544,544,564,588,588,588,598,598,624,624,729,729,740,749,749,602,622,622,272,288,288,288,288,305,315,344,344,441,441,460,91,91,101,101,101,101,119,142,157,157,157,3,20,20,20,20,20,20,49,49,49],"floor_reached":55,"language":"ENG","playtime":2693,"items_purged":["Regret","Writhe","Pain","Normality"],"score":672,"play_id":"7564f5f0-b227-4c85-b62b-949d006d3b6e","local_time":"20210222161811","is_ascension_mode":false,"campfire_choices":[{"data":"Backstab","floor":7,"key":"SMITH"},{"data":"Deadly Poison","floor":10,"key":"SMITH"},{"data":"Catalyst","floor":13,"key":"SMITH"},{"data":"Infinite Blades","floor":15,"key":"SMITH"},{"data":"Noxious Fumes","floor":23,"key":"SMITH"},{"data":"Infinite Blades","floor":27,"key":"SMITH"},{"floor":32,"key":"REST"},{"floor":40,"key":"RECALL"},{"data":"After Image","floor":45,"key":"SMITH"},{"floor":49,"key":"REST"},{"data":"Infinite Blades","floor":52,"key":"SMITH"}],"circlet_count":0,"master_deck":["Strike_G","Strike_G","Strike_G","Strike_G","Defend_G","Defend_G","Defend_G","Defend_G","Defend_G","Survivor","Neutralize+1","Catalyst+1","Dagger Spray","Dagger Spray","Poisoned Stab","Dodge and Roll","Backstab+1","Deadly Poison+1","Deadly Poison","Infinite Blades+1","Venomology","Noxious Fumes+1","Backstab","Flying Knee+1","Infinite Blades+1","Flechettes+1","Distraction+1","After Image+1","Poisoned Stab+1","Infinite Blades+1","Madness","Madness","Cloak And Dagger+1","Parasite","Terror+1","Decay","Endless Agony+1","Poisoned Stab+1","Expertise"],"relics":["Ring of the Snake","Ice Cream","Nunchaku","MealTicket","Boot","Cursed Key","Nloth\u0027s Gift","Ornamental Fan","Bottled Flame","Philosopher\u0027s Stone","Membership Card","HornCleat","Oddly Smooth Stone","Lizard Tail","PreservedInsect","Shuriken"],"acts_visited":["Exordium","TheCity","TheBeyond","TheEnding"],"potions_floor_usage":[4,6,16,25,30,31,31,33,33,42,42,42,50,50,50,55],"damage_taken":[{"damage":0,"enemies":"Jaw Worm","floor":1,"turns":5},{"damage":1,"enemies":"2 Louse","floor":2,"turns":3},{"damage":0,"enemies":"Cultist","floor":3,"turns":3},{"damage":0,"enemies":"Looter","floor":4,"turns":4},{"damage":21,"enemies":"Large Slime","floor":5,"turns":7},{"damage":21,"enemies":"Lagavulin","floor":6,"turns":8},{"damage":0,"enemies":"Exordium Wildlife","floor":8,"turns":2},{"damage":0,"enemies":"Looter","floor":12,"turns":3},{"damage":10,"enemies":"3 Sentries","floor":14,"turns":8},{"damage":15,"enemies":"The Guardian","floor":16,"turns":7},{"damage":6,"enemies":"Chosen","floor":18,"turns":3},{"damage":10,"enemies":"Spheric Guardian","floor":22,"turns":4},{"damage":12,"enemies":"Shelled Parasite and Fungi","floor":25,"turns":5},{"damage":14,"enemies":"Snake Plant","floor":29,"turns":3},{"damage":0,"enemies":"Centurion and Healer","floor":30,"turns":4},{"damage":17,"enemies":"Book of Stabbing","floor":31,"turns":4},{"damage":28,"enemies":"Automaton","floor":33,"turns":9},{"damage":6,"enemies":"Orb Walker","floor":35,"turns":3},{"damage":22,"enemies":"3 Shapes","floor":38,"turns":4},{"damage":30,"enemies":"Writhing Mass","floor":42,"turns":6},{"damage":8,"enemies":"Sphere and 2 Shapes","floor":44,"turns":6},{"damage":0,"enemies":"Spire Growth","floor":48,"turns":4},{"damage":92,"enemies":"Awakened One","floor":50,"turns":14},{"damage":29,"enemies":"Shield and Spear","floor":54,"turns":5},{"damage":49,"enemies":"The Heart","floor":55,"turns":3}],"seed_played":"-4503060691747487454","potions_obtained":[{"floor":1,"key":"ColorlessPotion"},{"floor":3,"key":"GhostInAJar"},{"floor":5,"key":"CunningPotion"},{"floor":8,"key":"Fire Potion"},{"floor":16,"key":"Fire Potion"},{"floor":18,"key":"Energy Potion"},{"floor":22,"key":"SkillPotion"},{"floor":33,"key":"Ancient Potion"},{"floor":35,"key":"BlessingOfTheForge"},{"floor":44,"key":"CunningPotion"}],"is_trial":false,"path_per_floor":["M","M","M","M","M","E","R","M","T","R","?","M","R","E","R","B",null,"M","?","?","$","M","R","$","M","T","R","?","M","M","E","R","B",null,"M","$","?","M","$","R","?","M","T","M","R","T","$","M","R","B",null,"R","$","E","B"],"character_chosen":"THE_SILENT","items_purchased":["Backstab","Ornamental Fan","Membership Card","HornCleat","Infinite Blades","PreservedInsect"],"campfire_rested":2,"item_purchase_floors":[21,24,36,36,36,47],"current_hp_per_floor":[70,69,69,69,48,27,27,27,27,27,27,27,27,17,17,2,70,64,64,64,70,60,60,70,58,58,58,45,31,31,14,36,8,75,69,75,66,44,59,59,59,29,29,21,21,21,36,36,58,19,75,75,75,46,0,0],"gold":49,"neow_bonus":"UPGRADE_CARD","is_daily":false,"chose_seed":false,"campfire_upgraded":8,"win_rate":0.0,"timestamp":1613981891,"path_taken":["M","M","M","M","M","E","R","M","T","R","?","M","R","E","R","BOSS","M","?","?","$","?","R","$","M","T","R","?","M","M","E","R","BOSS","M","$","?","M","$","R","?","?","T","M","R","?","$","M","R","BOSS","R","$","E","BOSS"],"items_purchased_type":["Card","Relic","Relic","Relic","Card","Relic"],"build_version":"2020-12-22","purchased_purges":4,"victory":false,"max_hp_per_floor":[70,70,70,70,70,70,70,70,70,70,70,70,70,70,70,70,70,70,70,70,70,70,70,70,70,70,70,75,75,75,75,75,75,75,75,75,75,75,75,75,75,75,75,75,75,75,75,75,75,75,75,75,75,75,75,75],"card_choices":[{"not_picked":["Calculated Gamble","Riddle With Holes"],"picked":"Catalyst","floor":1},{"not_picked":["Underhanded Strike","Bouncing Flask"],"picked":"Dagger Spray","floor":2},{"not_picked":["Acrobatics","Caltrops"],"picked":"Dagger Spray","floor":3},{"not_picked":["Tools of the Trade","Tactician"],"picked":"Poisoned Stab","floor":4},{"not_picked":["Dagger Spray","Flechettes"],"picked":"Dodge and Roll","floor":5},{"not_picked":["Blade Dance","Bouncing Flask"],"picked":"Backstab","floor":6},{"not_picked":["Underhanded Strike","Flying Knee"],"picked":"Deadly Poison","floor":8},{"not_picked":["Prepared","Dagger Spray"],"picked":"Deadly Poison","floor":12},{"not_picked":["Underhanded Strike","Acrobatics"],"picked":"Infinite Blades","floor":14},{"not_picked":["Storm of Steel","Glass Knife"],"picked":"Venomology","floor":16},{"not_picked":["Dagger Throw+1","Deadly Poison"],"picked":"Noxious Fumes","floor":18},{"not_picked":["Riddle With Holes","Expertise+1"],"picked":"Flying Knee+1","floor":22},{"not_picked":["Predator","Leg Sweep"],"picked":"Infinite Blades","floor":25},{"not_picked":["Dodge and Roll","Storm of Steel"],"picked":"Flechettes+1","floor":29},{"not_picked":["Tools of the Trade","Setup"],"picked":"Distraction+1","floor":30},{"not_picked":["Poisoned Stab","PiercingWail+1","Adrenaline"],"picked":"SKIP","floor":31},{"not_picked":["Storm of Steel","Night Terror"],"picked":"After Image","floor":33},{"not_picked":["Setup+1","Backflip"],"picked":"Poisoned Stab+1","floor":35},{"not_picked":["Crippling Poison","Noxious Fumes+1"],"picked":"Cloak And Dagger+1","floor":38},{"not_picked":["Poisoned Stab+1","Skewer"],"picked":"Terror+1","floor":42},{"not_picked":["Quick Slash+1","Acrobatics"],"picked":"Endless Agony+1","floor":44},{"not_picked":["Dash+1","Dagger Spray+1"],"picked":"Poisoned Stab+1","floor":48},{"not_picked":["Deadly Poison","Bane"],"picked":"Expertise","floor":54}],"player_experience":228263,"relics_obtained":[{"floor":6,"key":"Ice Cream"},{"floor":9,"key":"Nunchaku"},{"floor":14,"key":"Boot"},{"floor":31,"key":"Bottled Flame"},{"floor":43,"key":"Oddly Smooth Stone"},{"floor":46,"key":"Lizard Tail"},{"floor":54,"key":"Shuriken"}],"event_choices":[{"damage_healed":0,"gold_gain":0,"player_choice":"Box","damage_taken":0,"relics_obtained":["MealTicket"],"max_hp_gain":0,"max_hp_loss":0,"event_name":"Big Fish","floor":11,"gold_loss":0,"cards_obtained":["Regret"]},{"damage_healed":0,"gold_gain":0,"player_choice":"Opened","damage_taken":0,"relics_obtained":["CeramicFish"],"max_hp_gain":0,"max_hp_loss":0,"event_name":"The Mausoleum","floor":19,"gold_loss":0,"cards_obtained":["Writhe"]},{"damage_healed":0,"gold_gain":0,"player_choice":"Traded Relic","damage_taken":0,"relics_obtained":["Nloth\u0027s Gift"],"max_hp_gain":0,"max_hp_loss":0,"event_name":"N\u0027loth","floor":20,"relics_lost":["CeramicFish"],"gold_loss":0},{"damage_healed":0,"gold_gain":0,"player_choice":"Shed Blood","damage_taken":18,"max_hp_gain":5,"max_hp_loss":0,"event_name":"Forgotten Altar","floor":28,"gold_loss":0},{"damage_healed":0,"gold_gain":0,"player_choice":"Embrace Madness","damage_taken":9,"max_hp_gain":0,"max_hp_loss":0,"event_name":"Winding Halls","floor":37,"gold_loss":0,"cards_obtained":["Madness","Madness"]},{"cards_removed":["Strike_G"],"damage_healed":0,"gold_gain":0,"player_choice":"Removed Attack","damage_taken":0,"max_hp_gain":0,"max_hp_loss":0,"event_name":"Falling","floor":41,"gold_loss":0}],"is_beta":false,"boss_relics":[{"not_picked":["Astrolabe","Runic Dome"],"picked":"Cursed Key"},{"not_picked":["Runic Pyramid","HoveringKite"],"picked":"Philosopher\u0027s Stone"}],"items_purged_floors":[21,24,36,47],"is_endless":false,"potions_floor_spawned":[1,3,5,8,16,18,22,33,35,44,48],"killed_by":"The Heart","ascension_level":0}}