{"host":"dg9ago0zd82drrsw","time":1613980558,"event":{"mods":["BaseMod","Bestiary","Downfall","GifTheSpireLib","Minty Spire (QoL Compilation)","Relic Stats","StSLib"],"gold_per_floor":[199,219,235,227,227,267,267,287,187,222,222,246,246,25,43,43,43,43],"floor_reached":16,"language":"ENG","playtime":593,"items_purged":["downfall:Malfunctioning"],"score":110,"play_id":"2b487653-7401-4352-9229-320fc585eed3","local_time":"20210222105558","is_ascension_mode":false,"campfire_choices":[{"data":"hexamod:Sear","floor":1,"key":"SMITH"},{"floor":9,"key":"REST"},{"data":"hexamod:FastForward","floor":11,"key":"SMITH"}],"circlet_count":0,"master_deck":["hexamod:Strike","hexamod:Strike","hexamod:Strike","hexamod:Strike","hexamod:Defend","hexamod:Defend","hexamod:Defend+1","hexamod:Defend","hexamod:Sear+1","hexamod:Float+1","hexamod:PhantomFireball","hexamod:FlamesFromBeyond","hexamod:SecondSeal","hexamod:FirstSeal","hexamod:PhantomCloak+1","hexamod:FlamesFromBeyond","hexamod:FastForward+1","hexamod:FirstSeal","hexamod:GhostflameBarrier","hexamod:PhantomCloak","hexamod:BurningTouch","hexamod:DynamicBlow"],"relics":["hexamod:SpiritBrand","downfall:BrokenWingStatue","Matryoshka","Lantern","hexamod:SoulConsumer","downfall:HeartBlessingGreen","HornCleat"],"acts_visited":["Exordium"],"potions_floor_usage":[6,15],"damage_taken":[{"damage":0,"enemies":"Jaw Worm","floor":2,"turns":4},{"damage":2,"enemies":"2 Louse","floor":3,"turns":2},{"damage":39,"enemies":"Gremlin Nob","floor":6,"turns":5},{"damage":1,"enemies":"Small Slimes","floor":8,"turns":3},{"damage":14,"enemies":"Lagavulin","floor":10,"turns":8},{"damage":0,"enemies":"Blue Slaver","floor":12,"turns":4},{"damage":0,"enemies":"downfall:FleeingMerchant","floor":14,"turns":4},{"damage":13,"enemies":"3 Louse","floor":15,"turns":5},{"damage":88,"enemies":"DF_ARCHETYPE_STREAMLINE","floor":16,"turns":14}],"seed_played":"-743508224278228799","potions_obtained":[{"floor":3,"key":"hexamod:EctoCoolerPotion"},{"floor":10,"key":"hexamod:SoulburnPotion"}],"is_trial":false,"path_per_floor":["R","M","M","?","?","E","T","M","R","E","R","M","?","$","M","B"],"character_chosen":"THE_SPIRIT","items_purchased":["hexamod:PhantomCloak","hexamod:BurningTouch","Swift Potion"],"campfire_rested":1,"item_purchase_floors":[14,14,14],"current_hp_per_floor":[70,70,68,61,61,29,29,39,60,57,57,68,68,70,70,0,0,0],"gold":43,"neow_bonus":"HUNDRED_GOLD","is_daily":false,"chose_seed":false,"campfire_upgraded":2,"win_rate":0.0,"timestamp":1613980558,"path_taken":["R","M","M","?","?","E","T","M","R","E","R","M","?","?","M","BOSS"],"items_purchased_type":["Card","Card","Potion"],"build_version":"2020-12-22","purchased_purges":1,"victory":false,"max_hp_per_floor":[70,70,70,70,70,70,70,70,70,70,70,70,70,70,70,70,70,70],"relic_stats":{"counters":[9,49],"obtain_stats":[{"Lantern":7,"downfall:BrokenWingStatue":5,"Matryoshka":6,"HornCleat":10,"downfall:HeartBlessingGreen":9,"hexamod:SoulConsumer":7,"hexamod:SpiritBrand":0},{"Lantern":3,"downfall:BrokenWingStatue":2,"Matryoshka":3,"HornCleat":5,"downfall:HeartBlessingGreen":4,"hexamod:SoulConsumer":3,"hexamod:SpiritBrand":0},{"Lantern":11,"downfall:BrokenWingStatue":6,"Matryoshka":11,"HornCleat":22,"downfall:HeartBlessingGreen":14,"hexamod:SoulConsumer":11,"hexamod:SpiritBrand":0}]},"card_choices":[{"not_picked":["hexamod:Hexaguard","hexamod:SpectersWail"],"picked":"hexamod:PhantomFireball","floor":2},{"not_picked":["hexamod:Hexaguard","hexamod:FastForward"],"picked":"hexamod:FlamesFromBeyond","floor":3},{"not_picked":["hexamod:UnleashSpirits","hexamod:Hexaguard"],"picked":"hexamod:PhantomCloak","floor":6},{"not_picked":["hexamod:GhostOfSpireFuture","hexamod:HeatMetal"],"picked":"hexamod:FlamesFromBeyond","floor":8},{"not_picked":["hexamod:AdvancingGuard","hexamod:DynamicBlow"],"picked":"hexamod:FastForward","floor":10},{"not_picked":["hexamod:BurningTouch","hexamod:Incineration"],"picked":"hexamod:FirstSeal","floor":12},{"not_picked":["hexamod:FlamesFromBeyond","hexamod:FourthSeal"],"picked":"hexamod:GhostflameBarrier","floor":14},{"not_picked":["hexamod:BurningTouch","hexamod:GhostOfSpirePast"],"picked":"hexamod:DynamicBlow","floor":15}],"player_experience":769186,"relics_obtained":[{"floor":6,"key":"Matryoshka"},{"floor":7,"key":"Lantern"},{"floor":7,"key":"hexamod:SoulConsumer"},{"floor":10,"key":"HornCleat"}],"event_choices":[],"is_beta":false,"boss_relics":[],"items_purged_floors":[14],"is_endless":false,"potions_floor_spawned":[3,10],"killed_by":"DF_ARCHETYPE_STREAMLINE","ascension_level":0}}