{"host":"4yf2n7l3ni368tvf","time":1613997137,"event":{"mods":["AchievementEnabler","BaseMod","Colored Map","DeckTracker","Minty Spire (QoL Compilation)","SuperFastMode"],"gold_per_floor":[114,133,143,161,180,212,212,212,283,313,332,352,264,281,281,386,386,402,171,171,1,100,100,133,133,133],"floor_reached":25,"language":"KOR","playtime":964,"items_purged":["Acrobatics"],"score":277,"play_id":"8f3a6ae4-c258-4842-a32b-2dd240e13476","local_time":"20210222213217","is_ascension_mode":true,"campfire_choices":[{"floor":8,"key":"REST"},{"floor":15,"key":"REST"},{"data":"Bouncing Flask","floor":23,"key":"SMITH"}],"circlet_count":0,"master_deck":["Strike_G","Strike_G","Strike_G","Defend_G","Defend_G","Defend_G","Defend_G","Defend_G","Survivor","Neutralize","PiercingWail","Cloak And Dagger","Noxious Fumes","Deflect","Die Die Die","Infinite Blades","Noxious Fumes","Blade Dance","Deadly Poison","A Thousand Cuts","Bouncing Flask+1","Writhe","Deadly Poison"],"relics":["Ring of the Snake","NeowsBlessing","Sundial","Regal Pillow","Paper Crane","MealTicket","Odd Mushroom","Empty Cage","Dream Catcher","Blue Candle","Bag of Marbles","Ice Cream"],"acts_visited":["Exordium","TheCity"],"potions_floor_usage":[6,25,25,25],"damage_taken":[{"damage":0,"enemies":"Cultist","floor":1,"turns":1},{"damage":0,"enemies":"2 Louse","floor":2,"turns":1},{"damage":0,"enemies":"Small Slimes","floor":3,"turns":1},{"damage":6,"enemies":"2 Fungi Beasts","floor":4,"turns":5},{"damage":9,"enemies":"Exordium Thugs","floor":5,"turns":7},{"damage":27,"enemies":"3 Sentries","floor":6,"turns":8},{"damage":27,"enemies":"Lagavulin","floor":10,"turns":11},{"damage":15,"enemies":"Large Slime","floor":11,"turns":9},{"damage":6,"enemies":"The Mushroom Lair","floor":12,"turns":4},{"damage":1,"enemies":"Exordium Wildlife","floor":14,"turns":4},{"damage":45,"enemies":"Slime Boss","floor":16,"turns":9},{"damage":25,"enemies":"Chosen","floor":18,"turns":6},{"damage":69,"enemies":"Slavers","floor":24,"turns":6},{"damage":3,"enemies":"Shell Parasite","floor":25,"turns":1}],"seed_played":"-4267277230539853697","potions_obtained":[{"floor":4,"key":"BlessingOfTheForge"},{"floor":5,"key":"Dexterity Potion"},{"floor":6,"key":"SneckoOil"},{"floor":10,"key":"Fire Potion"},{"floor":14,"key":"Swift Potion"},{"floor":16,"key":"EssenceOfSteel"}],"is_trial":false,"path_per_floor":["M","M","M","M","M","E","T","R","T","E","M","?","$","M","R","B",null,"M","$","?","$","?","R","E","M"],"character_chosen":"THE_SILENT","items_purchased":["Noxious Fumes","Blade Dance","Dream Catcher","Bag of Marbles","Deadly Poison"],"campfire_rested":2,"item_purchase_floors":[13,13,19,21,21],"current_hp_per_floor":[70,70,70,64,55,28,28,64,64,37,22,16,31,30,66,21,70,45,60,60,70,70,70,1,0,0],"gold":133,"neow_bonus":"THREE_ENEMY_KILL","is_daily":false,"chose_seed":false,"campfire_upgraded":1,"win_rate":0.0,"timestamp":1613997137,"path_taken":["M","M","M","M","M","E","?","R","T","E","M","?","$","M","R","BOSS","M","$","?","$","?","R","E","?"],"items_purchased_type":["Card","Card","Relic","Relic","Card"],"build_version":"2020-12-22","purchased_purges":1,"victory":false,"max_hp_per_floor":[70,70,70,70,70,70,70,70,70,70,70,70,70,70,70,70,70,70,70,70,70,70,70,70,70,70],"card_choices":[{"not_picked":["Dagger Throw","Quick Slash"],"picked":"PiercingWail","floor":1},{"not_picked":["Heel Hook","Outmaneuver"],"picked":"Acrobatics","floor":2},{"not_picked":["Slice","Deflect"],"picked":"Cloak And Dagger","floor":3},{"not_picked":["Endless Agony","Predator"],"picked":"Noxious Fumes","floor":4},{"not_picked":["Underhanded Strike","Flying Knee","Endless Agony"],"picked":"SKIP","floor":5},{"not_picked":["Concentrate","Expertise"],"picked":"Deflect","floor":6},{"not_picked":["Flechettes","Heel Hook","Acrobatics"],"picked":"SKIP","floor":10},{"not_picked":["Setup","Sucker Punch"],"picked":"Die Die Die","floor":11},{"not_picked":["Eviscerate","Quick Slash"],"picked":"Infinite Blades","floor":12},{"not_picked":["Masterful Stab","Slice"],"picked":"Deadly Poison","floor":14},{"not_picked":["Burst","Unload"],"picked":"A Thousand Cuts","floor":16},{"not_picked":["Terror","Poisoned Stab+1"],"picked":"Bouncing Flask","floor":18},{"not_picked":["Flying Knee+1","Dodge and Roll","Dagger Spray"],"picked":"SKIP","floor":24}],"player_experience":263984,"relics_obtained":[{"floor":6,"key":"Sundial"},{"floor":7,"key":"Regal Pillow"},{"floor":9,"key":"Paper Crane"},{"floor":10,"key":"MealTicket"},{"floor":12,"key":"Odd Mushroom"},{"floor":24,"key":"Ice Cream"}],"event_choices":[{"damage_healed":0,"gold_gain":0,"player_choice":"Fought Mushrooms","damage_taken":0,"max_hp_gain":0,"max_hp_loss":0,"event_name":"Mushrooms","floor":12,"gold_loss":0},{"damage_healed":0,"gold_gain":0,"player_choice":"Opened","damage_taken":0,"relics_obtained":["Blue Candle"],"max_hp_gain":0,"max_hp_loss":0,"event_name":"The Mausoleum","floor":20,"gold_loss":0,"cards_obtained":["Writhe"]},{"damage_healed":0,"gold_gain":99,"player_choice":"Stole From Cult","damage_taken":0,"max_hp_gain":0,"max_hp_loss":0,"event_name":"Nest","floor":22,"gold_loss":0}],"is_beta":false,"boss_relics":[{"not_picked":["Runic Dome","Tiny House"],"picked":"Empty Cage"}],"items_purged_floors":[19],"is_endless":false,"potions_floor_spawned":[4,5,6,10,14,16],"killed_by":"Shell Parasite","ascension_level":4}}