{"host":"72n3jwtrlpjobydj","time":1613990539,"event":{"mods":["AchievementEnabler","Act Like it!","Arknights","BaseMod","CapriCore","DeckTracker","Hermit","Koishi","Lobotomy","Marisa£¨Ùöéë¡¡Øª×âÞÞ£©","Minty Spire (QoL Compilation)","Permanent Neow","StSLib","SuperFastMode","The Cursed","The Gatherer","The Hierophant","The Immortal"],"gold_per_floor":[115,126,141,151,25,51,51,67,67,67,27,62,80,98,98,98,98],"floor_reached":16,"language":"KOR","playtime":657,"items_purged":["Strike_R"],"score":120,"play_id":"a4f9e19c-5a8e-41f2-914a-87cfcefd8e92","local_time":"20210222194219","is_ascension_mode":true,"campfire_choices":[{"floor":7,"key":"REST"},{"floor":10,"key":"REST"},{"floor":15,"key":"REST"}],"circlet_count":0,"master_deck":["Strike_R","Strike_R","Strike_R","Strike_R","Defend_R","Defend_R","Defend_R","Defend_R","Bash","Berserk","Body Slam","Body Slam","Sentinel","Feel No Pain","Shrug It Off","Feel No Pain"],"relics":["Burning Blood","Orichalcum","Pocketwatch"],"acts_visited":["Exordium"],"potions_floor_usage":[2,12,12,16,16,16],"damage_taken":[{"damage":18,"enemies":"ats:Genji","floor":1,"turns":4},{"damage":6,"enemies":"2 Louse","floor":2,"turns":2},{"damage":10,"enemies":"Cultist","floor":3,"turns":4},{"damage":16,"enemies":"Lots of Slimes","floor":4,"turns":7},{"damage":22,"enemies":"3 Sentries","floor":6,"turns":11},{"damage":16,"enemies":"Gremlin Gang","floor":8,"turns":9},{"damage":33,"enemies":"Lagavulin","floor":12,"turns":6},{"damage":7,"enemies":"Looter","floor":13,"turns":4},{"damage":1,"enemies":"Blue Slaver","floor":14,"turns":5},{"damage":80,"enemies":"Hexaghost","floor":16,"turns":12}],"seed_played":"-800491141930564155","potions_obtained":[{"floor":1,"key":"Regen Potion"},{"floor":11,"key":"Strength Potion"},{"floor":11,"key":"EssenceOfSteel"},{"floor":11,"key":"AttackPotion"},{"floor":12,"key":"Ancient Potion"},{"floor":13,"key":"Energy Potion"},{"floor":14,"key":"FearPotion"}],"is_trial":false,"path_per_floor":["M","M","M","M","$","E","R","M","T","R","?","E","M","M","R","B"],"character_chosen":"IRONCLAD","items_purchased":["Shrug It Off"],"campfire_rested":3,"item_purchase_floors":[5],"current_hp_per_floor":[68,68,64,54,54,38,62,52,52,76,76,49,48,53,77,0,0],"gold":98,"neow_bonus":"ONE_RANDOM_RARE_CARD","is_daily":false,"chose_seed":false,"campfire_upgraded":0,"win_rate":0.0,"timestamp":1613990539,"path_taken":["M","?","?","?","$","E","R","M","T","R","?","E","?","M","R","BOSS"],"items_purchased_type":["Card"],"build_version":"2020-12-22","purchased_purges":1,"victory":false,"max_hp_per_floor":[80,80,80,80,80,80,80,80,80,80,80,80,80,80,80,80,80],"card_choices":[{"not_picked":["Infernal Blade","Heavy Blade"],"picked":"Body Slam","floor":1},{"not_picked":["Anger","Wild Strike"],"picked":"Body Slam","floor":2},{"not_picked":["Bloodletting","Heavy Blade"],"picked":"Sentinel","floor":3},{"not_picked":["Perfected Strike","Sentinel"],"picked":"Feel No Pain","floor":4},{"not_picked":["Berserk","Bloodletting","Clothesline"],"picked":"SKIP","floor":6},{"not_picked":["Wild Strike","Dual Wield","Twin Strike"],"picked":"SKIP","floor":8},{"not_picked":["Inflame","Second Wind","Rampage"],"picked":"SKIP","floor":12},{"not_picked":["Sever Soul","Clothesline","Second Wind"],"picked":"SKIP","floor":13},{"not_picked":["Clash","Warcry"],"picked":"Feel No Pain","floor":14}],"player_experience":125465,"relics_obtained":[{"floor":6,"key":"Orichalcum"},{"floor":12,"key":"Pocketwatch"}],"event_choices":[{"damage_healed":0,"gold_gain":0,"player_choice":"Bought 3 Potions","damage_taken":0,"max_hp_gain":0,"max_hp_loss":0,"event_name":"The Woman in Blue","floor":11,"gold_loss":0}],"is_beta":false,"boss_relics":[],"items_purged_floors":[5],"is_endless":false,"potions_floor_spawned":[1,12,13,14],"killed_by":"Hexaghost","ascension_level":1}}