{"host":"i73ch23exsqar74a","time":1613977403,"event":{"mods":["AchievementEnabler","Act Like it!","Arknights","Aspiration","Astrologer","Bard","Bartender","BaseMod","Beaked The Cultist","Better Sensory Stone","CCEM2","CapriCore","Challenge The Spire","ChefMod","Chen","Colored Map","Colored Powertips","Conjunction","Conspire","Downfall","Fireblade Mod","FutureSeer","GifTheSpireLib","Glutton Mod","Gremlin Mod","Halation","Hermit","Highlight Path","HololiveMod","Hubris","Infinite Spire","Jedi Mod","Lobotomy","LobotomyExtend","Luminous","Marked Mod","Minty Spire (QoL Compilation)","Prisma Mod","Quarter Circle Forward PUNCH!","Quick Restart","Random Character Button","RatMod","Relic Sorter","Reliquary","Replay The Spire","Ruina","SOS???????","Shade Mod","Spicy Shops","Spikes Relics","Spire Arcade","StSLib","Stuff the Spire","The Alterego","The Animator","The Bug Knight","The Construct","The Cursed","The Druid","The Exalted","The Immortal","The Judge","The Poker Player","The Sage","The Wild Card","TheHero","TheSwordswoman","TheVacant","TheVelvet","Thieving Mod","Yuri Mod","???Mod??????Boss","???mod?????"],"gold_per_floor":[119,119,119,137,155,183,183,194,221,186,205,205,221,251,251,350,350,350,350,364,377,377,377,377],"floor_reached":23,"language":"ENG","playtime":792,"items_purged":[],"score":226,"play_id":"ab8e54d3-6390-4625-b6ef-dc8459f75f35","local_time":"20210222110323","is_ascension_mode":false,"campfire_choices":[{"floor":7,"key":"REST"},{"data":"Chen:Panic","floor":12,"key":"SMITH"},{"floor":15,"key":"REST"}],"circlet_count":0,"master_deck":["Chen:Strike","Chen:Strike","Chen:Strike","Chen:Strike","Chen:Strike","Chen:Defend","Chen:Defend","Chen:Defend+1","Chen:Defend","Chen:PounceTurnTail","Chen:GlitterPoke","Chen:Catseye","StuffTheSpire:CuriosityCurse","Chen:Panic+1","Chen:Honk","Chen:Instinct","Chen:Tear","Chen:Frivolous","Chen:Sidestep","Chen:FlankingStrike","Chen:CatPunch+1","ruina:FalseThrone"],"relics":["Chen:Catnip","LetterFromLob","hubris:Towel","infinitespire:Golems Mask","hexamod:Sixitude","aspiration:Lifesprig","infinitespire:CheckeredPen","Cursed Key","HonorFeather","Heaven_r"],"acts_visited":["Exordium","Exordium"],"potions_floor_usage":[18],"damage_taken":[{"damage":0,"enemies":"2 Louse","floor":1,"turns":2},{"damage":0,"enemies":"ats:Genji","floor":4,"turns":3},{"damage":6,"enemies":"conspire:RoseBush","floor":5,"turns":3},{"damage":27,"enemies":"Lagavulin","floor":6,"turns":5},{"damage":3,"enemies":"Blue Slaver","floor":8,"turns":3},{"damage":1,"enemies":"2 Fungi Beasts","floor":11,"turns":3},{"damage":11,"enemies":"3 Louse","floor":13,"turns":3},{"damage":36,"enemies":"Gremlin Nob","floor":14,"turns":4},{"damage":20,"enemies":"The Guardian","floor":16,"turns":7},{"damage":0,"enemies":"ruina:Nosferatu","floor":18,"turns":1},{"damage":44,"enemies":"ruina:Nosferatu","floor":18,"turns":3},{"damage":24,"enemies":"ruina:Nosferatu","floor":20,"turns":4},{"damage":1,"enemies":"ruina:2_Scarecrows","floor":21,"turns":4},{"damage":0,"enemies":"ruina:ServantOfWrath","floor":23,"turns":3}],"seed_played":"2389777194238639326","potions_obtained":[{"floor":4,"key":"Elixir"},{"floor":5,"key":"Elixir"},{"floor":11,"key":"jedi:StrikingPotion"},{"floor":21,"key":"bronze:BurnAndBuffPotion"}],"is_trial":false,"path_per_floor":["M","?","?","M","M","E","R","M","T","?","M","R","M","E","R","B",null,"M","?","M","M","?","E"],"character_chosen":"CHEN","items_purchased":[],"campfire_rested":2,"item_purchase_floors":[],"current_hp_per_floor":[70,70,70,70,64,37,58,55,55,70,69,69,58,22,43,23,70,26,26,2,1,1,1,1],"gold":377,"neow_bonus":"RANDOM_EVENT","is_daily":false,"chose_seed":false,"campfire_upgraded":1,"win_rate":0.0,"timestamp":1613977403,"path_taken":["M","?","?","M","M","E","R","M","T","?","M","R","M","E","R","BOSS","M","?","M","M","?","E"],"items_purchased_type":[],"build_version":"2020-12-22","purchased_purges":0,"victory":false,"max_hp_per_floor":[70,70,70,70,70,70,70,70,70,70,70,70,70,70,70,70,70,70,70,70,70,70,70,70],"card_choices":[{"not_picked":["Chen:CatPunch","Chen:Lacerate"],"picked":"Chen:Catseye","floor":1},{"not_picked":["Chen:Adaptability","Chen:Stability"],"picked":"Chen:Panic","floor":4},{"not_picked":["Chen:EvasiveFireShift","Chen:Catseye"],"picked":"Chen:Honk","floor":5},{"not_picked":["Chen:Sweep","Chen:Stability"],"picked":"Chen:Instinct","floor":6},{"not_picked":["Chen:PentagramFlight","Chen:Spray","Chen:Barrier"],"picked":"SKIP","floor":8},{"not_picked":["Chen:PentagramFlight","Chen:Instinct"],"picked":"Chen:Tear","floor":11},{"not_picked":["Chen:Impale","Chen:Scratch"],"picked":"Chen:Frivolous","floor":13},{"not_picked":["Chen:Adaptability","Chen:Panic"],"picked":"Chen:Sidestep","floor":14},{"not_picked":["Chen:PhoenixEgg","Chen:WhateverWorks"],"picked":"Chen:FlankingStrike","floor":16},{"not_picked":["Chen:Panic","Chen:Spray"],"picked":"Chen:CatPunch+1","floor":20},{"not_picked":["Chen:Sidestep","Chen:ResistTemptation","Chen:Copycat"],"picked":"SKIP","floor":21}],"player_experience":1488762,"relics_obtained":[{"floor":1,"key":"LetterFromLob"},{"floor":6,"key":"hexamod:Sixitude"},{"floor":9,"key":"aspiration:Lifesprig"},{"floor":14,"key":"infinitespire:CheckeredPen"}],"event_choices":[{"damage_healed":17,"gold_gain":0,"player_choice":"Healed","damage_taken":0,"max_hp_gain":0,"max_hp_loss":0,"event_name":"The Cleric","floor":10,"gold_loss":35}],"is_beta":false,"boss_relics":[{"not_picked":["hubris:TerracottaHorce","Astrolabe"],"picked":"Cursed Key"}],"items_purged_floors":[],"is_endless":false,"potions_floor_spawned":[4,5,11,14,18,21],"killed_by":"ruina:ServantOfWrath","ascension_level":0}}