{"host":"rsokn1b2nrspb1iw","time":1613977225,"event":{"mods":["BaseMod","Better Altar","Better Match","Better Note","Better Sensory Stone","Better Skull","Better Third Choice","Better Vampires","BetterRewards","Block Reminder","Colored Map","Colored Powertips","Curses Come First","Custom Start","GifTheSpireLib","Hermit","Ironclad Rager","Minty Spire (QoL Compilation)","Quick Restart","Rare Cards Sparkle","Relic Stats","Spire Birthday Party","StSLib","Unceasing Turn Reminder"],"gold_per_floor":[213,163,163,7,22,53,53,80,80,99,24,24,24,24,24,24,24],"floor_reached":16,"language":"ENG","playtime":482,"items_purged":["Strike_G"],"score":106,"play_id":"ca88da92-3d1c-42c5-82a0-c51e133e09ed","local_time":"20210222000025","is_ascension_mode":false,"campfire_choices":[{"data":"Deadly Poison","floor":7,"key":"SMITH"},{"data":"1","floor":12,"key":"LIFT"},{"floor":15,"key":"REST"}],"circlet_count":0,"master_deck":["Strike_G","Strike_G","Strike_G+1","Defend_G","Defend_G","Defend_G","Defend_G+1","Defend_G","Survivor","Neutralize","Blade Dance+1","Deadly Poison+1"],"relics":["Ring of the Snake","Snake Skull","Sundial","Girya","Frozen Egg 2"],"acts_visited":["Exordium"],"potions_floor_usage":[6],"damage_taken":[{"damage":0.0,"enemies":"Jaw Worm","floor":1.0,"turns":6.0},{"damage":0,"enemies":"Cultist","floor":5,"turns":3},{"damage":14,"enemies":"Gremlin Nob","floor":6,"turns":4},{"damage":30,"enemies":"3 Sentries","floor":8,"turns":10},{"damage":1,"enemies":"Small Slimes","floor":10,"turns":2},{"damage":37,"enemies":"Slime Boss","floor":16,"turns":10}],"seed_played":"284698321905696316","potions_obtained":[{"floor":6,"key":"Fruit Juice"}],"is_trial":false,"path_per_floor":["M","?","?","$","M","E","R","E","T","M","$","R","?","?","R","B"],"character_chosen":"THE_SILENT","items_purchased":["Snake Skull"],"campfire_rested":1,"item_purchase_floors":[4],"current_hp_per_floor":[70,70,70,70,70,61,61,31,31,30,30,30,15,15,37,0,0],"gold":24,"neow_bonus":"HUNDRED_GOLD","is_daily":false,"chose_seed":false,"campfire_upgraded":1,"win_rate":0.0,"timestamp":1613977225,"path_taken":["M","?","?","$","?","E","R","E","T","M","$","R","?","?","R","BOSS"],"items_purchased_type":["Relic"],"build_version":"2020-12-22","purchased_purges":1,"victory":false,"max_hp_per_floor":[70,70,70,70,70,75,75,75,75,75,75,75,75,75,75,75,75],"relic_stats":{"counters":[6,35],"Sundial":[4],"Snake Skull":[8],"obtain_stats":[{"Girya":8,"Sundial":6,"Snake Skull":4,"Frozen Egg 2":9,"Ring of the Snake":0},{"Girya":4,"Sundial":3,"Snake Skull":1,"Frozen Egg 2":4,"Ring of the Snake":0},{"Girya":23,"Sundial":13,"Snake Skull":6,"Frozen Egg 2":23,"Ring of the Snake":0}],"Ring of the Snake":[12]},"card_choices":[{"not_picked":["Poisoned Stab","Flying Knee"],"picked":"Blade Dance","floor":1},{"not_picked":["Underhanded Strike","Leg Sweep","Outmaneuver"],"picked":"SKIP","floor":5},{"not_picked":["Bane","Calculated Gamble"],"picked":"Deadly Poison","floor":6},{"not_picked":["Eviscerate","Concentrate","Caltrops"],"picked":"SKIP","floor":8},{"not_picked":["Dodge and Roll","Unload","Sucker Punch"],"picked":"SKIP","floor":10}],"player_experience":190201,"relics_obtained":[{"floor":6,"key":"Sundial"},{"floor":8,"key":"Girya"},{"floor":9,"key":"Frozen Egg 2"}],"event_choices":[{"cards_removed":["Strike_G"],"damage_healed":0,"gold_gain":0,"player_choice":"Card Removal","damage_taken":0,"max_hp_gain":0,"max_hp_loss":0,"event_name":"The Cleric","floor":2,"gold_loss":50},{"damage_healed":0,"gold_gain":0,"player_choice":"Upgraded","damage_taken":0,"max_hp_gain":0,"max_hp_loss":0,"event_name":"Upgrade Shrine","floor":3,"gold_loss":0,"cards_upgraded":["Blade Dance"]},{"damage_healed":30,"gold_gain":0,"player_choice":"Upgrade","damage_taken":15,"max_hp_gain":0,"max_hp_loss":75,"event_name":"betterThird:BetterShining","floor":13,"gold_loss":0,"cards_upgraded":["Defend_G","Strike_G"]},{"damage_healed":0,"gold_gain":0,"player_choice":"Ignored","damage_taken":0,"max_hp_gain":0,"max_hp_loss":0,"event_name":"Golden Wing","floor":14,"gold_loss":0}],"is_beta":false,"boss_relics":[],"items_purged_floors":[11],"is_endless":false,"potions_floor_spawned":[6],"killed_by":"Slime Boss","ascension_level":0}}