{"host":"72n3jwtrlpjobydj","time":1613986330,"event":{"mods":["AchievementEnabler","Act Like it!","Arknights","BaseMod","CapriCore","DeckTracker","Hermit","Koishi","Lobotomy","Marisa£¨Ùöéë¡¡Øª×âÞÞ£©","Minty Spire (QoL Compilation)","Permanent Neow","StSLib","SuperFastMode","The Cursed","The Gatherer","The Hierophant","The Immortal"],"gold_per_floor":[127,158,186,212,241,253,300,312,324,336,348,348],"floor_reached":11,"language":"KOR","playtime":335,"items_purged":[],"score":75,"play_id":"767e4c75-7377-4eac-959f-cabe9a6eeadd","local_time":"20210222183210","is_ascension_mode":false,"campfire_choices":[{"floor":6,"key":"REST"},{"floor":8,"key":"REST"}],"circlet_count":0,"master_deck":["ats:Strike C","ats:Strike G","ats:Strike S","ats:Strike V","ats:Armor Crushing Shot","ats:Defend","ats:Defend","ats:Defend","ats:Defend","ats:Emotion Absorption","ats:Poison Spread","ats:Rapid Magazine"],"relics":["ats:Sanity","MawBank","ats:Originium","Happy Flower","Mummified Hand"],"acts_visited":["Exordium"],"potions_floor_usage":[5,5,11],"damage_taken":[{"damage":7,"enemies":"Cultist","floor":1,"turns":5},{"damage":9,"enemies":"Small Slimes","floor":2,"turns":4},{"damage":6,"enemies":"2 Louse","floor":3,"turns":3},{"damage":13,"enemies":"2 Fungi Beasts","floor":4,"turns":4},{"damage":7,"enemies":"Large Slime","floor":5,"turns":8},{"damage":33,"enemies":"Gremlin Nob","floor":7,"turns":5},{"damage":41,"enemies":"Lagavulin","floor":11,"turns":6}],"seed_played":"2506219000186210037","potions_obtained":[{"floor":3,"key":"CultistPotion"},{"floor":4,"key":"Energy Potion"},{"floor":5,"key":"ats:Emergency Sanity Potion"}],"is_trial":false,"path_per_floor":["M","M","M","M","M","R","E","R","T","?","E"],"character_chosen":"DOCTOR_CLASS","items_purchased":[],"campfire_rested":2,"item_purchase_floors":[],"current_hp_per_floor":[65,56,50,37,30,51,18,39,39,39,0,0],"gold":348,"neow_bonus":"RANDOM_COMMON_RELIC","is_daily":false,"chose_seed":false,"campfire_upgraded":0,"win_rate":0.0,"timestamp":1613986330,"path_taken":["M","?","M","M","M","R","E","R","T","?","E"],"items_purchased_type":[],"build_version":"2020-12-22","purchased_purges":0,"victory":false,"max_hp_per_floor":[72,72,72,72,72,72,72,72,72,72,72,72],"card_choices":[{"not_picked":["ats:Directed Diagnosis","ats:Blood Oath"],"picked":"ats:Poison Spread","floor":1},{"not_picked":["ats:Serious Mode","ats:Ignite","ats:Counter Healing Mode"],"picked":"SKIP","floor":2},{"not_picked":["ats:Shell Defense","ats:Revitalization","ats:Absolute Focus"],"picked":"SKIP","floor":3},{"not_picked":["ats:Composite Medical Shells","ats:Poison Spread"],"picked":"ats:Rapid Magazine","floor":4},{"not_picked":["ats:Chain Hook","ats:Sword Rain","ats:Leaping Hammer"],"picked":"SKIP","floor":5},{"not_picked":["ats:Part Time Job","ats:Apocalypse","ats:LN2 Cannon"],"picked":"SKIP","floor":7}],"player_experience":123865,"relics_obtained":[{"floor":7,"key":"ats:Originium"},{"floor":7,"key":"Happy Flower"},{"floor":9,"key":"Mummified Hand"}],"event_choices":[{"damage_healed":0,"gold_gain":0,"player_choice":"Ignored","damage_taken":0,"max_hp_gain":0,"max_hp_loss":0,"event_name":"Golden Wing","floor":10,"gold_loss":0}],"is_beta":false,"boss_relics":[],"items_purged_floors":[],"is_endless":false,"potions_floor_spawned":[3,4,5],"killed_by":"Lagavulin","ascension_level":0}}