{"host":"f7915vm1ahl7kex1","time":1613958435,"event":{"mods":["BaseMod","Colored Map","Downfall","Highlight Path","Minty Spire (QoL Compilation)","Quick Restart","Spire Arcade","StSLib"],"gold_per_floor":[0,18,318,393,404,416,467,480,380,42,54,54,84,84,99,197,197,197,208,224,57,74,59,59,88,88,88,88,235,235,261,261,261,261],"floor_reached":32,"language":"ENG","playtime":1437,"items_purged":["downfall:Icky","downfall:Icky"],"score":303,"play_id":"9063d980-db39-45c3-8ae5-da412bd922be","local_time":"20210221194715","is_ascension_mode":false,"campfire_choices":[{"floor":1,"key":"RECALL"},{"data":"sneckomod:SerpentIdol","floor":9,"key":"SMITH"},{"data":"sneckomod:SerpentMind","floor":18,"key":"SMITH"},{"floor":27,"key":"REST"}],"circlet_count":0,"master_deck":["sneckomod:Strike","sneckomod:Defend","sneckomod:Defend","sneckomod:TailWhip","sneckomod:SnekBite","sneckomod:Unknown","sneckomod:Unknown","sneckomod:SnekBeam","sneckomod:SerpentIdol+1","sneckomod:Unknown1Cost","sneckomod:UnknownClassGUARDIAN","sneckomod:SlitherStrike","sneckomod:Unknown1Cost","sneckomod:UnknownBlock","sneckomod:Unknown1Cost","sneckomod:SerpentIdol+1","sneckomod:ImprovisedGuard","sneckomod:SerpentMind+1","sneckomod:UnknownUncommonAttack+1","sneckomod:UnknownClassBLUE","sneckomod:DiceBlock","sneckomod:UnknownCommonAttack","sneckomod:UnknownVulnerable","sneckomod:UnknownRareAttack","downfall:Bewildered","sneckomod:DefensiveFlair"],"relics":["sneckomod:SneckoSoul","downfall:HeartBlessingRed","sneckomod:SneckoCommon","Bag of Marbles","Philosopher\u0027s Stone","Sling","Bottled Flame","StrikeDummy","Membership Card","sneckomod:BabySnecko","Smiling Mask"],"acts_visited":["Exordium","TheCity"],"potions_floor_usage":[11,19,23,23,32,32],"damage_taken":[{"damage":1,"enemies":"2 Louse","floor":2,"turns":3},{"damage":7,"enemies":"Cultist","floor":5,"turns":4},{"damage":0,"enemies":"Small Slimes","floor":6,"turns":3},{"damage":13,"enemies":"Blue Slaver","floor":8,"turns":4},{"damage":0,"enemies":"downfall:FleeingMerchant","floor":10,"turns":4},{"damage":9,"enemies":"Large Slime","floor":11,"turns":4},{"damage":31,"enemies":"Lagavulin","floor":13,"turns":8},{"damage":0,"enemies":"3 Louse","floor":15,"turns":1},{"damage":19,"enemies":"WA_ARCHETYPE_RETAIN","floor":16,"turns":6},{"damage":3,"enemies":"3 Byrds","floor":19,"turns":3},{"damage":25,"enemies":"Shell Parasite","floor":20,"turns":4},{"damage":0,"enemies":"downfall:FleeingMerchant","floor":21,"turns":4},{"damage":5,"enemies":"Cultist and Chosen","floor":22,"turns":7},{"damage":29,"enemies":"downfall:FleeingMerchant","floor":23,"turns":4},{"damage":21,"enemies":"Gremlin Leader","floor":25,"turns":6},{"damage":20,"enemies":"downfall:FleeingMerchant","floor":29,"turns":3},{"damage":31,"enemies":"Book of Stabbing","floor":31,"turns":6},{"damage":19,"enemies":"Shelled Parasite and Fungi","floor":32,"turns":3}],"seed_played":"5791496065805110959","potions_obtained":[{"floor":4,"key":"downfall:CursedFountainPotion"},{"floor":8,"key":"Fire Potion"},{"floor":13,"key":"bronze:BurnAndBuffPotion"},{"floor":15,"key":"Energy Potion"},{"floor":19,"key":"sneckomod:DiceRollPotion"},{"floor":28,"key":"CultistPotion"},{"floor":31,"key":"LiquidBronze"}],"is_trial":false,"path_per_floor":["R","M","?","?","M","M","T","M","R","$","M","?","E","?","M","B",null,"R","M","M","$","M","$","T","E","?","R","?","$","?","E","M"],"character_chosen":"THE_SNECKO","items_purchased":["sneckomod:SneckoCommon","sneckomod:SlitherStrike","sneckomod:Unknown1Cost","Sling","Membership Card"],"campfire_rested":1,"item_purchase_floors":[10,10,10,21,29],"current_hp_per_floor":[90,89,89,89,82,82,82,69,69,69,60,60,29,29,29,10,90,90,87,62,62,60,31,31,10,41,68,68,48,48,17,0,0,0],"gold":261,"neow_bonus":"REMOVE_TWO","is_daily":false,"chose_seed":false,"campfire_upgraded":2,"win_rate":0.0,"timestamp":1613958435,"path_taken":["R","M","?","?","M","?","T","M","R","$","?","?","E","?","M","BOSS","R","M","M","$","M","$","T","E","?","R","?","?","?","E","M"],"items_purchased_type":["Relic","Card","Card","Relic","Relic"],"build_version":"2020-12-22","purchased_purges":2,"victory":false,"max_hp_per_floor":[90,90,90,90,90,90,90,90,90,90,90,90,90,90,90,90,90,90,90,90,90,93,93,93,93,93,93,93,93,93,93,93,93,93],"card_choices":[{"not_picked":["sneckomod:DiceCrush","sneckomod:IronFang"],"picked":"sneckomod:SnekBeam","floor":2},{"not_picked":["sneckomod:MasterEye","sneckomod:Nope"],"picked":"sneckomod:SerpentIdol","floor":5},{"not_picked":["sneckomod:QuickMove","sneckomod:DefensiveFlair"],"picked":"sneckomod:Unknown1Cost","floor":6},{"not_picked":["sneckomod:DiceBoulder","sneckomod:DiceBlock","sneckomod:SoulDraw"],"picked":"SKIP","floor":8},{"not_picked":["sneckomod:Mudshield","sneckomod:QuickMove","sneckomod:SoulDraw"],"picked":"SKIP","floor":10},{"not_picked":["sneckomod:TrashToTreasure","sneckomod:UnknownCommonAttack"],"picked":"sneckomod:UnknownBlock","floor":11},{"not_picked":["sneckomod:UnknownWeak","sneckomod:QuickMove"],"picked":"sneckomod:Unknown1Cost","floor":13},{"not_picked":["sneckomod:SlitherStrike","sneckomod:SerpentIdol"],"picked":"sneckomod:ImprovisedGuard","floor":15},{"not_picked":["sneckomod:DangerNoodle","sneckomod:Restock"],"picked":"sneckomod:SerpentMind","floor":16},{"not_picked":["sneckomod:UnknownUncommonPower","sneckomod:WideSting"],"picked":"sneckomod:UnknownUncommonAttack+1","floor":19},{"not_picked":["sneckomod:QuickMove","sneckomod:UnknownDraw"],"picked":"sneckomod:UnknownClassBLUE","floor":20},{"not_picked":["sneckomod:SoulDraw","sneckomod:UnknownExhaust"],"picked":"sneckomod:DiceBlock","floor":21},{"not_picked":["sneckomod:IronFang","sneckomod:MasterEye"],"picked":"sneckomod:UnknownCommonAttack","floor":22},{"not_picked":["sneckomod:SoulRoll","sneckomod:UnknownDraw"],"picked":"sneckomod:UnknownVulnerable","floor":23},{"not_picked":["sneckomod:UnknownBlock+1","sneckomod:RainOfDice+1"],"picked":"sneckomod:UnknownRareAttack","floor":25},{"not_picked":["sneckomod:Unknown3Cost","sneckomod:TrashToTreasure+1","sneckomod:UnlimitedRolls"],"picked":"SKIP","floor":29},{"not_picked":["sneckomod:UnknownWeak","sneckomod:UnknownUncommonAttack"],"picked":"sneckomod:DefensiveFlair","floor":31}],"player_experience":1228959,"relics_obtained":[{"floor":13,"key":"Bag of Marbles"},{"floor":24,"key":"Bottled Flame"},{"floor":25,"key":"StrikeDummy"},{"floor":31,"key":"Smiling Mask"}],"event_choices":[{"damage_healed":31,"gold_gain":0,"player_choice":"Heal","damage_taken":0,"max_hp_gain":0,"max_hp_loss":0,"event_name":"The Library","floor":26,"gold_loss":0}],"is_beta":false,"boss_relics":[{"not_picked":["Busted Crown","Calling Bell"],"picked":"Philosopher\u0027s Stone"}],"items_purged_floors":[10,29],"is_endless":false,"potions_floor_spawned":[8,13,15,16,19,22,31],"killed_by":"Shelled Parasite and Fungi","ascension_level":0}}