{"host":"elacvoo1ojii4e8w","time":1613974123,"event":{"mods":["Aspiration","Bard","BaseMod","BetterRewards","Challenge The Spire","Colored Map","Colored Powertips","Conspire","Downfall","Energized Spire","Friendly Minions","GifTheSpireLib","Halation","Highlight Path","Hubris","Infinite Spire","Mad Scientist","Marisa????????","Minty Spire (QoL Compilation)","Quick Restart","RNG Fix","Relic Sorter","Reliquary","Replay The Spire","Spikes Relics","StS++","StSLib","Stuff the Spire","The Blackbeard","The Disciple","The Gatherer","The Jungle","The Marked","The Runesmith","The Servant 0.9.4","The Valiant","Unceasing Turn Reminder"],"gold_per_floor":[113,213,213,213,213,213,213,238,238,269,292,292,292,292,310,322,406,511,561,578,493,493,493],"floor_reached":22,"language":"ENG","playtime":730,"items_purged":[],"score":238,"play_id":"16d957d4-3e23-488b-8fb4-6f18891214cf","local_time":"20210222000843","is_ascension_mode":false,"campfire_choices":[{"data":"conspire:ExplosiveBarrier","floor":9,"key":"SMITH"},{"data":"Perfected Strike","floor":12,"key":"SMITH"}],"circlet_count":0,"master_deck":["Strike_R","Strike_R","Strike_R","Strike_R","Strike_R+1","Defend_R","Defend_R","Defend_R","Defend_R","Bash","Invigoration+1","conspire:ExplosiveBarrier+1","Perfected Strike+1","Blood for Blood","Shrug It Off","Metallicize","Limit Break","Flame Barrier","Clash+1"],"relics":["Burning Blood","hubris:Icosahedron","NeowsBlessing","ReplayTheSpireMod:Ring of Collecting","infinitespire:Satchel","StSpp:TwinEgg","Juzu Bracelet","infinitespire:PuzzleCube","Tiny House","Golden Egg"],"acts_visited":["Exordium","TheCity"],"potions_floor_usage":[18,18,18],"damage_taken":[{"damage":0,"enemies":"Cultist","floor":1,"turns":1},{"damage":0,"enemies":"3 Sentries","floor":8,"turns":2},{"damage":0,"enemies":"Gremlin Nob","floor":10,"turns":1},{"damage":0,"enemies":"Small Slimes","floor":15,"turns":4},{"damage":0,"enemies":"2 Louse","floor":16,"turns":3},{"damage":29,"enemies":"The Guardian","floor":18,"turns":12},{"damage":18,"enemies":"Shell Parasite","floor":20,"turns":12},{"damage":81,"enemies":"Masked Bandits","floor":22,"turns":5}],"seed_played":"-327538507574111356","potions_obtained":[{"floor":7,"key":"Regen Potion"},{"floor":7,"key":"Ancient Potion"},{"floor":7,"key":"Block Potion"},{"floor":19,"key":"Venom Potion"}],"is_trial":false,"path_per_floor":["M","?","PTL","PTL","?","?","?","E","R","E","T","R","?","?","M","M","R_BF","B",null,"M","?","?"],"character_chosen":"IRONCLAD","items_purchased":[],"campfire_rested":0,"item_purchase_floors":[],"current_hp_per_floor":[80,80,80,80,80,80,80,80,80,80,80,80,80,80,80,80,80,66,85,73,73,0,0],"gold":493,"neow_bonus":"THREE_ENEMY_KILL","is_daily":false,"chose_seed":false,"campfire_upgraded":2,"win_rate":0.0,"timestamp":1613974123,"path_taken":["M","?","PTL","PTL","?","?","?","E","R","E","T","R","?","?","M","M","R_BF","BOSS","M","?","?"],"items_purchased_type":[],"build_version":"2020-12-22","purchased_purges":0,"victory":false,"max_hp_per_floor":[80,80,80,80,80,80,80,80,80,80,80,80,80,80,80,80,80,80,85,85,85,85,85],"card_choices":[{"not_picked":["Armaments","StSpp:MuscleMemory"],"picked":"Invigoration","floor":1},{"not_picked":["StuffTheSpire:Incineration","Armaments"],"picked":"conspire:ExplosiveBarrier","floor":8},{"not_picked":["conspire:ExplosiveBarrier","Berserk"],"picked":"Perfected Strike","floor":10},{"not_picked":["Intimidate","Warcry"],"picked":"Blood for Blood","floor":15},{"not_picked":["Bloodletting","Body Slam"],"picked":"Shrug It Off","floor":16},{"not_picked":["ReplayReversal","Perfected Strike"],"picked":"Metallicize","floor":17},{"not_picked":["Berserk","Offering"],"picked":"Limit Break","floor":18},{"not_picked":["Run Through","Replay:Undeath\u0027s Touch"],"picked":"Flame Barrier","floor":19},{"not_picked":["StSpp:Sprint+1","Heavy Blade"],"picked":"Clash+1","floor":20}],"player_experience":75650,"relics_obtained":[{"floor":5,"key":"ReplayTheSpireMod:Ring of Collecting"},{"floor":8,"key":"infinitespire:Satchel"},{"floor":10,"key":"StSpp:TwinEgg"},{"floor":11,"key":"Juzu Bracelet"},{"floor":17,"key":"infinitespire:PuzzleCube"}],"event_choices":[{"damage_healed":0,"gold_gain":100,"player_choice":"Pray","damage_taken":0,"max_hp_gain":0,"max_hp_loss":0,"event_name":"Golden Shrine","floor":2,"gold_loss":0},{"damage_healed":0,"gold_gain":0,"player_choice":"Upgraded","damage_taken":0,"max_hp_gain":0,"max_hp_loss":0,"event_name":"Upgrade Shrine","floor":6,"gold_loss":0,"cards_upgraded":["Invigoration"]},{"damage_healed":0,"gold_gain":0,"player_choice":"Got Potions","damage_taken":0,"max_hp_gain":0,"max_hp_loss":0,"event_name":"Lab","floor":7,"gold_loss":0},{"cards_removed":["Languid"],"damage_healed":0,"gold_gain":0,"player_choice":"Removed Curses","damage_taken":0,"max_hp_gain":0,"max_hp_loss":0,"event_name":"Fountain of Cleansing","floor":14,"gold_loss":0},{"damage_healed":0,"gold_gain":0,"player_choice":"Obtained Relic","damage_taken":0,"relics_obtained":["Golden Egg"],"max_hp_gain":0,"max_hp_loss":0,"event_name":"Addict","floor":21,"gold_loss":85},{"damage_healed":0,"gold_gain":0,"player_choice":"Fought Bandits","damage_taken":0,"max_hp_gain":0,"max_hp_loss":0,"event_name":"Masked Bandits","floor":22,"gold_loss":0}],"is_beta":false,"boss_relics":[{"not_picked":["hubris:TerracottaHorce","halation:ForbiddenBikini"],"picked":"Tiny House"}],"items_purged_floors":[],"is_endless":false,"potions_floor_spawned":[10],"killed_by":"Masked Bandits","ascension_level":0}}