{"host":"epc8efk9vrywpcsw","time":1614011913,"event":{"mods":["BaseMod","Minty Spire (QoL Compilation)","Relic Stats","StSLib"],"gold_per_floor":[109,109,109,120,120,148,148,159,183,195,220,247,270,301,313,397,409,439,451,413,437,460,472,472],"floor_reached":23,"language":"ENG","playtime":850,"items_purged":[],"score":390,"play_id":"a5ca1921-9165-493d-8732-b16081887d2b","local_time":"20210222173833","is_ascension_mode":true,"campfire_choices":[{"floor":7,"key":"REST"},{"data":"Calculated Gamble","floor":10,"key":"SMITH"},{"data":"Neutralize","floor":15,"key":"SMITH"}],"circlet_count":0,"master_deck":["AscendersBane","Strike_G+1","Strike_G+1","Strike_G+1","Strike_G+1","Defend_G+1","Defend_G+1","Defend_G+1","Defend_G+1","Defend_G+1","Survivor","Neutralize+1","Die Die Die","Calculated Gamble+1","Underhanded Strike","Slice","Flying Knee","Underhanded Strike","Slice","Backflip","Dash","Tools of the Trade","CurseOfTheBell","Backstab","Acrobatics","Prepared"],"relics":["Ring of the Snake","Boot","Bag of Preparation","MawBank","Calling Bell","MealTicket","Meat on the Bone","Lizard Tail"],"acts_visited":["Exordium","TheCity"],"potions_floor_usage":[6,14,16,23],"damage_taken":[{"damage":0,"enemies":"Small Slimes","floor":1,"turns":2},{"damage":0,"enemies":"2 Louse","floor":4,"turns":1},{"damage":12,"enemies":"3 Sentries","floor":6,"turns":5},{"damage":0,"enemies":"Jaw Worm","floor":8,"turns":2},{"damage":2,"enemies":"Red Slaver","floor":11,"turns":2},{"damage":0,"enemies":"3 Louse","floor":12,"turns":2},{"damage":3,"enemies":"Looter","floor":13,"turns":3},{"damage":3,"enemies":"Exordium Thugs","floor":14,"turns":3},{"damage":12,"enemies":"The Guardian","floor":16,"turns":15},{"damage":27,"enemies":"Shell Parasite","floor":18,"turns":7},{"damage":21,"enemies":"3 Byrds","floor":21,"turns":5},{"damage":19,"enemies":"Snake Plant","floor":22,"turns":6},{"damage":15,"enemies":"Slavers","floor":23,"turns":4}],"seed_played":"4235634470407569673","potions_obtained":[{"floor":1,"key":"AttackPotion"},{"floor":8,"key":"Energy Potion"},{"floor":12,"key":"CunningPotion"},{"floor":13,"key":"Fire Potion"},{"floor":22,"key":"SkillPotion"}],"is_trial":false,"path_per_floor":["M","?","?","M","?","E","R","M","T","R","M","M","M","M","R","B",null,"M","?","?","M","M","E"],"character_chosen":"THE_SILENT","items_purchased":[],"campfire_rested":1,"item_purchase_floors":[],"current_hp_per_floor":[59,41,23,23,23,11,29,29,29,29,27,27,24,21,21,9,47,32,32,32,23,16,1,1],"gold":472,"neow_bonus":"THREE_RARE_CARDS","is_daily":false,"chose_seed":false,"campfire_upgraded":2,"win_rate":0.0,"timestamp":1614011913,"path_taken":["M","?","?","M","?","E","R","M","T","R","M","?","M","M","R","BOSS","M","?","?","?","M","E"],"items_purchased_type":[],"build_version":"2020-12-22","purchased_purges":0,"victory":false,"max_hp_per_floor":[60,60,60,60,60,60,60,60,60,60,60,60,60,60,60,60,60,60,60,60,60,60,60,60],"relic_stats":{"Lizard Tail":0,"counters":[13,57],"MealTicket":0,"Bag of Preparation":[20],"Boot":[69],"MawBank":168,"obtain_stats":[{"Calling Bell":17,"Lizard Tail":17,"MealTicket":17,"Bag of Preparation":6,"Boot":2,"MawBank":9,"Ring of the Snake":0,"Meat on the Bone":17},{"Calling Bell":9,"Lizard Tail":9,"MealTicket":9,"Bag of Preparation":3,"Boot":1,"MawBank":4,"Ring of the Snake":0,"Meat on the Bone":9},{"Calling Bell":35,"Lizard Tail":35,"MealTicket":35,"Bag of Preparation":8,"Boot":2,"MawBank":10,"Ring of the Snake":0,"Meat on the Bone":35}],"Ring of the Snake":[26],"Meat on the Bone":36},"card_choices":[{"not_picked":["After Image","Grand Finale"],"picked":"Die Die Die","floor":0},{"not_picked":["Deflect","Concentrate"],"picked":"Calculated Gamble","floor":1},{"not_picked":["Prepared","Backflip"],"picked":"Underhanded Strike","floor":4},{"not_picked":["Grand Finale","Footwork"],"picked":"Slice","floor":6},{"not_picked":["PiercingWail","Crippling Poison"],"picked":"Flying Knee","floor":8},{"not_picked":["Escape Plan","Infinite Blades"],"picked":"Underhanded Strike","floor":11},{"not_picked":["Dodge and Roll","Catalyst"],"picked":"Slice","floor":12},{"not_picked":["Masterful Stab","Finisher"],"picked":"Backflip","floor":13},{"not_picked":["Masterful Stab","Well Laid Plans"],"picked":"Dash","floor":14},{"not_picked":["Wraith Form v2","A Thousand Cuts"],"picked":"Tools of the Trade","floor":16},{"not_picked":["Slice","Crippling Poison"],"picked":"Backstab","floor":18},{"not_picked":["Masterful Stab+1","Finisher"],"picked":"Acrobatics","floor":21},{"not_picked":["Flying Knee","Blur"],"picked":"Prepared","floor":22}],"player_experience":537540,"relics_obtained":[{"floor":6,"key":"Bag of Preparation"},{"floor":9,"key":"MawBank"},{"floor":17,"key":"MealTicket"},{"floor":17,"key":"Meat on the Bone"},{"floor":17,"key":"Lizard Tail"}],"event_choices":[{"damage_healed":0,"gold_gain":0,"player_choice":"Success","damage_taken":18,"relics_obtained":["Boot"],"max_hp_gain":0,"max_hp_loss":0,"event_name":"Scrap Ooze","floor":2,"gold_loss":0},{"damage_healed":0,"gold_gain":0,"player_choice":"Entered Light","damage_taken":18,"max_hp_gain":0,"max_hp_loss":0,"event_name":"Shining Light","floor":3,"gold_loss":0,"cards_upgraded":["Defend_G","Strike_G"]},{"cards_removed":["Strike_G"],"damage_healed":0,"gold_gain":0,"player_choice":"Purged","damage_taken":0,"max_hp_gain":0,"max_hp_loss":0,"event_name":"Purifier","floor":5,"gold_loss":0},{"damage_healed":0,"gold_gain":0,"player_choice":"Simplicity","damage_taken":0,"max_hp_gain":0,"max_hp_loss":0,"event_name":"Back to Basics","floor":19,"gold_loss":0,"cards_upgraded":["Strike_G","Strike_G","Strike_G","Defend_G","Defend_G","Defend_G","Defend_G"]},{"damage_healed":0,"gold_gain":0,"player_choice":"Bet on Murderer","damage_taken":0,"max_hp_gain":0,"max_hp_loss":0,"event_name":"The Joust","floor":20,"gold_loss":50}],"is_beta":false,"boss_relics":[{"not_picked":["Coffee Dripper","Tiny House"],"picked":"Calling Bell"}],"items_purged_floors":[],"is_endless":false,"potions_floor_spawned":[1,8,12,13,22],"killed_by":"Slavers","ascension_level":20}}