{"host":"izuk9e9wv4u4y8b4","time":1614032771,"event":{"mods":["A Penny For Your Troubles","Act Like it!","BaseMod","Better Third Choice","Curses Come First","Custom Start","Hallownest","Highlight Path","Minty Spire (QoL Compilation)","Permanent Neow","Quick Restart","Relic Sorter","Relic Stats","Reorder Act Four","Shop Mod","Smile Girya","StSLib"],"gold_per_floor":[117,191,201,212,226,252,252,267,317,247,275,275,286,316,316,416,416,432,200,200,215,215,249,249,268,268,300,67,112,112,126,126,225,225,235,55,66,226,237,237,301,334,334,347,347,357,382,382,52,52,52],"floor_reached":52,"language":"ENG","playtime":3141,"items_purged":["Strike_R","Shame"],"score":879,"play_id":"d003c82d-5c77-496a-aba4-4bfc3d5d7771","local_time":"20210222222611","is_ascension_mode":false,"campfire_choices":[{"data":"Uppercut","floor":7.0,"key":"SMITH"},{"data":"Feed","floor":12.0,"key":"SMITH"},{"floor":15.0,"key":"REST"},{"data":"Whirlwind","floor":24.0,"key":"SMITH"},{"data":"Metallicize","floor":32.0,"key":"SMITH"},{"data":"Fiend Fire","floor":40,"key":"SMITH"},{"data":"Blood for Blood","floor":45,"key":"SMITH"},{"data":"Dual Wield","floor":50,"key":"SMITH"}],"circlet_count":0,"master_deck":["Strike_R","Strike_R","Strike_R","Strike_R","Defend_R","Defend_R","Defend_R","Defend_R","Bash","Uppercut+1","Evolve","Twin Strike","Anger","Feed+1","Flame Barrier","Metallicize+1","Whirlwind+1","Fiend Fire+1","Spot Weakness+1","Fire Breathing","Spot Weakness+1","Blood for Blood+1","Hallownest:curseDreamersLament","Thunderclap+1","Reaper","Disarm+1","Shrug It Off+1","Burn","Burn","Dual Wield+1"],"relics":["SlaversCollar","Centennial Puzzle","PreservedInsect","StrikeDummy","Akabeko","Snecko Eye","Bag of Preparation","WarpedTongs","MawBank","Chemical X","Hallownest:WatcherSealRelic","Busted Crown","Hallownest:StagBellStandRelic","Hallownest:GodTamersBeastRelic","Unceasing Top","Strawberry","Paper Frog","Blood Vial","Pantograph"],"acts_visited":["Hallownest:Greenpath","Hallownest:CityofTears","Hallownest:KingdomsEdge"],"potions_floor_usage":[42,51,51,51],"damage_taken":[{"damage":2.0,"enemies":"2_ Uuma","floor":1.0,"turns":6.0},{"damage":1.0,"enemies":"Hallownest:2_MossCreeps","floor":3.0,"turns":5.0},{"damage":0.0,"enemies":"Hallownest:monsterHuskWarrior","floor":4.0,"turns":4.0},{"damage":24.0,"enemies":"Hallownest:2_Tiktiks_1_Baldur_1_Crawlid","floor":5.0,"turns":8.0},{"damage":3.0,"enemies":"Hallownest:eliteVengeflyKing","floor":6.0,"turns":4.0},{"damage":0.0,"enemies":"Hallownest:monsterAspidMother","floor":8.0,"turns":5.0},{"damage":5.0,"enemies":"Hallownest:eliteCrystalGuardian","floor":11.0,"turns":5.0},{"damage":15.0,"enemies":"Hallownest:MossCreep_and_Mosskin","floor":13.0,"turns":6.0},{"damage":5.0,"enemies":"Hallownest:eliteVengeflyKing","floor":14.0,"turns":6.0},{"damage":11.0,"enemies":"Hallownest:BossFalseKnight","floor":16.0,"turns":6.0},{"damage":0.0,"enemies":"Hallownest:2_Mistakes","floor":18.0,"turns":3.0},{"damage":0.0,"enemies":"Hallownest:2_Mistakes","floor":20.0,"turns":2.0},{"damage":0.0,"enemies":"Hallownest:3_Youths","floor":21.0,"turns":5.0},{"damage":0.0,"enemies":"Hallownest:eliteSoulWarrior","floor":23.0,"turns":1.0},{"damage":0.0,"enemies":"Hallownest:monsterMisterMushroom","floor":25.0,"turns":1.0},{"damage":1.0,"enemies":"Hallownest:Warrior_and_Youth","floor":27.0,"turns":7.0},{"damage":5.0,"enemies":"Hallownest:Glutton_and_Coward","floor":29.0,"turns":6.0},{"damage":0.0,"enemies":"Hallownest:Master_and_Novice","floor":31.0,"turns":1.0},{"damage":12.0,"enemies":"Hallownest:BossSoulMaster","floor":33.0,"turns":6.0},{"damage":15,"enemies":"Hallownest:2_Littles","floor":35,"turns":7},{"damage":10,"enemies":"Hallownest:3_Siblings","floor":37,"turns":3},{"damage":0,"enemies":"Hallownest:3_Siblings","floor":38,"turns":1},{"damage":2,"enemies":"Hallownest:3_Siblings","floor":38,"turns":5},{"damage":1,"enemies":"Hallownest:3_Siblings","floor":38,"turns":1},{"damage":0,"enemies":"Hallownest:3_Siblings","floor":38,"turns":2},{"damage":1,"enemies":"Hallownest:2_Soldiers_and_1_Guardian","floor":39,"turns":2},{"damage":0,"enemies":"Hallownest:2_Primals","floor":41,"turns":1},{"damage":0,"enemies":"Hallownest:StalkingDevout","floor":42,"turns":1},{"damage":15,"enemies":"Hallownest:2_Wing_and_1_Kings","floor":44,"turns":5},{"damage":1,"enemies":"Hallownest:2_Great","floor":46,"turns":1},{"damage":21,"enemies":"Hallownest:eliteHiveKnight","floor":47,"turns":4},{"damage":63,"enemies":"Hallownest:BossHollowKnight","floor":51,"turns":9}],"seed_played":"905610499026896998","potions_obtained":[{"floor":1.0,"key":"AttackPotion"},{"floor":4.0,"key":"Swift Potion"},{"floor":8.0,"key":"Ancient Potion"},{"floor":21.0,"key":"DuplicationPotion"},{"floor":44,"key":"LiquidMemories"}],"is_trial":false,"path_per_floor":["M","?","M","M","M","E","R","M","T","?","E","R","M","E","R","B",null,"M","$","?","M","?","E","R","M","T","M","$","M","?","M","R","B",null,"M","?","M","?","M","R","?","E","T","M","R","M","E","?","$","R","B",null],"character_chosen":"IRONCLAD","items_purchased":["Bag of Preparation","Chemical X","Pantograph","Dual Wield"],"campfire_rested":1,"item_purchase_floors":[19,28,49,49],"current_hp_per_floor":[78,78,77,77,53,50,50,53,53,53,51,51,36,35,62,55,94,98,98,98,102,102,102,102,102,102,105,105,104,104,104,104,92,110,105,105,106,113,112,112,112,119,119,104,104,103,82,82,82,82,46],"gold":52,"neow_bonus":"BOSS_RELIC","is_daily":false,"chose_seed":false,"campfire_upgraded":7,"win_rate":0.0,"timestamp":1614032771,"path_taken":["M","?","M","M","M","E","R","M","T","?","E","R","M","E","R","BOSS","M","$","?","M","?","E","R","M","T","M","$","?","?","M","R","BOSS","M","?","M","?","M","R","?","E","T","M","R","M","E","?","?","R","BOSS"],"items_purchased_type":["Relic","Relic","Relic","Card"],"build_version":"2020-12-22","purchased_purges":2,"victory":true,"max_hp_per_floor":[80,80,80,80,80,80,80,83,83,83,86,86,86,90,90,94,94,98,98,98,102,102,102,102,102,102,106,106,110,110,110,110,110,110,114,114,114,114,114,114,114,121,121,121,121,121,121,121,121,121,121],"relic_stats":{"counters":[32,128],"PreservedInsect":221,"Bag of Preparation":[42],"MawBank":24,"WarpedTongs":[62],"Blood Vial":2,"Centennial Puzzle":[44],"Busted Crown":16,"Pantograph":25,"Snecko Eye":[122,143,139,132],"Chemical X":[17],"obtain_stats":[{"Hallownest:StagBellRelic1":10,"PreservedInsect":9,"Bag of Preparation":19,"MawBank":26,"Hallownest:GodTamersBeastRelic":38,"Burning Blood":0,"Akabeko":14,"WarpedTongs":22,"Hallownest:StagBellStandRelic":36,"Blood Vial":47,"SlaversCollar":0,"Centennial Puzzle":6,"Hallownest:WatcherSealRelic":30,"Busted Crown":34,"Strawberry":42,"Pantograph":49,"Snecko Eye":17,"Chemical X":28,"StrikeDummy":11,"Unceasing Top":41,"Paper Frog":43},{"Hallownest:StagBellRelic1":6,"PreservedInsect":6,"Bag of Preparation":11,"MawBank":15,"Hallownest:GodTamersBeastRelic":25,"Burning Blood":0,"Akabeko":9,"WarpedTongs":13,"Hallownest:StagBellStandRelic":20,"Blood Vial":31,"SlaversCollar":0,"Centennial Puzzle":5,"Hallownest:WatcherSealRelic":17,"Busted Crown":19,"Strawberry":28,"Pantograph":31,"Snecko Eye":10,"Chemical X":16,"StrikeDummy":7,"Unceasing Top":27,"Paper Frog":28},{"Hallownest:StagBellRelic1":32,"PreservedInsect":32,"Bag of Preparation":58,"MawBank":67,"Hallownest:GodTamersBeastRelic":106,"Burning Blood":0,"Akabeko":49,"WarpedTongs":65,"Hallownest:StagBellStandRelic":94,"Blood Vial":119,"SlaversCollar":0,"Centennial Puzzle":27,"Hallownest:WatcherSealRelic":80,"Busted Crown":87,"Strawberry":110,"Pantograph":119,"Snecko Eye":55,"Chemical X":74,"StrikeDummy":37,"Unceasing Top":109,"Paper Frog":110}],"Unceasing Top":[1]},"card_choices":[{"not_picked":["Burning Pact","Reckless Charge"],"picked":"Uppercut","floor":1.0},{"not_picked":["Iron Wave","Headbutt"],"picked":"Evolve","floor":3.0},{"not_picked":["Feel No Pain","Dropkick"],"picked":"Twin Strike","floor":4.0},{"not_picked":["Body Slam","Thunderclap"],"picked":"Anger","floor":5.0},{"not_picked":["Headbutt","Rage"],"picked":"Feed","floor":6.0},{"not_picked":["Havoc","Fire Breathing"],"picked":"Flame Barrier","floor":8.0},{"not_picked":["Entrench","Sentinel","Clash"],"picked":"SKIP","floor":11.0},{"not_picked":["Warcry","Heavy Blade"],"picked":"Metallicize","floor":13.0},{"not_picked":["Warcry","Armaments"],"picked":"Whirlwind","floor":14.0},{"not_picked":["Juggernaut","Exhume"],"picked":"Fiend Fire","floor":16.0},{"not_picked":["Clash","Body Slam"],"picked":"Spot Weakness+1","floor":18.0},{"not_picked":["Body Slam+1","Thunderclap"],"picked":"Fire Breathing","floor":21.0},{"not_picked":["Anger+1","Havoc+1","Flex+1"],"picked":"SKIP","floor":23.0},{"not_picked":["Anger","Clash"],"picked":"Spot Weakness+1","floor":25.0},{"not_picked":["Limit Break","Bloodletting"],"picked":"Blood for Blood","floor":27.0},{"not_picked":["Twin Strike","Spot Weakness+1","Infernal Blade"],"picked":"SKIP","floor":29.0},{"not_picked":["Battle Trance+1","Armaments"],"picked":"Thunderclap+1","floor":31.0},{"not_picked":["Fiend Fire","Berserk"],"picked":"Reaper","floor":33.0},{"not_picked":["Anger+1"],"picked":"SKIP","floor":35},{"not_picked":[],"picked":"Disarm+1","floor":37},{"not_picked":[],"picked":"Shrug It Off+1","floor":39},{"not_picked":["Combust"],"picked":"SKIP","floor":42},{"not_picked":["Perfected Strike"],"picked":"SKIP","floor":44},{"not_picked":["Body Slam"],"picked":"SKIP","floor":46},{"not_picked":["Twin Strike"],"picked":"SKIP","floor":47}],"player_experience":869881,"relics_obtained":[{"floor":6.0,"key":"Centennial Puzzle"},{"floor":9.0,"key":"PreservedInsect"},{"floor":11.0,"key":"StrikeDummy"},{"floor":14.0,"key":"Akabeko"},{"floor":26.0,"key":"MawBank"},{"floor":41,"key":"Unceasing Top"},{"floor":42,"key":"Strawberry"},{"floor":43,"key":"Paper Frog"},{"floor":47,"key":"Blood Vial"}],"event_choices":[],"is_beta":false,"boss_relics":[{"not_picked":["Coffee Dripper","Empty Cage"],"picked":"Snecko Eye"},{"not_picked":["Tiny House","Runic Dome"],"picked":"Busted Crown"}],"items_purged_floors":[19,28],"is_endless":false,"potions_floor_spawned":[1,4,8,13,14,21,25,29,31,37,38,38,44,47],"ascension_level":0}}