{"host":"0r455zfix56tawas","time":1614030290,"event":{"mods":["AlwaysNeverKeys","BaseMod","Colored Powertips","Downfall","Highlight Path","Minty Spire (QoL Compilation)","StSLib","The Necromancer","The Servant 0.9.4"],"gold_per_floor":[99,115,134,147,159,259,259,277,277,310,330,330,330,330,348,443,443,443,20,120,52,52,63,114,129,129,129,129,129,129,154,167,271,271,271,282,332,332,351,369,369,381,381,381,381,414,173,202,216,216],"floor_reached":51,"language":"ENG","playtime":2938,"items_purged":["Bite"],"score":955,"play_id":"eca82b5b-d6f1-4ac4-936f-140b0be65062","local_time":"20210222224450","is_ascension_mode":false,"campfire_choices":[{"data":"Chrysalis","floor":1.0,"key":"SMITH"},{"data":"Negative_Energy_Mist","floor":9.0,"key":"SMITH"},{"data":"Summon_Undead","floor":13.0,"key":"SMITH"},{"data":"Summon_Death_Knight","floor":18.0,"key":"SMITH"},{"data":"Summon_Death_Knight","floor":26.0,"key":"SMITH"},{"data":"Summon_Death_Knight","floor":28.0,"key":"SMITH"},{"data":"Bones_to_Steel","floor":30,"key":"SMITH"},{"data":"Shade_Step","floor":35,"key":"SMITH"},{"data":"Bone_Armory","floor":43,"key":"SMITH"},{"data":"Life_Drain","floor":45,"key":"SMITH"}],"circlet_count":0,"master_deck":["Defend_W","Defend_W","Defend_W","Defend_W","Negative_Energy_Arrows+1","Bone_Wall","Chrysalis+1","Bone_Armory+1","Negative_Energy_Mist+1","Life_Drain+1","Summon_Lich","Summon_Death_Knight+1","Summon_Undead+1","Shade_Step+1","Summon_Death_Knight+1","Summon_Death_Knight+1","Bones_to_Steel+1","Bone_Armor","Bite","Bite","Bite","Negative_Energy_Shield","Negative_Energy_Shield+1","Bone_Armor","Toxic_Smoke_Screen+1","Toxic_Smoke_Screen+1","Bone_Armory+1","Bone_Armory"],"relics":["Vampire_Amulet","Potion Belt","White Beast Statue","SacredBark","Medical Kit","Matryoshka","Dead Branch","Singing Bowl","MutagenicStrength","Tiny Chest","Whetstone","Nunchaku","Bottled Tornado","SlaversCollar","Mango","Blue Candle","Shuriken","Ice Cream","OrangePellets","Pear"],"acts_visited":["Exordium","TheCity","TheBeyond"],"potions_floor_usage":[33,33,33,33,33,39,46,47,48,50,50,50,50],"damage_taken":[{"damage":0.0,"enemies":"Small Slimes","floor":2.0,"turns":5.0},{"damage":3.0,"enemies":"2 Louse","floor":3.0,"turns":5.0},{"damage":10.0,"enemies":"Jaw Worm","floor":4.0,"turns":6.0},{"damage":20.0,"enemies":"2 Fungi Beasts","floor":5.0,"turns":7.0},{"damage":5.0,"enemies":"Exordium Wildlife","floor":8.0,"turns":6.0},{"damage":34.0,"enemies":"Lagavulin","floor":10.0,"turns":7.0},{"damage":5.0,"enemies":"3 Louse","floor":11.0,"turns":4.0},{"damage":8.0,"enemies":"Blue Slaver","floor":15.0,"turns":5.0},{"damage":29.0,"enemies":"IC_STATUS_ARCHETYPE","floor":16.0,"turns":11.0},{"damage":2.0,"enemies":"downfall:FleeingMerchant","floor":19.0,"turns":4.0},{"damage":37.0,"enemies":"WA_ARCHETYPE_RETAIN","floor":20.0,"turns":10.0},{"damage":0.0,"enemies":"downfall:FleeingMerchant","floor":21.0,"turns":4.0},{"damage":9.0,"enemies":"downfall:LooterAlt2","floor":23.0,"turns":6.0},{"damage":5.0,"enemies":"Shell Parasite","floor":25.0,"turns":6.0},{"damage":17,"enemies":"3 Cultists","floor":32,"turns":6},{"damage":9,"enemies":"SI_MIRROR_ARCHETYPE","floor":33,"turns":9},{"damage":13,"enemies":"3 Darklings","floor":36,"turns":8},{"damage":21,"enemies":"3 Darklings","floor":37,"turns":8},{"damage":26,"enemies":"3 Shapes","floor":39,"turns":6},{"damage":22,"enemies":"Spire Growth","floor":40,"turns":9},{"damage":20,"enemies":"Writhing Mass","floor":42,"turns":11},{"damage":58,"enemies":"Reptomancer","floor":46,"turns":9},{"damage":0,"enemies":"downfall:FleeingMerchant","floor":47,"turns":4},{"damage":20,"enemies":"Giant Head","floor":48,"turns":11},{"damage":91,"enemies":"Sphere and 2 Shapes","floor":49,"turns":8},{"damage":0,"enemies":"WA_ARCHETYPE_DIVINITY","floor":50,"turns":10}],"seed_played":"-4205763238385370480","potions_obtained":[{"floor":2.0,"key":"LiquidBronze"},{"floor":3.0,"key":"Strength Potion"},{"floor":11.0,"key":"LiquidMemories"},{"floor":15.0,"key":"Fire Potion"},{"floor":16.0,"key":"SkillPotion"},{"floor":20.0,"key":"Block Potion"},{"floor":21.0,"key":"Block Potion"},{"floor":23.0,"key":"BlessingOfTheForge"},{"floor":25.0,"key":"PowerPotion"},{"floor":29.0,"key":"CultistPotion"},{"floor":33,"key":"SkillPotion"},{"floor":36,"key":"Regen Potion"},{"floor":37,"key":"hexamod:SoulburnPotion"},{"floor":39,"key":"Fire Potion"},{"floor":40,"key":"FairyPotion"},{"floor":42,"key":"Dexterity Potion"},{"floor":46,"key":"Slimebound:ThreeZeroPotion"},{"floor":47,"key":"CultistPotion"},{"floor":48,"key":"CultistPotion"},{"floor":49,"key":"LiquidMemories"}],"is_trial":false,"path_per_floor":["R","M","M","M","M","?","T","M","R","E","M","?","R","?","M","B",null,"R","$","?","$","?","M","T","M","R","?","R","?","R","T","M","B",null,"R","M","?","?","M","M","T","M","R","T","R","E","$","E","M","B",null],"character_chosen":"NECROMANCER","items_purchased":["Medical Kit","Matryoshka","Bone_Armor","OrangePellets"],"campfire_rested":0,"item_purchase_floors":[19,19,21,47],"current_hp_per_floor":[54,58,59,51,35,35,35,46,46,24,25,25,25,25,29,12,75,75,75,62,70,70,73,73,72,72,56,56,56,56,56,56,59,60,60,60,70,70,63,57,57,63,63,63,63,41,49,78,62,88],"gold":216,"neow_bonus":"RANDOM_COLORLESS_2","is_daily":false,"chose_seed":false,"campfire_upgraded":10,"win_rate":0.0,"timestamp":1614030290,"path_taken":["R","M","M","M","M","?","T","M","R","E","M","?","R","?","M","BOSS","R","$","?","?","?","M","T","?","R","?","R","?","R","?","M","BOSS","R","M","?","?","M","?","T","M","R","?","R","E","$","E","M","BOSS"],"items_purchased_type":["Relic","Relic","Card","Relic"],"build_version":"2020-12-22","purchased_purges":1,"victory":true,"max_hp_per_floor":[75,75,75,75,75,75,75,75,75,75,75,75,75,75,75,75,75,75,75,75,77,77,79,79,81,81,56,56,56,56,56,58,60,60,60,60,74,74,74,74,74,74,74,74,74,76,76,88,88,88],"card_choices":[{"not_picked":["HandOfGreed","Metamorphosis"],"picked":"Chrysalis","floor":0.0},{"not_picked":["Shackles_Of_Pain","Blood_Whip"],"picked":"Bone_Armory","floor":2.0},{"not_picked":["Scare","Slay_Living","Death_Coil"],"picked":"SKIP","floor":3.0},{"not_picked":["Negative_Energy_Sphere","Scare"],"picked":"Negative_Energy_Mist","floor":4.0},{"not_picked":["Negative_Energy_Sphere","Negative_Energy_Javelin"],"picked":"Life_Drain","floor":5.0},{"not_picked":["Summon_Undead_Army","Blood_Shield"],"picked":"Summon_Lich","floor":8.0},{"not_picked":["Negative_Energy_Burst","Summon_Undead"],"picked":"Summon_Death_Knight","floor":10.0},{"not_picked":["Finger_Of_Death","Blood_Whip"],"picked":"Summon_Undead","floor":11.0},{"not_picked":["Blood_Is_Power","Negative_Energy_Javelin"],"picked":"Shade_Step","floor":15.0},{"not_picked":["Blood_Magic","Detonate_Bones"],"picked":"Summon_Death_Knight","floor":16.0},{"not_picked":["Life_Tap+1","Blood_Whip"],"picked":"Summon_Death_Knight","floor":19.0},{"not_picked":["Finger_Of_Death","Blood_Whip"],"picked":"Bones_to_Steel","floor":20.0},{"not_picked":["Slay_Living+1","Death_March_Dance","Chill_Blood"],"picked":"Singing Bowl","floor":21.0},{"not_picked":["Spectral_Walk+1","Bones_to_Steel","Negative_Energy_Javelin"],"picked":"Singing Bowl","floor":23.0},{"not_picked":["Chill_Blood","Consume_Illness","Bone_Spikes+1"],"picked":"Singing Bowl","floor":25.0},{"not_picked":["Necrotic_Claws","Blood_Whip","Death_Knell"],"picked":"Singing Bowl","floor":32},{"not_picked":["Requiem","Reap_The_Weak","Detonate_Bones"],"picked":"Singing Bowl","floor":33},{"not_picked":["Negative_Energy_Mist+1","Death_March_Dance+1"],"picked":"Negative_Energy_Shield","floor":36},{"not_picked":["Bones_to_Steel","Consume_Illness+1"],"picked":"Negative_Energy_Shield+1","floor":37},{"not_picked":["Negative_Energy_Shield+1","Thousand_Bone_Knives+1"],"picked":"Bone_Armor","floor":39},{"not_picked":["Consume_Illness","Negative_Energy_Mist+1"],"picked":"Toxic_Smoke_Screen+1","floor":40},{"not_picked":["Negative_Energy_Bomb","Bone_Spikes"],"picked":"Toxic_Smoke_Screen+1","floor":42},{"not_picked":["Finger_Of_Death+1","Negative_Energy_Shield","Negative_Energy_Sphere"],"picked":"Singing Bowl","floor":46},{"not_picked":["Necrotic_Claws","Bone_Bullets+1"],"picked":"Bone_Armory+1","floor":47},{"not_picked":["Epidemic+1","Bone_Shift","Finger_Of_Death"],"picked":"Singing Bowl","floor":48},{"not_picked":["Negative_Energy_Shield+1","Spectral_Armor"],"picked":"Bone_Armory","floor":49}],"player_experience":1003788,"relics_obtained":[{"floor":7.0,"key":"Potion Belt"},{"floor":10.0,"key":"White Beast Statue"},{"floor":20.0,"key":"Dead Branch"},{"floor":20.0,"key":"Singing Bowl"},{"floor":24.0,"key":"Tiny Chest"},{"floor":24.0,"key":"Whetstone"},{"floor":31,"key":"Nunchaku"},{"floor":31,"key":"Bottled Tornado"},{"floor":37,"key":"Mango"},{"floor":41,"key":"Blue Candle"},{"floor":44,"key":"Shuriken"},{"floor":46,"key":"Ice Cream"},{"floor":48,"key":"Pear"}],"event_choices":[{"damage_healed":0.0,"max_hp_gain":0.0,"max_hp_loss":0.0,"gold_gain":0.0,"event_name":"Drug Dealer","player_choice":"Inject Mutagens","floor":22.0,"gold_loss":0.0,"damage_taken":0.0,"relics_obtained":["MutagenicStrength"]},{"damage_healed":0.0,"max_hp_gain":0.0,"max_hp_loss":25.0,"gold_gain":0.0,"event_name":"Vampires","player_choice":"Became a vampire","floor":27.0,"gold_loss":0.0,"damage_taken":0.0,"cards_obtained":["Bite","Bite","Bite","Bite","Bite"]}],"is_beta":false,"boss_relics":[{"not_picked":["bronze:MakeshiftBattery","Runic Pyramid"],"picked":"SacredBark"},{"not_picked":["Runic Dome","Sozu"],"picked":"SlaversCollar"}],"items_purged_floors":[47],"is_endless":false,"potions_floor_spawned":[2,3,11,15,16,19,20,21,23,25,32,33,36,37,39,40,42,46,47,48,49],"ascension_level":0}}