{"host":"zk6vb2npgw3pu6j2","time":1614034266,"event":{"mods":["Act Like it!","Aspiration","Bard","BaseMod","Beaked The Cultist","Bestiary","Better Note","Better Sensory Stone","CapriCore","Conspire","Downfall","Friendly Minions","Gensokyo","GifTheSpireLib","Hermit","Hubris","Koishi","Marisa????????","Marked Mod","Minty Spire (QoL Compilation)","Quarter Circle Forward PUNCH!","Reimu??????","Reliquary","Replay The Spire","Retaliation","Ruina","StSLib","The Administrix","The Alterego","The Blue Laboratory","The Bug Knight","The Construct","The Exalted","The Hierophant","The Immortal","The Marked","The Runesmith","The Senshi","The Servant 0.9.4","The Wild Card","TheVacant","Wandering Minibosses","yUi"],"gold_per_floor":[99,118,131,161,161,161,161,175,190,225,241,260,260,288,303,403,403,303,319,1,13,24,24,72,72,87,99,99,112,12,12,29,29,29,29],"floor_reached":33,"language":"ENG","playtime":2291,"items_purged":[],"score":263,"play_id":"bb26c99d-1e9a-4b33-be0c-3be9157d9fe3","local_time":"20210222175106","is_ascension_mode":false,"campfire_choices":[{"data":"bronze:Goto","floor":1,"key":"SMITH"},{"data":"bronze:Invalidate","floor":6,"key":"SMITH"},{"floor":18,"key":"RECALL"},{"floor":23,"key":"REST"},{"floor":28,"key":"REST"},{"floor":30,"key":"REST"}],"circlet_count":0,"master_deck":["bronze:Strike","bronze:Strike","bronze:Strike","bronze:Defend","bronze:Defend","bronze:Defend","bronze:Replicate","bronze:Goto+1","bronze:Shield","bronze:Fortify","bronze:Invalidate+1","bronze:GetLatest","bronze:Frontload","bronze:CutThrough","bronze:FineTuning","bronze:WhirlingStrike","bronze:ChildClass","bronze:Overheat","bronze:Safeguard","bronze:Format","bronze:Flail","bronze:Invalidate+1","bronze:WildBeam","bronze:OilSpill","bronze:FineTuning","bronze:SpaghettiCode","bronze:OilSpill","bronze:Turbo","bronze:ForceShield+1","bronze:ClassDefault"],"relics":["bronze:BronzeCore","Centennial Puzzle","Replay:Towering Pillar of Hats","Nunchaku","Runesmith:Nanobots","conspire:RoyalGoblet","downfall:HeartBlessingGreen","aspiration:Nostalgia","hexamod:SpiritBrand","downfall:HeartBlessingBlue"],"acts_visited":["Exordium","TheCity"],"potions_floor_usage":[16,16,20,21,33,33],"damage_taken":[{"damage":2,"enemies":"Jaw Worm","floor":2,"turns":4},{"damage":2,"enemies":"conspire:RoseBush","floor":3,"turns":3},{"damage":5,"enemies":"Small Slimes","floor":8,"turns":3},{"damage":5,"enemies":"downfall:LooterAlt","floor":9,"turns":3},{"damage":10,"enemies":"HollowMod:MossKnight","floor":10,"turns":8},{"damage":5,"enemies":"Exordium Thugs","floor":11,"turns":4},{"damage":3,"enemies":"2 Fungi Beasts","floor":12,"turns":3},{"damage":18,"enemies":"Gremlin Nob","floor":14,"turns":4},{"damage":0,"enemies":"Red Slaver","floor":15,"turns":1},{"damage":19,"enemies":"DF_ARCHETYPE_STREAMLINE","floor":16,"turns":8},{"damage":0,"enemies":"conspire:FuzzyDice","floor":19,"turns":6},{"damage":0,"enemies":"downfall:FleeingMerchant","floor":20,"turns":4},{"damage":21,"enemies":"Snake Plant","floor":21,"turns":3},{"damage":17,"enemies":"Shelled Parasite and Fungi","floor":22,"turns":3},{"damage":28,"enemies":"Centurion and Healer","floor":26,"turns":7},{"damage":0,"enemies":"Cultist and Chosen","floor":27,"turns":4},{"damage":11,"enemies":"conspire:HollyBat","floor":29,"turns":8},{"damage":0,"enemies":"Centurion and Healer","floor":32,"turns":2},{"damage":78,"enemies":"SI_MIRROR_ARCHETYPE","floor":33,"turns":12}],"seed_played":"-4174338296130977911","potions_obtained":[{"floor":3,"key":"blueLaboratory:BottledHope"},{"floor":8,"key":"blueLaboratory:BubblePotion"},{"floor":11,"key":"DistilledChaos"},{"floor":16,"key":"blueLaboratory:EmptyBottle"},{"floor":19,"key":"LifebloodPotion"},{"floor":22,"key":"blueLaboratory:BottleOfVodka"},{"floor":26,"key":"Guardian:BlockOnCardUsePotion"}],"is_trial":false,"path_per_floor":["R","M","M","?","?","R","T","M","M","E","M","M","?","E","M","B",null,"R","M","$","M","M","R","T","?","M","M","R","M","R","?","M","B"],"character_chosen":"THE_AUTOMATON","items_purchased":["aspiration:Nostalgia","bronze:WildBeam"],"campfire_rested":3,"item_purchase_floors":[20,20],"current_hp_per_floor":[70,68,66,66,66,66,66,61,56,46,41,38,38,20,20,1,70,70,70,70,49,32,53,53,53,25,25,46,35,69,69,69,0,0,0],"gold":29,"neow_bonus":"THREE_CARDS","is_daily":false,"chose_seed":false,"campfire_upgraded":2,"win_rate":0.0,"timestamp":1614034266,"path_taken":["R","M","M","?","?","R","T","M","M","E","M","M","?","E","M","BOSS","R","M","$","M","M","R","T","?","M","M","R","M","R","?","M","BOSS"],"items_purchased_type":["Relic","Card"],"build_version":"2020-12-22","purchased_purges":0,"victory":false,"max_hp_per_floor":[70,70,70,70,70,70,70,70,70,70,70,70,70,70,70,70,70,70,70,70,70,70,70,70,70,70,70,70,70,80,80,80,80,80,80],"card_choices":[{"not_picked":["bronze:DarkDash","bronze:DelayedSlice"],"picked":"bronze:Shield","floor":0},{"not_picked":["bronze:BitShift","bronze:DigitalCarnage"],"picked":"bronze:Fortify","floor":2},{"not_picked":["bronze:DelayedSlice","bronze:OilSpill"],"picked":"bronze:Invalidate","floor":3},{"not_picked":["bronze:Branch","bronze:Iterate"],"picked":"bronze:GetLatest","floor":8},{"not_picked":["bronze:Overheat","bronze:Branch"],"picked":"bronze:Frontload","floor":9},{"not_picked":["bronze:Backtrace","bronze:DigitalCarnage"],"picked":"bronze:CutThrough","floor":10},{"not_picked":["bronze:DigitalCarnage","bronze:Overload"],"picked":"bronze:FineTuning","floor":11},{"not_picked":["bronze:Deprecate","bronze:CutThrough"],"picked":"bronze:WhirlingStrike","floor":12},{"not_picked":["bronze:BitShift","bronze:Boost"],"picked":"bronze:Overheat","floor":14},{"not_picked":["bronze:Overload","bronze:Iterate"],"picked":"bronze:Safeguard","floor":15},{"not_picked":["bronze:Assembly","bronze:Virus"],"picked":"bronze:Format","floor":16},{"not_picked":["bronze:Boost","bronze:ChildClass"],"picked":"bronze:Flail","floor":19},{"not_picked":["bronze:DigitalCarnage","bronze:BitShift"],"picked":"bronze:Invalidate+1","floor":20},{"not_picked":["bronze:Fortify","bronze:CutThrough"],"picked":"bronze:OilSpill","floor":21},{"not_picked":["bronze:Invalidate","bronze:Deprecate"],"picked":"bronze:FineTuning","floor":22},{"not_picked":["bronze:CutThrough","bronze:Overheat+1"],"picked":"bronze:OilSpill","floor":26},{"not_picked":["bronze:OilSpill","bronze:BitShift+1"],"picked":"bronze:Turbo","floor":27},{"not_picked":["bronze:Overload","bronze:Return"],"picked":"bronze:ForceShield+1","floor":29},{"not_picked":["bronze:DelayedSlice","bronze:WhirlingStrike"],"picked":"bronze:ClassDefault","floor":32}],"player_experience":312194,"relics_obtained":[{"floor":7,"key":"Nunchaku"},{"floor":10,"key":"Runesmith:Nanobots"},{"floor":14,"key":"Bromod:ArcaneMomentum"}],"event_choices":[],"is_beta":false,"boss_relics":[{"not_picked":["qcfpunch:Crimson_Sash","hubris:Backtick"],"picked":"conspire:RoyalGoblet"}],"items_purged_floors":[],"is_endless":false,"potions_floor_spawned":[3,8,11,15,16,19,22,26],"killed_by":"SI_MIRROR_ARCHETYPE","ascension_level":0}}