{"host":"sav7uxregyirlf69","time":1614018974,"event":{"mods":["AchievementEnabler","BaseMod","Colored Map","DeckTracker","Keyboard Shortcuts","Minty Spire (QoL Compilation)","READ ME - Guardian Mod","StSLib","SuperFastMode"],"gold_per_floor":[12,24,24,44,56,56,88,107,134,134,167,92,92,112,112,205,205,223,223,42,92,92,92,7,40,40,40,40,40],"floor_reached":28,"language":"KOR","playtime":424,"items_purged":["Defend_G","Strike_G"],"score":538,"play_id":"c8e69f76-1d11-492b-be0d-e6dd4ba46e27","local_time":"20210223033614","is_ascension_mode":true,"campfire_choices":[{"data":"Dagger Spray","floor":6.0,"key":"SMITH"},{"data":"Catalyst","floor":15.0,"key":"SMITH"},{"data":"Bouncing Flask","floor":23,"key":"SMITH"}],"circlet_count":0,"master_deck":["AscendersBane","Strike_G+1","Strike_G+1","Defend_G","Defend_G","Defend_G","Survivor","Neutralize","Glass Knife+1","Bouncing Flask+1","Dagger Spray+1","Blade Dance","Catalyst+1","Burst","Footwork","Masterful Stab","Night Terror"],"relics":["Ring of the Snake","Juzu Bracelet","Orichalcum","Lantern","Bloody Idol","Black Star","Anchor","Torii","Whetstone","Potion Belt"],"acts_visited":["Exordium","TheCity"],"potions_floor_usage":[25,25,28],"damage_taken":[{"damage":0.0,"enemies":"2 Louse","floor":1.0,"turns":2.0},{"damage":1.0,"enemies":"Small Slimes","floor":2.0,"turns":3.0},{"damage":0.0,"enemies":"Cultist","floor":4.0,"turns":3.0},{"damage":10.0,"enemies":"3 Louse","floor":5.0,"turns":2.0},{"damage":17.0,"enemies":"3 Sentries","floor":7.0,"turns":7.0},{"damage":12.0,"enemies":"Large Slime","floor":8.0,"turns":5.0},{"damage":0.0,"enemies":"Gremlin Nob","floor":11.0,"turns":3.0},{"damage":0.0,"enemies":"Lots of Slimes","floor":14.0,"turns":2.0},{"damage":10.0,"enemies":"Hexaghost","floor":16.0,"turns":7.0},{"damage":9.0,"enemies":"Spheric Guardian","floor":18.0,"turns":4.0},{"damage":9,"enemies":"Book of Stabbing","floor":25,"turns":4},{"damage":35,"enemies":"Gremlin Leader","floor":28,"turns":9}],"seed_played":"281358846692307017","potions_obtained":[{"floor":4.0,"key":"Fire Potion"},{"floor":5.0,"key":"Block Potion"},{"floor":14.0,"key":"EntropicBrew"}],"is_trial":false,"path_per_floor":["M","M","?","M","M","R","E","M","T","?","E","$","?","M","R","B",null,"M","?","$","?","?","R","?","E","T","?","E"],"character_chosen":"THE_SILENT","items_purchased":["Footwork"],"campfire_rested":0,"item_purchase_floors":[20],"current_hp_per_floor":[59,58,58,58,48,48,31,19,19,19,19,19,19,19,19,9,47,38,38,38,37,37,37,37,33,33,33,0,0],"gold":40,"neow_bonus":"THREE_RARE_CARDS","is_daily":false,"chose_seed":false,"campfire_upgraded":3,"win_rate":0.0,"timestamp":1614018974,"path_taken":["M","M","?","M","M","R","E","M","T","?","E","$","?","M","R","BOSS","M","?","$","?","?","R","?","E","T","?","E"],"items_purchased_type":["Card"],"build_version":"2020-12-22","purchased_purges":2,"victory":false,"max_hp_per_floor":[66,66,66,66,66,66,66,66,66,66,66,66,60,60,60,60,60,60,60,60,60,60,60,60,60,60,60,60,60],"card_choices":[{"not_picked":["Malaise","Envenom"],"picked":"Glass Knife","floor":0.0},{"not_picked":["Flying Knee","Blade Dance"],"picked":"Bouncing Flask","floor":1.0},{"not_picked":["Caltrops","Sucker Punch","Cloak And Dagger"],"picked":"SKIP","floor":2.0},{"not_picked":["Crippling Poison","Cloak And Dagger"],"picked":"Dagger Spray","floor":4.0},{"not_picked":["Prepared","Acrobatics","Poisoned Stab"],"picked":"SKIP","floor":5.0},{"not_picked":["Eviscerate","Night Terror","Dash"],"picked":"SKIP","floor":7.0},{"not_picked":["Quick Slash","Flying Knee"],"picked":"Blade Dance","floor":8.0},{"not_picked":["Dodge and Roll","Dagger Spray","Calculated Gamble"],"picked":"SKIP","floor":11.0},{"not_picked":["Escape Plan","Distraction"],"picked":"Catalyst","floor":14.0},{"not_picked":["Adrenaline","Wraith Form v2"],"picked":"Burst","floor":16.0},{"not_picked":["Infinite Blades","Underhanded Strike","Sucker Punch+1"],"picked":"SKIP","floor":18.0},{"not_picked":["Underhanded Strike+1","Bane","Deadly Poison"],"picked":"SKIP","floor":25}],"player_experience":1656770,"relics_obtained":[{"floor":7.0,"key":"Juzu Bracelet"},{"floor":9.0,"key":"Orichalcum"},{"floor":11.0,"key":"Lantern"},{"floor":25,"key":"Torii"},{"floor":25,"key":"Whetstone"},{"floor":26,"key":"Potion Belt"}],"event_choices":[{"damage_healed":0.0,"max_hp_gain":0.0,"max_hp_loss":0.0,"gold_gain":0.0,"event_name":"Living Wall","player_choice":"Grow","floor":3.0,"gold_loss":0.0,"damage_taken":0.0,"cards_upgraded":["Glass Knife"]},{"cards_removed":["Strike_G"],"damage_healed":0.0,"max_hp_gain":0.0,"max_hp_loss":0.0,"gold_gain":0.0,"event_name":"Purifier","player_choice":"Purged","floor":10.0,"gold_loss":0.0,"damage_taken":0.0},{"damage_healed":0.0,"max_hp_gain":0.0,"max_hp_loss":6.0,"gold_gain":0.0,"event_name":"Golden Idol","player_choice":"Lose Max HP","floor":13.0,"gold_loss":0.0,"damage_taken":0.0,"relics_obtained":["Golden Idol"]},{"damage_healed":0.0,"max_hp_gain":0.0,"max_hp_loss":0.0,"gold_gain":0.0,"event_name":"Forgotten Altar","player_choice":"Gave Idol","floor":19.0,"relics_lost":["Golden Idol"],"gold_loss":0.0,"damage_taken":0.0,"relics_obtained":["Bloody Idol"]},{"damage_healed":0,"gold_gain":50,"player_choice":"Touch","damage_taken":6,"max_hp_gain":0,"max_hp_loss":0,"event_name":"FaceTrader","floor":21,"gold_loss":0},{"damage_healed":0,"gold_gain":0,"player_choice":"Ignored","damage_taken":0,"max_hp_gain":0,"max_hp_loss":0,"event_name":"Cursed Tome","floor":22,"gold_loss":0},{"damage_healed":0,"gold_gain":0,"player_choice":"Obtained Relic","damage_taken":0,"relics_obtained":["Anchor"],"max_hp_gain":0,"max_hp_loss":0,"event_name":"Addict","floor":24,"gold_loss":85},{"damage_healed":0,"gold_gain":0,"cards_transformed":["Strike_G","Defend_G"],"player_choice":"Became Test Subject","damage_taken":0,"max_hp_gain":0,"max_hp_loss":0,"event_name":"Drug Dealer","floor":27,"gold_loss":0,"cards_obtained":["Masterful Stab","Night Terror"]}],"is_beta":false,"boss_relics":[{"not_picked":["Calling Bell","WristBlade"],"picked":"Black Star"}],"items_purged_floors":[12,20],"is_endless":false,"potions_floor_spawned":[4,5,8,14,16],"killed_by":"Gremlin Leader","ascension_level":20}}