{"host":"l790j1oe6pn5fhrm","time":1614028513,"event":{"mods":["AchievementEnabler","BaseMod","Colored Map","Colored Powertips","Downfall","GifTheSpireLib","Highlight Path","Minty Spire (QoL Compilation)","Rare Cards Sparkle","StSLib"],"gold_per_floor":[114,114,79,93,93,93,109,109,109,124,159,171,183,210,222,339,351,381,393,405,435,459,471,517,542,581,603,615,546,595,606,606,606,606],"floor_reached":33,"language":"ENG","playtime":994,"items_purged":[],"score":267,"play_id":"f08163b6-fe61-45d7-80ee-bf06f5baf1c6","local_time":"20210222221513","is_ascension_mode":false,"campfire_choices":[{"data":"Rainbow","floor":6,"key":"SMITH"},{"data":"Electrodynamics","floor":15,"key":"SMITH"},{"data":"Static Discharge","floor":23,"key":"SMITH"},{"data":"Tempest","floor":28,"key":"SMITH"},{"data":"Loop","floor":32,"key":"SMITH"}],"circlet_count":0,"master_deck":["Strike_B","Strike_B","Strike_B","Strike_B","Defend_B","Defend_B+1","Defend_B","Zap","Dualcast","Rainbow+1","Genetic Algorithm+1","Static Discharge+1","Electrodynamics+1","Tempest+1","Amplify","Undo+1","Necronomicurse","Rainbow+1","Self Repair+1","Tempest+1","Loop+1"],"relics":["Cracked Core","Guardian:GemstoneGun","MawBank","MealTicket","Sozu","Necronomicon","Juzu Bracelet","Nunchaku","Potion Belt"],"acts_visited":["Exordium","TheCity"],"potions_floor_usage":[33],"damage_taken":[{"damage":4,"enemies":"2 Louse","floor":1,"turns":3},{"damage":0,"enemies":"Small Slimes","floor":4,"turns":3},{"damage":0,"enemies":"Cultist","floor":7,"turns":3},{"damage":0,"enemies":"Exordium Wildlife","floor":10,"turns":2},{"damage":7,"enemies":"3 Sentries","floor":11,"turns":2},{"damage":10,"enemies":"Blue Slaver","floor":14,"turns":2},{"damage":32,"enemies":"Hexaghost","floor":16,"turns":8},{"damage":5,"enemies":"Chosen","floor":18,"turns":4},{"damage":0,"enemies":"2 Thieves","floor":21,"turns":1},{"damage":5,"enemies":"Snake Plant","floor":22,"turns":3},{"damage":5,"enemies":"Slavers","floor":24,"turns":3},{"damage":7,"enemies":"Centurion and Healer","floor":25,"turns":5},{"damage":10,"enemies":"Chosen and Byrds","floor":27,"turns":3},{"damage":14,"enemies":"Snake Plant","floor":31,"turns":2},{"damage":69,"enemies":"Champ","floor":33,"turns":9}],"seed_played":"-1019564970726736146","potions_obtained":[{"floor":4,"key":"BlessingOfTheForge"},{"floor":10,"key":"SteroidPotion"},{"floor":14,"key":"champ:CounterPotion"}],"is_trial":false,"path_per_floor":["M","?","?","M","?","R","M","?","T","M","E","T","$","M","R","B",null,"M","?","?","M","M","R","E","M","T","M","R","$","T","M","R","B"],"character_chosen":"DEFECT","items_purchased":["Loop"],"campfire_rested":0,"item_purchase_floors":[29],"current_hp_per_floor":[64,50,67,67,67,67,67,72,72,72,65,65,73,63,63,31,73,68,52,52,52,47,47,52,55,55,55,55,70,70,66,66,0,0],"gold":606,"neow_bonus":"THREE_RARE_CARDS","is_daily":false,"chose_seed":false,"campfire_upgraded":5,"win_rate":0.0,"timestamp":1614028513,"path_taken":["M","?","?","M","?","R","?","?","T","M","E","?","$","M","R","BOSS","M","?","?","?","M","R","E","M","T","M","R","$","?","M","R","BOSS"],"items_purchased_type":["Card"],"build_version":"2020-12-22","purchased_purges":0,"victory":false,"max_hp_per_floor":[68,68,68,68,68,68,68,73,73,73,73,73,73,73,73,73,73,73,73,73,73,73,73,73,73,73,73,73,73,73,73,73,73,73],"card_choices":[{"not_picked":["Fission","Machine Learning"],"picked":"Rainbow","floor":0},{"not_picked":["Beam Cell","Go for the Eyes"],"picked":"Genetic Algorithm","floor":1},{"not_picked":["Go for the Eyes","Coolheaded","Turbo"],"picked":"SKIP","floor":4},{"not_picked":["Undo","Lockon"],"picked":"Electrodynamics","floor":7},{"not_picked":["Gash","Auto Shields","Go for the Eyes"],"picked":"SKIP","floor":10},{"not_picked":["Steam","Leap","Rebound"],"picked":"SKIP","floor":11},{"not_picked":["Lockon","Leap"],"picked":"Tempest","floor":14},{"not_picked":["Core Surge","Creative AI"],"picked":"Amplify","floor":16},{"not_picked":["Darkness+1","Conserve Battery"],"picked":"Undo+1","floor":18},{"not_picked":["Turbo","Go for the Eyes+1","Rebound"],"picked":"SKIP","floor":21},{"not_picked":["Loop","Barrage"],"picked":"Self Repair+1","floor":22},{"not_picked":["Steam","Undo"],"picked":"Tempest+1","floor":24},{"not_picked":["Fission","Ball Lightning","Streamline"],"picked":"SKIP","floor":25},{"not_picked":["Stack","Gash","Coolheaded+1"],"picked":"SKIP","floor":27},{"not_picked":["Self Repair","BootSequence","Steam Power+1"],"picked":"SKIP","floor":31}],"player_experience":1260015,"relics_obtained":[{"floor":9,"key":"Guardian:GemstoneGun"},{"floor":11,"key":"MawBank"},{"floor":12,"key":"MealTicket"},{"floor":19,"key":"Necronomicon"},{"floor":24,"key":"Juzu Bracelet"},{"floor":26,"key":"Nunchaku"},{"floor":30,"key":"Potion Belt"}],"event_choices":[{"damage_healed":0,"gold_gain":0,"player_choice":"Entered Light","damage_taken":14,"max_hp_gain":0,"max_hp_loss":0,"event_name":"Shining Light","floor":2,"gold_loss":0,"cards_upgraded":["Defend_B","Genetic Algorithm"]},{"damage_healed":17,"gold_gain":0,"player_choice":"Healed","damage_taken":0,"max_hp_gain":0,"max_hp_loss":0,"event_name":"The Cleric","floor":3,"gold_loss":35},{"damage_healed":0,"gold_gain":0,"cards_transformed":["Defend_B"],"player_choice":"Transformed","damage_taken":0,"max_hp_gain":0,"max_hp_loss":0,"event_name":"Transmorgrifier","floor":5,"gold_loss":0,"cards_obtained":["Static Discharge"]},{"damage_healed":0,"gold_gain":0,"player_choice":"Donut","damage_taken":0,"max_hp_gain":5,"max_hp_loss":0,"event_name":"Big Fish","floor":8,"gold_loss":0},{"damage_healed":0,"gold_gain":0,"player_choice":"Obtained Book","damage_taken":16,"max_hp_gain":0,"max_hp_loss":0,"event_name":"Cursed Tome","floor":19,"gold_loss":0},{"damage_healed":0,"gold_gain":0,"player_choice":"Copied","damage_taken":0,"max_hp_gain":0,"max_hp_loss":0,"event_name":"Duplicator","floor":20,"gold_loss":0,"cards_obtained":["Rainbow"]}],"is_beta":false,"boss_relics":[{"not_picked":["Runic Pyramid","Busted Crown"],"picked":"Sozu"}],"items_purged_floors":[],"is_endless":false,"potions_floor_spawned":[4,10,14,18,22],"killed_by":"Champ","ascension_level":0}}