{"host":"luxqpzmfgmumo25y","time":1614030527,"event":{"mods":["BaseMod","Colored Map","Colored Powertips","DeckTracker","Downfall","Googly Eyes","Minty Spire (QoL Compilation)","StSLib"],"gold_per_floor":[99,118,132,132,42,342,342,359,359,378,396,396,396,410,425,523,523,523,537,537,557,557,557,557,171,171,31,44,44,144,78,95,191,191,191,201,215,124,136,181,232,232,244,278,178,178,191,191,203,203],"floor_reached":51,"language":"ENG","playtime":3526,"items_purged":["bronze:Goto","downfall:Haunted","bronze:GetLatest","bronze:WildBeam"],"score":769,"play_id":"3271cf48-3208-42f8-a5a5-11f7a408796d","local_time":"20210222224847","is_ascension_mode":false,"campfire_choices":[{"data":"bronze:Replicate","floor":1,"key":"SMITH"},{"data":"downfall:Icky","floor":9,"key":"PURGE"},{"floor":13,"key":"REST"},{"data":"bronze:Strike","floor":18,"key":"PURGE"},{"data":"bronze:Strike","floor":23,"key":"PURGE"},{"floor":29,"key":"REST"},{"data":"bronze:Break","floor":35,"key":"PURGE"},{"data":"downfall:Malfunctioning","floor":42,"key":"PURGE"},{"floor":45,"key":"REST"}],"circlet_count":0,"master_deck":["bronze:Replicate+1","bronze:ChildClass","bronze:DelayedSlice","downfall:Icky","bronze:Virus","bronze:DarkDash","bronze:DelayedSlice","bronze:DelayedGuard+1","bronze:RecursiveStrike","bronze:WhirlingStrike","bronze:Format","bronze:Optimize","bronze:FineTuning+1","bronze:Shell+1","bronze:BuggyMess+1","bronze:DelayedGuard+1","downfall:Icky","Writhe","downfall:Haunted","Parasite","bronze:Repair+1"],"relics":["bronze:BronzeCore","Peace Pipe","Gremlin Horn","downfall:ExtraCursedKey","Busted Crown","Toxic Egg 2","War Paint","Unceasing Top","Letter Opener","Pandora\u0027s Box","Vajra","Bag of Preparation","bronze:SilverBullet","Pen Nib","Nunchaku","downfall:HeartBlessingGreen","downfall:TeleportStone"],"acts_visited":["Exordium","TheCity","TheBeyond"],"potions_floor_usage":[16,16,19,33,33,50,50],"damage_taken":[{"damage":5,"enemies":"Small Slimes","floor":2,"turns":4},{"damage":4,"enemies":"Jaw Worm","floor":3,"turns":4},{"damage":0,"enemies":"downfall:FleeingMerchant","floor":5,"turns":4},{"damage":3,"enemies":"2 Louse","floor":8,"turns":2},{"damage":5,"enemies":"downfall:LooterAlt","floor":10,"turns":3},{"damage":11,"enemies":"3 Louse","floor":11,"turns":2},{"damage":0,"enemies":"2 Fungi Beasts","floor":14,"turns":2},{"damage":11,"enemies":"Large Slime","floor":15,"turns":5},{"damage":8,"enemies":"SI_SHIV_ARCHETYPE","floor":16,"turns":8},{"damage":17,"enemies":"downfall:LooterAlt2","floor":19,"turns":3},{"damage":0,"enemies":"3 Byrds","floor":21,"turns":3},{"damage":6,"enemies":"downfall:FleeingMerchant","floor":25,"turns":4},{"damage":7,"enemies":"downfall:FleeingMerchant","floor":27,"turns":4},{"damage":19,"enemies":"Snake Plant","floor":28,"turns":5},{"damage":0,"enemies":"DF_ARCHETYPE_STREAMLINE","floor":30,"turns":7},{"damage":7,"enemies":"downfall:FleeingMerchant","floor":31,"turns":4},{"damage":6,"enemies":"Sentry and Sphere","floor":32,"turns":5},{"damage":5,"enemies":"IC_MUSHROOM_ARCHETYPE","floor":33,"turns":5},{"damage":18,"enemies":"Orb Walker","floor":36,"turns":3},{"damage":14,"enemies":"3 Darklings","floor":37,"turns":4},{"damage":0,"enemies":"downfall:FleeingMerchant","floor":38,"turns":1},{"damage":0,"enemies":"Spire Growth","floor":39,"turns":3},{"damage":6,"enemies":"Writhing Mass","floor":43,"turns":5},{"damage":7,"enemies":"Giant Head","floor":44,"turns":8},{"damage":0,"enemies":"4 Shapes","floor":47,"turns":1},{"damage":1,"enemies":"Maw","floor":49,"turns":6},{"damage":58,"enemies":"DF_ARCHETYPE_ORBS","floor":50,"turns":14}],"seed_played":"-2932502567194471729","potions_obtained":[{"floor":8,"key":"hexamod:SoulburnPotion"},{"floor":11,"key":"champ:CounterPotion"},{"floor":14,"key":"Weak Potion"},{"floor":28,"key":"FairyPotion"},{"floor":30,"key":"LiquidBronze"},{"floor":33,"key":"FearPotion"},{"floor":37,"key":"bronze:FreeFunctionsPotion"}],"is_trial":false,"path_per_floor":["R","M","M","?","$","?","T","M","R","M","M","?","R","M","M","B",null,"R","M","?","M","?","R","T","$","?","$","M","R","?","$","M","B",null,"R","M","M","$","M","?","T","R","M","E","R","?","M","?","M","B",null],"character_chosen":"THE_AUTOMATON","items_purchased":["War Paint","bronze:Optimize","bronze:FineTuning+1","hexamod:SoulburnPotion","Vajra","Bag of Preparation"],"campfire_rested":3,"item_purchase_floors":[25,25,25,31,38,38],"current_hp_per_floor":[77,72,68,56,56,56,56,53,53,48,37,37,60,60,49,41,77,77,60,60,60,60,60,60,54,54,47,28,51,51,44,38,33,77,77,59,45,45,45,45,45,45,39,32,55,55,55,55,64,16],"gold":203,"neow_bonus":"TEN_PERCENT_HP_BONUS","is_daily":false,"chose_seed":false,"campfire_upgraded":1,"win_rate":0.0,"timestamp":1614030527,"path_taken":["R","M","M","?","$","?","T","M","R","M","M","?","R","?","M","BOSS","R","M","?","M","?","R","T","?","?","?","M","R","?","$","M","BOSS","R","M","M","$","M","?","T","R","M","E","R","?","M","?","M","BOSS"],"items_purchased_type":["Relic","Card","Card","Potion","Relic","Relic"],"build_version":"2020-12-22","purchased_purges":4,"victory":true,"max_hp_per_floor":[77,77,77,77,77,77,77,77,77,77,77,77,77,77,77,77,77,77,77,77,77,77,77,77,77,77,77,77,77,77,77,77,77,77,77,77,77,77,77,77,77,77,77,77,77,77,77,77,77,77],"card_choices":[{"not_picked":["bronze:Branch","bronze:BugBarrage"],"picked":"bronze:ChildClass","floor":2},{"not_picked":["bronze:Invalidate","bronze:Iterate","bronze:Frontload"],"picked":"SKIP","floor":3},{"not_picked":["bronze:Deprecate","bronze:ForLoop"],"picked":"bronze:DelayedSlice","floor":5},{"not_picked":["bronze:WildBeam","bronze:BuggyMess"],"picked":"bronze:Virus","floor":8},{"not_picked":["bronze:Philosophize","bronze:CutThrough","bronze:BitShift"],"picked":"SKIP","floor":10},{"not_picked":["bronze:NullPointer","bronze:Branch"],"picked":"bronze:DarkDash","floor":11},{"not_picked":["bronze:Invalidate","bronze:Deprecate"],"picked":"bronze:DelayedSlice","floor":14},{"not_picked":["bronze:Turbo","bronze:OilSpill"],"picked":"bronze:DelayedGuard","floor":15},{"not_picked":["bronze:BurnOut","bronze:ThunderWave"],"picked":"bronze:RecursiveStrike","floor":16},{"not_picked":[],"picked":"bronze:WhirlingStrike","floor":19},{"not_picked":["bronze:NullPointer"],"picked":"SKIP","floor":21},{"not_picked":["bronze:BronzeOrb"],"picked":"SKIP","floor":25},{"not_picked":["bronze:Frontload+1"],"picked":"SKIP","floor":27},{"not_picked":[],"picked":"bronze:Shell+1","floor":28},{"not_picked":["bronze:ForLoop+1"],"picked":"SKIP","floor":31},{"not_picked":["bronze:ClassDefault"],"picked":"SKIP","floor":32},{"not_picked":["bronze:Deprecate+1"],"picked":"SKIP","floor":36},{"not_picked":["bronze:CloningBeam"],"picked":"SKIP","floor":37},{"not_picked":[],"picked":"bronze:Flail+1","floor":38},{"not_picked":["bronze:DelayedGuard+1"],"picked":"SKIP","floor":39},{"not_picked":["bronze:Flail"],"picked":"SKIP","floor":43},{"not_picked":["bronze:DigitalCarnage"],"picked":"SKIP","floor":44},{"not_picked":[],"picked":"bronze:Repair+1","floor":47},{"not_picked":["bronze:Shield+1"],"picked":"SKIP","floor":49}],"player_experience":220551,"relics_obtained":[{"floor":7,"key":"Gremlin Horn"},{"floor":24,"key":"Toxic Egg 2"},{"floor":30,"key":"Unceasing Top"},{"floor":30,"key":"Letter Opener"},{"floor":40,"key":"bronze:SilverBullet"},{"floor":41,"key":"Pen Nib"},{"floor":44,"key":"Nunchaku"}],"event_choices":[{"damage_healed":0,"gold_gain":0,"player_choice":"Success","damage_taken":12,"relics_obtained":["Peace Pipe"],"max_hp_gain":0,"max_hp_loss":0,"event_name":"Scrap Ooze","floor":4,"gold_loss":0},{"damage_healed":0,"gold_gain":0,"cards_transformed":["bronze:Strike","bronze:Strike"],"player_choice":"Became Test Subject","damage_taken":0,"max_hp_gain":0,"max_hp_loss":0,"event_name":"Drug Dealer","floor":20,"gold_loss":0,"cards_obtained":["bronze:GetLatest","bronze:Format"]},{"damage_healed":0,"gold_gain":0,"player_choice":"Ignored","damage_taken":0,"max_hp_gain":0,"max_hp_loss":0,"event_name":"Vampires","floor":22,"gold_loss":0},{"cards_removed":["bronze:Flail"],"damage_healed":0,"gold_gain":0,"player_choice":"Removed Attack","damage_taken":0,"max_hp_gain":0,"max_hp_loss":0,"event_name":"Falling","floor":46,"gold_loss":0}],"is_beta":false,"boss_relics":[{"not_picked":["Velvet Choker","Sozu"],"picked":"Busted Crown"},{"not_picked":["Runic Pyramid","Calling Bell"],"picked":"Pandora\u0027s Box"}],"items_purged_floors":[5,25,27,38],"is_endless":false,"potions_floor_spawned":[8,11,14,15,28,30,32,33,37,43,44,47],"ascension_level":0}}