{"host":"etc34k4ck9qyv0fa","time":1614004903,"event":{"mods":["AchievementEnabler","BaseMod","Colored Map","Colored Powertips","Marisa????????","Minty Spire (QoL Compilation)","Reimu??????","Replay The Spire","StSLib","The Animator","The Servant 0.9.4"],"gold_per_floor":[117,136,61,74,74,74,125,125,125,125,125,138,138,138,138,237,237,251,251,251,295,306,306,343,382,382,397,415,415,415,430,430,430,430],"floor_reached":33,"language":"ENG","playtime":1102,"items_purged":[],"score":486,"play_id":"0bbde1b7-e055-435b-aef5-a74cfbff8ded","local_time":"20210222154143","is_ascension_mode":true,"campfire_choices":[{"data":"WitchOfGreed","floor":6.0,"key":"SMITH"},{"floor":8.0,"key":"REST"},{"data":"MeteoricShower","floor":10.0,"key":"SMITH"},{"data":"WitchLeyline","floor":15.0,"key":"SMITH"},{"floor":23.0,"key":"REST"},{"floor":30.0,"key":"REST"}],"circlet_count":0,"master_deck":["AscendersBane","Defend_MRS","Defend_MRS","Defend_MRS","MasterSpark","UpSweep+1","WitchOfGreed+1","MeteoricShower+1","WitchLeyline+1","BinaryStars+1","WitchLeyline+1","BigCrunch+1","DeepEcoloBomb+1","ShootTheMoon+1","SuperPerseids+1","EscapeVelocity+1","OortCloud+1"],"relics":["MiniHakkero","NeowsBlessing","ReplayTheSpireMod:Ring of Exchange","ReplayTheSpireMod:Ring of Addiction","Toy Ornithopter","Akabeko","Golden Egg","Astrolabe","Nloth\u0027s Gift","Blood Vial"],"acts_visited":["Exordium","TheCity"],"potions_floor_usage":[33],"damage_taken":[{"damage":0.0,"enemies":"Cultist","floor":1.0,"turns":1.0},{"damage":0.0,"enemies":"Jaw Worm","floor":2.0,"turns":1.0},{"damage":0.0,"enemies":"2 Louse","floor":4.0,"turns":1.0},{"damage":35.0,"enemies":"3 Sentries","floor":7.0,"turns":8.0},{"damage":0.0,"enemies":"2 Fungi Beasts","floor":12.0,"turns":1.0},{"damage":33.0,"enemies":"Slime Boss","floor":16.0,"turns":6.0},{"damage":10.0,"enemies":"Shell Parasite","floor":18.0,"turns":2.0},{"damage":0.0,"enemies":"2 Thieves","floor":21.0,"turns":1.0},{"damage":16.0,"enemies":"Snake Plant","floor":22.0,"turns":2.0},{"damage":19.0,"enemies":"Centurion and Healer","floor":24.0,"turns":3.0},{"damage":2.0,"enemies":"Cultist and Chosen","floor":25.0,"turns":4.0},{"damage":24.0,"enemies":"Shelled Parasite and Fungi","floor":27.0,"turns":3.0},{"damage":5.0,"enemies":"Sentry and Sphere","floor":28.0,"turns":4.0},{"damage":13.0,"enemies":"Cultist and Chosen","floor":31.0,"turns":4.0},{"damage":68,"enemies":"Automaton","floor":33,"turns":6}],"seed_played":"-5161917760125248395","potions_obtained":[{"floor":1.0,"key":"ColorlessPotion"},{"floor":4.0,"key":"Languid Potion"},{"floor":5.0,"key":"Strength Potion"},{"floor":5.0,"key":"Adrenaline Potion"},{"floor":7.0,"key":"SpeedPotion"},{"floor":7.0,"key":"Elixir"},{"floor":12.0,"key":"Reflective Coating"},{"floor":16.0,"key":"Fire Potion"},{"floor":18.0,"key":"AttackPotion"},{"floor":24.0,"key":"Energy Potion"},{"floor":24.0,"key":"Dexterity Potion"},{"floor":25.0,"key":"SkillPotion"},{"floor":28.0,"key":"Doom Potion"}],"is_trial":false,"path_per_floor":["M","M","?","M","?","R","E","R","T","R","?","M","?","?","R","B",null,"M","?","?","M","M","R","M","M","T","M","M","?","R","M","R_BF","B"],"character_chosen":"MARISA","items_purchased":[],"campfire_rested":3,"item_purchase_floors":[],"current_hp_per_floor":[63,63,63,63,63,63,35,56,56,56,56,56,56,56,56,23,54,44,27,27,32,16,36,22,20,20,3,5,5,25,14,33,0,0],"gold":430,"neow_bonus":"THREE_ENEMY_KILL","is_daily":false,"chose_seed":false,"campfire_upgraded":3,"win_rate":0.0,"timestamp":1614004903,"path_taken":["M","?","?","M","?","R","E","R","T","R","?","?","?","?","R","BOSS","M","?","?","M","M","R","M","?","T","?","M","?","R","?","R_BF","BOSS"],"items_purchased_type":[],"build_version":"2020-12-22","purchased_purges":0,"victory":false,"max_hp_per_floor":[70,70,70,70,70,70,70,70,70,70,68,68,68,66,66,66,64,64,69,67,67,67,67,67,67,67,67,67,67,67,67,65,65,65],"card_choices":[{"not_picked":["EnergyFlow","EnergyRecoil"],"picked":"WitchOfGreed","floor":1.0},{"not_picked":["LuminesStrike","6A","NonDirectionalLaser"],"picked":"SKIP","floor":2.0},{"not_picked":["MilkyWay","DC"],"picked":"MeteoricShower","floor":4.0},{"not_picked":["Acceleration","Singularity"],"picked":"WitchLeyline","floor":7.0},{"not_picked":["ChargingUp","LuminesStrike","PowerUp"],"picked":"SKIP","floor":12.0},{"not_picked":["UltimateShortwave","BigCrunch"],"picked":"BinaryStars","floor":16.0},{"not_picked":["UnstableBomb","SporeBomb","Acceleration"],"picked":"SKIP","floor":18.0},{"not_picked":["WitchOfGreed","SprinkleStarSeal+1"],"picked":"ShootTheMoon+1","floor":21.0},{"not_picked":["6A","Occultation","PropBag"],"picked":"SKIP","floor":22.0},{"not_picked":["DoubleSpark","MachineGunSpark","IllusionStar"],"picked":"SKIP","floor":24.0},{"not_picked":["EnergyRecoil","PowerUp"],"picked":"SuperPerseids","floor":25.0},{"not_picked":["LuminesStrike","EnergyRecoil"],"picked":"EscapeVelocity","floor":27.0},{"not_picked":["ChargeUpSpray","PropBag","UnstableBomb"],"picked":"SKIP","floor":28.0},{"not_picked":["JA","ShootingEcho"],"picked":"OortCloud","floor":31.0}],"player_experience":507544,"relics_obtained":[{"floor":5.0,"key":"ReplayTheSpireMod:Ring of Exchange"},{"floor":5.0,"key":"ReplayTheSpireMod:Ring of Addiction"},{"floor":5.0,"key":"Toy Ornithopter"},{"floor":5.0,"key":"White Beast Statue"},{"floor":7.0,"key":"Akabeko"},{"floor":9.0,"key":"Golden Egg"},{"floor":26.0,"key":"Blood Vial"}],"event_choices":[{"cards_removed":["Strike_MRS"],"damage_healed":0.0,"max_hp_gain":0.0,"max_hp_loss":0.0,"gold_gain":0.0,"event_name":"The Cleric","player_choice":"Card Removal","floor":3.0,"gold_loss":75.0,"damage_taken":0.0},{"cards_removed":["Voices"],"damage_healed":0.0,"max_hp_gain":0.0,"max_hp_loss":0.0,"gold_gain":0.0,"event_name":"Fountain of Cleansing","player_choice":"Removed Curses","floor":11.0,"gold_loss":0.0,"damage_taken":0.0},{"cards_removed":["Strike_MRS"],"damage_healed":0.0,"max_hp_gain":0.0,"max_hp_loss":0.0,"gold_gain":0.0,"event_name":"Bonfire Elementals","player_choice":"Offered Basic","floor":14.0,"gold_loss":0.0,"damage_taken":0.0},{"damage_healed":0.0,"max_hp_gain":5.0,"max_hp_loss":0.0,"gold_gain":0.0,"event_name":"Forgotten Altar","player_choice":"Shed Blood","floor":19.0,"gold_loss":0.0,"damage_taken":22.0},{"damage_healed":0.0,"max_hp_gain":0.0,"max_hp_loss":0.0,"gold_gain":0.0,"event_name":"N\u0027loth","player_choice":"Traded Relic","floor":20.0,"relics_lost":["White Beast Statue"],"gold_loss":0.0,"damage_taken":0.0,"relics_obtained":["Nloth\u0027s Gift"]},{"damage_healed":0.0,"max_hp_gain":0.0,"max_hp_loss":0.0,"gold_gain":0.0,"event_name":"Accursed Blacksmith","player_choice":"Forge","floor":29.0,"gold_loss":0.0,"damage_taken":0.0,"cards_upgraded":["SuperPerseids"]}],"is_beta":false,"boss_relics":[{"not_picked":["Frozen Eye","HandDrill"],"picked":"Astrolabe"}],"items_purged_floors":[],"is_endless":false,"potions_floor_spawned":[1,4,7,12,16,18,24,25,28],"killed_by":"Automaton","ascension_level":19}}