{"host":"94qggqh0xz0sp6ai","time":1614029758,"event":{"mods":["100% Spire Juice","Abigail Mod","Act Like it!","BaseMod","CapriCore","Downfall","Friendly Minions","Gensokyo","Hermit","Jorbs\u0027s Wanderer Trilogy","Koishi","Marisa（霧雨　魔理沙）","Minty Spire (QoL Compilation)","Permanent Neow","Reimu（博??梦）","Reliquary","Ruina","StSLib","The Alterego","The Construct","The Cursed","The Hierophant","The Immortal","The Marked","The Mystic","The Senshi","The Servant 0.9.4","TheBandit","Waifu the Spire"],"gold_per_floor":[17,17,17,17,31,31,63,83,83,83,114,125,144,158,158,235,235,250,262,95,108,128,128,178,178,201,201,201,30,50,70,70,145,145,163,163,163],"floor_reached":36,"language":"ENG","playtime":1647,"items_purged":[],"score":831,"play_id":"bd0c3bd8-cb23-494b-9723-a4bb76f0a751","local_time":"20210222153558","is_ascension_mode":true,"campfire_choices":[{"data":"BestPractice","floor":6,"key":"SMITH"},{"data":"Gouge","floor":10,"key":"SMITH"},{"data":"SoulSculpture","floor":15,"key":"SMITH"},{"floor":23,"key":"REST"},{"data":"Foresight","floor":25,"key":"SMITH"},{"data":"TheWorld","floor":27,"key":"SMITH"},{"data":"MurderousAura","floor":32,"key":"SMITH"}],"circlet_count":0,"master_deck":["AscendersBane","Strike_S+1","Defend_S+1","Defend_S+1","Defend_S+1","Defend_S+1","KidneyShot","Exchange","Gouge+1","WasteNot","Unruled","Contraction","BestPractice+1","Unruled","StarChef","BottledTime","Ricochet","TheWorld+1","Foresight+1","Comet","SoulSculpture+1","Dilation","TheWorld+1","SpecialFormula+1","Advance+1","FastForward","Sabotage","Desolation","MurderousAura+1","SurpressingFire","Unruled+1","FlawlessForm"],"relics":["Uniform","Du-Vu Doll","Meat on the Bone","reliquary:SharkskinSheath","reliquary:JackalopeAntler","reliquary:Firecrackers","Astrolabe","Medical Kit","reliquary:SilkGlove","reliquary:Bookmark","MysterySword"],"acts_visited":["Exordium","TheCity","TheBeyond"],"potions_floor_usage":[1,14,21,33,33],"damage_taken":[{"damage":0,"enemies":"Cultist","floor":1,"turns":4},{"damage":2,"enemies":"Jaw Worm","floor":5,"turns":5},{"damage":26,"enemies":"Gremlin Nob","floor":7,"turns":4},{"damage":3,"enemies":"2 Louse","floor":8,"turns":4},{"damage":17,"enemies":"Lagavulin","floor":11,"turns":6},{"damage":14,"enemies":"Red Slaver","floor":12,"turns":5},{"damage":20,"enemies":"Large Slime","floor":13,"turns":5},{"damage":8,"enemies":"Exordium Wildlife","floor":14,"turns":2},{"damage":27,"enemies":"The Guardian","floor":16,"turns":9},{"damage":17,"enemies":"Chosen","floor":18,"turns":5},{"damage":5,"enemies":"3 Byrds","floor":19,"turns":6},{"damage":43,"enemies":"Cultist and Chosen","floor":21,"turns":8},{"damage":21,"enemies":"Snake Plant","floor":22,"turns":3},{"damage":2,"enemies":"Shelled Parasite and Fungi","floor":30,"turns":3},{"damage":0,"enemies":"Centurion and Healer","floor":31,"turns":7},{"damage":0,"enemies":"Champ","floor":33,"turns":13},{"damage":0,"enemies":"Orb Walker","floor":35,"turns":2},{"damage":65,"enemies":"3 Shapes","floor":36,"turns":3}],"seed_played":"2724633991240373919","potions_obtained":[{"floor":1,"key":"Fruit Juice"},{"floor":7,"key":"SkillPotion"},{"floor":8,"key":"MagicPotion:ReiMu"},{"floor":16,"key":"Guardian:BlockOnCardUsePotion"},{"floor":30,"key":"AttackPotion"},{"floor":33,"key":"hexamod:SoulburnPotion"}],"is_trial":false,"path_per_floor":["M","?","?","?","M","R","E","M","T","R","E","M","M","M","R","B",null,"M","M","$","M","M","R","?","R","T","R","?","$","M","M","R","B",null,"M","M"],"character_chosen":"THE_SERVANT","items_purchased":["Medical Kit","reliquary:Bookmark"],"campfire_rested":1,"item_purchase_floors":[20,29],"current_hp_per_floor":[59,59,59,59,57,57,43,40,40,40,35,33,25,29,29,14,52,43,46,46,23,14,33,33,33,33,33,33,33,39,47,47,55,63,65,0,0],"gold":163,"neow_bonus":"ONE_RARE_RELIC","is_daily":false,"chose_seed":false,"campfire_upgraded":6,"win_rate":0.0,"timestamp":1614029758,"path_taken":["M","?","?","?","M","R","E","M","T","R","E","?","M","M","R","BOSS","M","M","$","M","M","R","?","R","T","R","?","?","M","?","R","BOSS","M","?"],"items_purchased_type":["Relic","Relic"],"build_version":"2020-12-22","purchased_purges":0,"victory":false,"max_hp_per_floor":[65,65,65,65,65,65,65,65,65,65,65,65,65,65,65,65,65,65,65,65,65,65,65,65,65,65,65,65,65,65,65,65,65,65,65,65,65],"card_choices":[{"not_picked":["Orbit","TimeWarp"],"picked":"Gouge","floor":1},{"not_picked":["Rewind","Starlight"],"picked":"StarChef","floor":5},{"not_picked":["Defy","Collapse"],"picked":"BottledTime","floor":7},{"not_picked":["DoubleEdge","Snipe"],"picked":"Ricochet","floor":8},{"not_picked":["StarChef","FanOfKnives"],"picked":"TheWorld","floor":11},{"not_picked":["TimeWarp","WasteNot"],"picked":"Foresight","floor":12},{"not_picked":["MoonPhase","Alleviate"],"picked":"Comet","floor":13},{"not_picked":["Defy","Alleviate"],"picked":"SoulSculpture","floor":14},{"not_picked":["FloweringNight","Duplication"],"picked":"Dilation","floor":16},{"not_picked":["Gouge","SurpressingFire"],"picked":"FastForward","floor":18},{"not_picked":["RealityMarble","Revamp"],"picked":"Sabotage","floor":19},{"not_picked":["Moonlight","Rewind"],"picked":"Desolation","floor":21},{"not_picked":["Alleviate","Starlight"],"picked":"MurderousAura","floor":22},{"not_picked":["Manipulate","BottledTime"],"picked":"SurpressingFire","floor":30},{"not_picked":["Hightail","Desolation"],"picked":"Unruled+1","floor":31},{"not_picked":["TheWorld","Solidify"],"picked":"FlawlessForm","floor":33},{"not_picked":["Ricochet","Revamp","RealityMarble+1"],"picked":"SKIP","floor":35}],"player_experience":1541124,"relics_obtained":[{"floor":7,"key":"reliquary:SharkskinSheath"},{"floor":9,"key":"reliquary:JackalopeAntler"},{"floor":11,"key":"reliquary:Firecrackers"},{"floor":26,"key":"reliquary:SilkGlove"}],"event_choices":[{"damage_healed":0,"gold_gain":0,"player_choice":"Box","damage_taken":0,"relics_obtained":["Meat on the Bone"],"max_hp_gain":0,"max_hp_loss":0,"event_name":"Big Fish","floor":3,"gold_loss":0,"cards_obtained":["Regret"]},{"cards_removed":["Regret"],"damage_healed":0,"gold_gain":0,"player_choice":"Removed Curses","damage_taken":0,"max_hp_gain":0,"max_hp_loss":0,"event_name":"Fountain of Cleansing","floor":4,"gold_loss":0},{"damage_healed":0,"gold_gain":50,"player_choice":"Stole From Cult","damage_taken":0,"max_hp_gain":0,"max_hp_loss":0,"event_name":"Nest","floor":24,"gold_loss":0},{"damage_healed":0,"gold_gain":0,"player_choice":"Simplicity","damage_taken":0,"max_hp_gain":0,"max_hp_loss":0,"event_name":"Back to Basics","floor":28,"gold_loss":0,"cards_upgraded":["Strike_S","Defend_S","Defend_S","Defend_S","Defend_S"]}],"is_beta":false,"boss_relics":[{"not_picked":["reliquary:WritOfMandamus","Snecko Eye"],"picked":"Astrolabe"},{"not_picked":["Philosopher\u0027s Stone","SacredBark"],"picked":"MysterySword"}],"items_purged_floors":[],"is_endless":false,"potions_floor_spawned":[1,7,8,16,18,30,31,33],"killed_by":"3 Shapes","ascension_level":19}}