{"host":"jngeqill3bw7azzz","time":1614024229,"event":{"mods":["BaseMod","Highlight Path","Minty Spire (QoL Compilation)","Permanent Neow","Relic Stats"],"gold_per_floor":[114,39,56,68,68,97,97,122,122,157,174,74,108,122,122,200,200,216,38,218,228,247,247,247,247],"floor_reached":24,"language":"ENG","playtime":1398,"items_purged":["Pain","Strike_R"],"score":452,"play_id":"a41bdd17-cf80-4b07-a706-7286a7318666","local_time":"20210222150349","is_ascension_mode":true,"campfire_choices":[{"data":"Barricade","floor":7,"key":"SMITH"},{"data":"Metamorphosis","floor":15,"key":"SMITH"},{"floor":23,"key":"REST"}],"circlet_count":0,"master_deck":["AscendersBane","Strike_R","Strike_R","Strike_R","Strike_R","Defend_R","Defend_R+1","Defend_R+1","Defend_R","Bash","Metamorphosis+1","Uppercut","Inflame","Pommel Strike","Barricade+1","Evolve","Fiend Fire","True Grit","Impervious","Power Through","Intimidate","Shrug It Off"],"relics":["Burning Blood","WarpedTongs","Strawberry","Self Forming Clay","War Paint","Singing Bowl","Bag of Marbles","Philosopher\u0027s Stone"],"acts_visited":["Exordium","TheCity"],"potions_floor_usage":[8,11,13,18],"damage_taken":[{"damage":14,"enemies":"Small Slimes","floor":1,"turns":3},{"damage":2,"enemies":"Cultist","floor":3,"turns":2},{"damage":0,"enemies":"2 Louse","floor":4,"turns":4},{"damage":14,"enemies":"Lagavulin","floor":6,"turns":5},{"damage":11,"enemies":"Gremlin Nob","floor":8,"turns":3},{"damage":14,"enemies":"3 Sentries","floor":10,"turns":5},{"damage":11,"enemies":"Gremlin Gang","floor":11,"turns":4},{"damage":31,"enemies":"Gremlin Nob","floor":13,"turns":4},{"damage":1,"enemies":"Blue Slaver","floor":14,"turns":4},{"damage":26,"enemies":"The Guardian","floor":16,"turns":17},{"damage":12,"enemies":"2 Thieves","floor":18,"turns":4},{"damage":24,"enemies":"3 Byrds","floor":21,"turns":5},{"damage":17,"enemies":"Cultist and Chosen","floor":22,"turns":8},{"damage":0,"enemies":"Masked Bandits","floor":24,"turns":2}],"seed_played":"5779472715064985433","potions_obtained":[{"floor":3,"key":"LiquidMemories"},{"floor":6,"key":"GamblersBrew"},{"floor":8,"key":"GamblersBrew"},{"floor":14,"key":"Explosive Potion"},{"floor":21,"key":"Energy Potion"}],"is_trial":false,"path_per_floor":["M","?","M","M","?","E","R","E","T","E","M","$","E","M","R","B",null,"M","$","?","M","M","R","?"],"character_chosen":"IRONCLAD","items_purchased":["True Grit","Power Through"],"campfire_rested":1,"item_purchase_floors":[12,19],"current_hp_per_floor":[60,60,64,70,70,69,69,64,64,58,53,53,30,37,37,17,70,66,66,41,23,12,39,39,39],"gold":247,"neow_bonus":"RANDOM_COLORLESS_2","is_daily":false,"chose_seed":false,"campfire_upgraded":2,"win_rate":0.0,"timestamp":1614024229,"path_taken":["M","?","M","M","?","E","R","E","T","E","M","$","E","?","R","BOSS","M","$","?","M","?","R","?"],"items_purchased_type":["Card","Card"],"build_version":"2020-12-22","purchased_purges":2,"victory":false,"max_hp_per_floor":[75,75,75,75,75,82,82,82,82,84,84,84,86,88,88,88,88,90,90,90,90,90,90,90,90],"relic_stats":{"Singing Bowl":8,"counters":[14,69],"Self Forming Clay":[87],"War Paint":["Defend_R","Defend_R"],"obtain_stats":[{"Singing Bowl":10,"Self Forming Clay":8,"Strawberry":6,"Philosopher\u0027s Stone":17,"Bag of Marbles":13,"War Paint":9,"Burning Blood":0,"WarpedTongs":5},{"Singing Bowl":6,"Self Forming Clay":5,"Strawberry":4,"Philosopher\u0027s Stone":10,"Bag of Marbles":8,"War Paint":5,"Burning Blood":0,"WarpedTongs":3},{"Singing Bowl":22,"Self Forming Clay":17,"Strawberry":14,"Philosopher\u0027s Stone":51,"Bag of Marbles":30,"War Paint":17,"Burning Blood":0,"WarpedTongs":9}],"Burning Blood":78,"WarpedTongs":[59]},"card_choices":[{"not_picked":["Panache","Chrysalis"],"picked":"Metamorphosis","floor":0},{"not_picked":["Wild Strike","Shrug It Off"],"picked":"Uppercut","floor":1},{"not_picked":["Wild Strike","Pommel Strike"],"picked":"Inflame","floor":3},{"not_picked":["Body Slam","Twin Strike"],"picked":"Pommel Strike","floor":4},{"not_picked":["Dual Wield","Twin Strike"],"picked":"Barricade","floor":6},{"not_picked":["Cleave","Warcry"],"picked":"Evolve","floor":8},{"not_picked":["Heavy Blade","Warcry","Cleave"],"picked":"Singing Bowl","floor":10},{"not_picked":["Sever Soul","True Grit"],"picked":"Fiend Fire","floor":11},{"not_picked":["Cleave","Clash","Flex"],"picked":"Singing Bowl","floor":13},{"not_picked":["Thunderclap","Anger","Carnage"],"picked":"Singing Bowl","floor":14},{"not_picked":["Brutality","Bludgeon"],"picked":"Impervious","floor":16},{"not_picked":["Sword Boomerang","Thunderclap","Cleave"],"picked":"Singing Bowl","floor":18},{"not_picked":["Dropkick","Flex"],"picked":"Intimidate","floor":21},{"not_picked":["Sentinel","Rupture"],"picked":"Shrug It Off","floor":22}],"player_experience":2680524,"relics_obtained":[{"floor":6,"key":"Strawberry"},{"floor":8,"key":"Self Forming Clay"},{"floor":9,"key":"War Paint"},{"floor":10,"key":"Singing Bowl"},{"floor":13,"key":"Bag of Marbles"}],"event_choices":[{"cards_removed":["Shame"],"damage_healed":0,"gold_gain":0,"player_choice":"Card Removal","damage_taken":0,"max_hp_gain":0,"max_hp_loss":0,"event_name":"The Cleric","floor":2,"gold_loss":75},{"damage_healed":0,"gold_gain":0,"player_choice":"Rummage","damage_taken":0,"relics_obtained":["WarpedTongs"],"max_hp_gain":0,"max_hp_loss":0,"event_name":"Accursed Blacksmith","floor":5,"gold_loss":0,"cards_obtained":["Pain"]},{"damage_healed":0,"gold_gain":180,"player_choice":"POTION GOLD GOLD ","damage_taken":25,"max_hp_gain":0,"max_hp_loss":0,"event_name":"Knowing Skull","floor":20,"potions_obtained":["Strength Potion"],"gold_loss":0,"cards_obtained":[]},{"damage_healed":0,"gold_gain":0,"player_choice":"Fought Bandits","damage_taken":0,"max_hp_gain":0,"max_hp_loss":0,"event_name":"Masked Bandits","floor":24,"gold_loss":0}],"is_beta":false,"boss_relics":[{"not_picked":["Ectoplasm","Busted Crown"],"picked":"Philosopher\u0027s Stone"}],"items_purged_floors":[12,19],"is_endless":false,"potions_floor_spawned":[3,6,8,14,21],"killed_by":"Masked Bandits","ascension_level":20}}