{"host":"0ucmu30xnqs1j0i5","time":1614003471,"event":{"mods":["AchievementEnabler","BaseMod","Colored Map","Colored Powertips","Minty Spire (QoL Compilation)","Quick Restart"],"gold_per_floor":[115,133,6911,6931,6931,6931,6961,6961,6961,6915,6925,6925,6074,6094,6094,6199,6199,6214,5694,5712,5040,5052,5052,5052,5065,5065,5077,5077,5090,5090,4658,4658,4758,4758,4771,4782,4798,4299,4299,4299,3922,3935,3935,3476,3476,3486,3486,3496,3496,3496],"floor_reached":51,"language":"ZHS","playtime":11485,"items_purged":["Defend_P","Defend_P","Strike_P","Strike_P","Strike_P","Strike_P","EmptyFist","Vigilance"],"score":814,"play_id":"6d8600af-8444-4f7e-a28e-cfbf6f2ba85b","local_time":"20210222221751","is_ascension_mode":false,"campfire_choices":[{"data":"Eruption","floor":6.0,"key":"SMITH"},{"data":"Vault","floor":8.0,"key":"SMITH"},{"data":"Adaptation","floor":15.0,"key":"SMITH"},{"data":"Apotheosis","floor":23,"key":"SMITH"},{"data":"Crescendo","floor":28,"key":"SMITH"},{"data":"Omniscience","floor":30,"key":"SMITH"},{"data":"Scrawl","floor":32,"key":"SMITH"},{"floor":40,"key":"RECALL"},{"data":"Adaptation","floor":45,"key":"SMITH"},{"data":"DevaForm","floor":49,"key":"SMITH"}],"circlet_count":0,"master_deck":["Eruption+1","ClearTheMind","Halt","Vault+1","CutThroughFate","EmptyBody","ClearTheMind","TalkToTheHand","Omniscience+1","EmptyMind","LikeWater","Wallop","Adaptation+1","DevaForm+1","Prostrate","Wallop","Apotheosis+1","Prostrate","Scrawl+1","Prostrate","Study","Crescendo+1","DeusExMachina","LikeWater","Devotion","Halt+1","Indignation","Adaptation+1"],"relics":["PureWater","InkBottle","Ginger","Medical Kit","Odd Mushroom","Pantograph","Blood Vial","WingedGreaves","Orrery","Empty Cage","Membership Card","FossilizedHelix","Bag of Marbles","Gremlin Horn","Mummified Hand","DollysMirror","FaceOfCleric","Gambling Chip","Matryoshka","Dream Catcher","Strange Spoon","Coffee Dripper","Toolbox","Ice Cream","Letter Opener","Frozen Eye","Centennial Puzzle","Bag of Preparation","Omamori","Pear","Mango","Melange","Boot"],"acts_visited":["Exordium","TheCity","TheBeyond"],"potions_floor_usage":[21,22,37,39,46,50,50,50,50],"damage_taken":[{"damage":9.0,"enemies":"Small Slimes","floor":1.0,"turns":4.0},{"damage":0.0,"enemies":"2 Louse","floor":2.0,"turns":3.0},{"damage":0.0,"enemies":"Jaw Worm","floor":4.0,"turns":4.0},{"damage":18.0,"enemies":"The Mushroom Lair","floor":7.0,"turns":4.0},{"damage":0.0,"enemies":"2 Fungi Beasts","floor":11.0,"turns":2.0},{"damage":0.0,"enemies":"Lots of Slimes","floor":14.0,"turns":4.0},{"damage":8.0,"enemies":"Slime Boss","floor":16.0,"turns":11.0},{"damage":15.0,"enemies":"3 Byrds","floor":18.0,"turns":5.0},{"damage":20.0,"enemies":"2 Thieves","floor":20.0,"turns":4.0},{"damage":0,"enemies":"Snake Plant","floor":22,"turns":4},{"damage":0,"enemies":"Centurion and Healer","floor":25,"turns":3},{"damage":0,"enemies":"Chosen and Byrds","floor":27,"turns":4},{"damage":0,"enemies":"Shelled Parasite and Fungi","floor":29,"turns":2},{"damage":0,"enemies":"Champ","floor":33,"turns":7},{"damage":0,"enemies":"3 Darklings","floor":35,"turns":3},{"damage":0,"enemies":"Orb Walker","floor":36,"turns":3},{"damage":0,"enemies":"Sphere and 2 Shapes","floor":37,"turns":3},{"damage":0,"enemies":"Writhing Mass","floor":42,"turns":3},{"damage":0,"enemies":"Transient","floor":46,"turns":6},{"damage":0,"enemies":"Maw","floor":48,"turns":4},{"damage":0,"enemies":"Awakened One","floor":50,"turns":5}],"seed_played":"-7630729747226854583","potions_obtained":[{"floor":2.0,"key":"FearPotion"},{"floor":16.0,"key":"FearPotion"},{"floor":18.0,"key":"Swift Potion"},{"floor":27,"key":"Ancient Potion"},{"floor":39,"key":"Fruit Juice"},{"floor":39,"key":"SkillPotion"},{"floor":46,"key":"Ambrosia"}],"is_trial":false,"path_per_floor":["M","M","$","M","?","R","?","R","T","?","M","?","$","M","R","B",null,"M","$","M","$","M","R","?","M","T","M","R","M","R","$","R","B",null,"M","M","M","$","?","R","$","M","T","$","R","M","?","M","R","B",null],"character_chosen":"WATCHER","items_purchased":["EmptyFist","InkBottle","Ginger","Medical Kit","Fruit Juice","Block Potion","Regen Potion","Vault","CutThroughFate","Blood Vial","WingedGreaves","TalkToTheHand","Orrery","FearPotion","Membership Card","FossilizedHelix","Bag of Marbles","Prostrate","Apotheosis","Gremlin Horn","Mummified Hand","Prostrate","Scrawl","DollysMirror","Fruit Juice","Fire Potion","Matryoshka","Dream Catcher","Strange Spoon","DeusExMachina","LikeWater","Toolbox","Ice Cream","Letter Opener","EntropicBrew","Frozen Eye","Centennial Puzzle","Bag of Preparation","Indignation","Mango","Melange","Boot","Adaptation"],"campfire_rested":0,"item_purchase_floors":[3,3,3,3,3,3,3,3,3,13,13,13,13,13,19,19,19,19,21,21,21,21,21,21,21,21,31,31,31,31,31,38,38,38,38,41,41,41,41,44,44,44,44],"current_hp_per_floor":[56,56,61,61,66,66,48,48,48,48,48,48,48,50,50,84,96,81,81,63,68,70,70,70,73,73,76,76,79,79,79,79,105,105,106,107,108,108,113,113,113,114,124,138,138,139,139,140,140,141],"gold":3496,"neow_bonus":"TWENTY_PERCENT_HP_BONUS","is_daily":false,"chose_seed":false,"campfire_upgraded":9,"win_rate":0.0,"timestamp":1614003471,"path_taken":["M","M","$","M","?","R","?","R","T","?","M","?","$","M","R","BOSS","M","$","?","$","?","R","?","M","T","M","R","?","R","$","R","BOSS","M","M","M","$","?","R","$","M","T","$","R","?","?","M","R","BOSS"],"items_purchased_type":["Card","Relic","Relic","Relic","Potion","Potion","Potion","Card","Card","Relic","Relic","Card","Relic","Potion","Relic","Relic","Relic","Card","Card","Relic","Relic","Card","Card","Relic","Potion","Potion","Relic","Relic","Relic","Card","Card","Relic","Relic","Relic","Potion","Relic","Relic","Relic","Card","Relic","Relic","Relic","Card"],"build_version":"2020-12-22","purchased_purges":8,"victory":true,"max_hp_per_floor":[86,86,91,91,96,96,96,96,96,96,96,96,96,96,96,96,96,96,96,96,101,101,101,101,102,102,103,103,104,104,104,104,105,105,106,107,108,108,113,113,113,114,124,138,138,139,139,140,140,141],"card_choices":[{"not_picked":["SashWhip","FlyingSleeves"],"picked":"ClearTheMind","floor":1.0},{"not_picked":["SashWhip","BowlingBash"],"picked":"Halt","floor":2.0},{"not_picked":["Swivel","Evaluate"],"picked":"Consecrate","floor":4.0},{"not_picked":["Swivel","Protect"],"picked":"EmptyBody","floor":7.0},{"not_picked":["PathToVictory","Evaluate"],"picked":"ClearTheMind","floor":11.0},{"not_picked":["SashWhip","FollowUp"],"picked":"Omniscience","floor":13.0},{"not_picked":["BowlingBash","WindmillStrike"],"picked":"EmptyMind","floor":13.0},{"not_picked":["EmptyFist","FollowUp"],"picked":"LikeWater","floor":13.0},{"not_picked":["BattleHymn","Meditate"],"picked":"Wallop","floor":13.0},{"not_picked":["WreathOfFlame","SandsOfTime"],"picked":"Adaptation","floor":14.0},{"not_picked":["MasterReality","Judgement"],"picked":"DevaForm","floor":16.0},{"not_picked":["EmptyBody","Perseverance","PathToVictory+1"],"picked":"SKIP","floor":18.0},{"not_picked":["FollowUp+1","Swivel"],"picked":"Wallop","floor":20},{"not_picked":["Evaluate+1","Protect+1"],"picked":"Study","floor":22},{"not_picked":["PathToVictory","Study","JustLucky"],"picked":"SKIP","floor":25},{"not_picked":["ReachHeaven","Study+1"],"picked":"Crescendo","floor":27},{"not_picked":["SashWhip","InnerPeace+1","ClearTheMind"],"picked":"SKIP","floor":29},{"not_picked":["Blasphemy","Scrawl"],"picked":"Devotion","floor":33},{"not_picked":["BowlingBash+1","SashWhip+1","FollowUp+1"],"picked":"SKIP","floor":35},{"not_picked":["EmptyBody","LikeWater","ThirdEye+1"],"picked":"SKIP","floor":36},{"not_picked":["EmptyMind","EmptyFist+1"],"picked":"Halt+1","floor":37},{"not_picked":["Consecrate+1","PathToVictory","CrushJoints"],"picked":"SKIP","floor":42},{"not_picked":["Evaluate+1","BowlingBash","Nirvana"],"picked":"SKIP","floor":46},{"not_picked":["Consecrate","CutThroughFate","FlyingSleeves+1"],"picked":"SKIP","floor":48}],"player_experience":89826,"relics_obtained":[{"floor":7.0,"key":"Odd Mushroom"},{"floor":12.0,"key":"Pantograph"},{"floor":26,"key":"Gambling Chip"},{"floor":43,"key":"Omamori"},{"floor":43,"key":"Pear"}],"event_choices":[{"damage_healed":0.0,"max_hp_gain":5.0,"max_hp_loss":0.0,"gold_gain":0.0,"event_name":"Big Fish","player_choice":"Donut","floor":5.0,"gold_loss":0.0,"damage_taken":0.0},{"damage_healed":0.0,"max_hp_gain":0.0,"max_hp_loss":0.0,"gold_gain":0.0,"event_name":"Mushrooms","player_choice":"Fought Mushrooms","floor":7.0,"gold_loss":0.0,"damage_taken":0.0},{"damage_healed":0.0,"max_hp_gain":0.0,"max_hp_loss":0.0,"gold_gain":0.0,"event_name":"World of Goop","player_choice":"Left Gold","floor":10.0,"gold_loss":46.0,"damage_taken":0.0},{"damage_healed":0.0,"max_hp_gain":0.0,"max_hp_loss":0.0,"gold_gain":0.0,"event_name":"Wheel of Change","player_choice":"Relic","floor":12.0,"gold_loss":0.0,"damage_taken":0.0},{"damage_healed":0,"gold_gain":0,"player_choice":"Trade","damage_taken":0,"relics_obtained":["FaceOfCleric"],"max_hp_gain":0,"max_hp_loss":0,"event_name":"FaceTrader","floor":24,"gold_loss":0},{"damage_healed":0,"gold_gain":0,"player_choice":"Got Potions","damage_taken":0,"max_hp_gain":0,"max_hp_loss":0,"event_name":"Lab","floor":39,"gold_loss":0},{"cards_removed":["Consecrate"],"damage_healed":0,"gold_gain":0,"player_choice":"Removed Attack","damage_taken":0,"max_hp_gain":0,"max_hp_loss":0,"event_name":"Falling","floor":47,"gold_loss":0}],"is_beta":false,"boss_relics":[{"not_picked":["Philosopher\u0027s Stone","Fusion Hammer"],"picked":"Empty Cage"},{"not_picked":["Tiny House","SacredBark"],"picked":"Coffee Dripper"}],"items_purged_floors":[3,13,19,21,31,38,41,44],"is_endless":false,"potions_floor_spawned":[2,16,18,27,29,35,42,46],"ascension_level":0}}