{"host":"xp5rvh2jwe2ejyfm","time":1614012354,"event":{"mods":["2.2 Compatiblity","Aspiration","Bard","BaseMod","Beaked The Cultist","Better Altar","Better Match","Better Note","Better Sensory Stone","Better Skull","BetterRewards","Colored Powertips","Conspire","Downfall","GifTheSpireLib","Gremlin Mod","GungeonMod","Hermit","Hubris","Jorbs\u0027s Wanderer Trilogy","Mad Scientist","Minty Spire (QoL Compilation)","Potionbrewer","Quick Restart","Replay The Spire","Robot Space Explorer","Shade Mod","Somnambulant","StSLib","The Bug Knight","The Clintock","The Construct","The Cursed","The Disciple","The Forsaken","The Hierophant","The Marked","The Mystic","The Necromancer","The Runesmith","The Servant 0.9.4","The Valiant","The Witch","TheFirefly","TheVacant","thorton"],"gold_per_floor":[118,43,218,229,229,229,77,103,184,202,202,214,214,224,224,321,321,339,179,179,29,29,29,42,55,55,74,74,74,92,92,92],"floor_reached":31,"language":"ENG","playtime":1028,"items_purged":[],"score":235,"play_id":"82af9aef-ca36-4a97-97f7-180101743577","local_time":"20210222114554","is_ascension_mode":false,"campfire_choices":[{"data":"theVacant:Anguish","floor":6,"key":"SMITH"},{"data":"theVacant:Husk","floor":11,"key":"SMITH"},{"floor":13,"key":"RECALL"},{"floor":15,"key":"REST"},{"data":"theVacant:WaitInWrath","floor":23,"key":"SMITH"},{"floor":29,"key":"REST"}],"circlet_count":0,"master_deck":["theVacant:VacantStarterStrike","theVacant:VacantStarterStrike","theVacant:VacantStarterStrike","theVacant:VacantStarterStrike","theVacant:VacantStarterDefend","theVacant:VacantStarterDefend","theVacant:VacantStarterDefend","theVacant:VacantStarterDefend","theVacant:Release","theVacant:Crunch","theVacant:CursedBlast","theVacant:Anguish+1","Doubt","theVacant:Dig","theVacant:Reconnect","theVacant:Husk+1","theVacant:WaitInWrath+1","theVacant:FranticBlow","theVacant:Husk+1","theVacant:Cower","theVacant:ForgeSoul","theVacant:CursedBlast","theVacant:Whip","theVacant:Showdown","theVacant:LichStrike+1","theVacant:CleanseSoul","theVacant:LashOut","theVacant:Showdown+1","theVacant:WaitInWrath","theVacant:FranticBlow+1","theVacant:Cower","theVacant:Yeet+1"],"relics":["theVacant:BrassGoblet","NeowsBlessing","Orrery","Replay:Mystery Machine","hubris:MysteriousPyramids","SlaversCollar","DollysMirror"],"acts_visited":["Exordium","TheCity"],"potions_floor_usage":[18,18,25,27,27],"damage_taken":[{"damage":0,"enemies":"2 Louse","floor":1,"turns":1},{"damage":0,"enemies":"Jaw Worm","floor":4,"turns":1},{"damage":9,"enemies":"3 Sentries","floor":8,"turns":2},{"damage":5,"enemies":"Cultist","floor":10,"turns":4},{"damage":7,"enemies":"Looter","floor":12,"turns":4},{"damage":15,"enemies":"2 Fungi Beasts","floor":14,"turns":4},{"damage":38,"enemies":"Slime Boss","floor":16,"turns":9},{"damage":19,"enemies":"2 Thieves","floor":18,"turns":2},{"damage":21,"enemies":"Shell Parasite","floor":24,"turns":5},{"damage":19,"enemies":"Centurion and Healer","floor":25,"turns":4},{"damage":29,"enemies":"Snake Plant","floor":27,"turns":4},{"damage":30,"enemies":"Sentry and Sphere","floor":30,"turns":8},{"damage":10,"enemies":"Snecko","floor":31,"turns":2}],"seed_played":"-6115860067488740846","potions_obtained":[{"floor":10,"key":"Strength Potion"},{"floor":12,"key":"Elixir"},{"floor":14,"key":"Explosive Potion"},{"floor":24,"key":"potionbrewer:DiscountPotion"},{"floor":25,"key":"Energy Potion"}],"is_trial":false,"path_per_floor":["M","$","?","M","?","R","$","E","T","M","R","M","R","M","R","B",null,"M","$","?","$","?","R","M","M","T","M","?","R","M","M"],"character_chosen":"THE_VACANT","items_purchased":["theVacant:Anguish","Orrery","theVacant:CleanseSoul","theVacant:LashOut","DollysMirror"],"campfire_rested":2,"item_purchase_floors":[2,7,19,19,21],"current_hp_per_floor":[80,80,80,80,80,80,80,71,71,66,66,59,59,44,68,30,80,61,61,80,80,80,80,59,40,40,11,11,35,5,0,0],"gold":92,"neow_bonus":"THREE_ENEMY_KILL","is_daily":false,"chose_seed":false,"campfire_upgraded":3,"win_rate":0.0,"timestamp":1614012354,"path_taken":["M","$","?","M","?","R","?","E","T","M","R","M","R","M","R","BOSS","M","$","?","$","?","R","M","M","T","M","?","R","M","?"],"items_purchased_type":["Card","Relic","Card","Card","Relic"],"build_version":"2020-12-22","purchased_purges":0,"victory":false,"max_hp_per_floor":[80,80,80,80,80,80,80,80,80,80,80,80,80,80,80,80,80,80,80,80,80,80,80,80,80,80,80,80,80,80,80,80],"card_choices":[{"not_picked":["theVacant:Dig","theVacant:Immaterialize"],"picked":"theVacant:CursedBlast","floor":1},{"not_picked":["theVacant:Barrage","theVacant:CleanseSoul"],"picked":"theVacant:Dig","floor":4},{"not_picked":["theVacant:Thoughtseize","theVacant:DarkStrike"],"picked":"theVacant:Reconnect","floor":7},{"not_picked":["theVacant:FranticBlow","theVacant:BattleScars"],"picked":"theVacant:Husk","floor":7},{"not_picked":["theVacant:Snowball","theVacant:Fling"],"picked":"theVacant:WaitInWrath","floor":7},{"not_picked":["theVacant:Jab","theVacant:Spinshield"],"picked":"theVacant:FranticBlow","floor":7},{"not_picked":["theVacant:Barrage","theVacant:BattleScars"],"picked":"theVacant:Husk","floor":7},{"not_picked":["theVacant:PitOfDespair","theVacant:Fling"],"picked":"theVacant:Cower","floor":8},{"not_picked":["theVacant:GraveDigger","theVacant:Enrage"],"picked":"theVacant:ForgeSoul","floor":10},{"not_picked":["theVacant:Jab","theVacant:HolyWater"],"picked":"theVacant:CursedBlast","floor":12},{"not_picked":["theVacant:Return","theVacant:PitOfDespair"],"picked":"theVacant:Whip","floor":14},{"not_picked":["theVacant:Rejection","theVacant:ForgeSoul"],"picked":"theVacant:Showdown","floor":16},{"not_picked":["theVacant:EyePoke","theVacant:Thoughtseize"],"picked":"theVacant:LichStrike+1","floor":18},{"not_picked":["theVacant:Expand","theVacant:GraveDigger"],"picked":"theVacant:WaitInWrath","floor":24},{"not_picked":["theVacant:Acceptance","theVacant:Threat"],"picked":"theVacant:FranticBlow+1","floor":25},{"not_picked":["theVacant:DimensionTear","theVacant:Expand+1"],"picked":"theVacant:Cower","floor":27},{"not_picked":["theVacant:Immaterialize","theVacant:GraveWave"],"picked":"theVacant:Yeet+1","floor":30}],"player_experience":571425,"relics_obtained":[{"floor":8,"key":"DemoMod:WeirdEgg"},{"floor":9,"key":"hubris:MysteriousPyramids"}],"event_choices":[{"damage_healed":0,"gold_gain":175,"player_choice":"AGREE","damage_taken":0,"max_hp_gain":0,"max_hp_loss":0,"event_name":"Liars Game","floor":3,"gold_loss":0,"cards_obtained":["Doubt"]},{"damage_healed":0,"gold_gain":0,"player_choice":"Leave","damage_taken":0,"max_hp_gain":0,"max_hp_loss":0,"event_name":"The Cleric","floor":5,"gold_loss":0},{"damage_healed":19,"gold_gain":0,"player_choice":"Full Heal","damage_taken":0,"max_hp_gain":0,"max_hp_loss":0,"event_name":"Wheel of Change","floor":20,"gold_loss":0},{"damage_healed":0,"gold_gain":0,"player_choice":"Forge","damage_taken":0,"max_hp_gain":0,"max_hp_loss":0,"event_name":"Accursed Blacksmith","floor":22,"gold_loss":0,"cards_upgraded":["theVacant:Husk"]},{"damage_healed":0,"gold_gain":0,"player_choice":"Upgraded","damage_taken":0,"max_hp_gain":0,"max_hp_loss":0,"event_name":"Upgrade Shrine","floor":28,"gold_loss":0,"cards_upgraded":["theVacant:Showdown"]}],"is_beta":false,"boss_relics":[{"not_picked":["expansioncontent:StudyCardRelic","Ectoplasm"],"picked":"SlaversCollar"}],"items_purged_floors":[],"is_endless":false,"potions_floor_spawned":[10,12,14,24,25],"killed_by":"Snecko","ascension_level":0}}