{"host":"ibckqdmmf9y74ymf","time":1614037566,"event":{"mods":["2.2 Compatiblity","BaseMod","Colored Map","Curses Come First","Highlight Path","Minty Spire (QoL Compilation)","Quick Restart","Rare Cards Sparkle","Relic Stats","StSLib"],"gold_per_floor":[114,131,131,151,151,180,180,20,45,45,74,85,96,125,125,199,199,212,232,232,243,243,271,271,306,329,361,380,409,409,409,409,409,409],"floor_reached":33,"language":"ENG","playtime":1367,"items_purged":[],"score":761,"play_id":"d52ccb65-12a7-4c24-907b-f8d79a95d61a","local_time":"20210223004606","is_ascension_mode":true,"campfire_choices":[{"data":"Inflame","floor":7,"key":"SMITH"},{"data":"Clothesline","floor":10,"key":"SMITH"},{"data":"Bash","floor":15,"key":"SMITH"},{"floor":24,"key":"REST"},{"data":"Feed","floor":30,"key":"SMITH"},{"floor":32,"key":"REST"}],"circlet_count":0,"master_deck":["AscendersBane","Strike_R","Strike_R","Defend_R","Defend_R","Defend_R","Defend_R","Bash+1","Cleave","Clothesline+1","Sever Soul","Inflame+1","Power Through","Carnage","Shockwave+1","Headbutt","Shrug It Off+1","Feed+1","Shrug It Off+1","Uppercut","Shrug It Off+1","Heavy Blade+1","Flame Barrier+1","Armaments+1","Entrench+1","Ghostly Armor+1","Reckless Charge"],"relics":["Snecko Eye","Tiny Chest","Lee\u0027s Waffle","PreservedInsect","Toxic Egg 2","StrikeDummy","SlaversCollar","Nilry\u0027s Codex","Torii","Ginger","Bronze Scales","Boot"],"acts_visited":["Exordium","TheCity"],"potions_floor_usage":[23,25,27,28,29],"damage_taken":[{"damage":9,"enemies":"Jaw Worm","floor":1,"turns":4},{"damage":1,"enemies":"Cultist","floor":2,"turns":3},{"damage":2,"enemies":"2 Louse","floor":4,"turns":2},{"damage":30,"enemies":"3 Sentries","floor":6,"turns":5},{"damage":6,"enemies":"Gremlin Nob","floor":11,"turns":3},{"damage":4,"enemies":"Large Slime","floor":12,"turns":4},{"damage":0,"enemies":"2 Fungi Beasts","floor":13,"turns":2},{"damage":15,"enemies":"Lagavulin","floor":14,"turns":6},{"damage":14,"enemies":"Hexaghost","floor":16,"turns":7},{"damage":24,"enemies":"2 Thieves","floor":18,"turns":3},{"damage":27,"enemies":"3 Byrds","floor":19,"turns":7},{"damage":0,"enemies":"Centurion and Healer","floor":21,"turns":3},{"damage":10,"enemies":"Book of Stabbing","floor":23,"turns":4},{"damage":6,"enemies":"Slavers","floor":25,"turns":5},{"damage":2,"enemies":"Book of Stabbing","floor":27,"turns":4},{"damage":12,"enemies":"Shelled Parasite and Fungi","floor":28,"turns":4},{"damage":0,"enemies":"Slavers","floor":29,"turns":3},{"damage":64,"enemies":"Collector","floor":33,"turns":12}],"seed_played":"-2205083307627811005","potions_obtained":[{"floor":6,"key":"Energy Potion"},{"floor":12,"key":"SkillPotion"},{"floor":16,"key":"Strength Potion"},{"floor":23,"key":"HeartOfIron"},{"floor":27,"key":"Ancient Potion"},{"floor":28,"key":"GamblersBrew"}],"is_trial":true,"path_per_floor":["M","M","?","M","$","E","R","$","T","R","E","M","M","E","R","B",null,"M","M","?","M","?","E","R","E","T","E","M","E","R","?","R","B"],"character_chosen":"IRONCLAD","items_purchased":["Lee\u0027s Waffle"],"campfire_rested":2,"item_purchase_floors":[8],"current_hp_per_floor":[59,58,58,56,56,26,26,82,82,82,76,72,72,57,57,43,72,51,27,45,48,27,20,48,42,42,40,31,34,34,34,64,0,0],"gold":409,"neow_bonus":"","is_daily":false,"chose_seed":false,"campfire_upgraded":4,"win_rate":0.0,"timestamp":1614037566,"path_taken":["M","M","?","M","?","E","R","$","T","R","E","M","M","E","R","BOSS","M","M","?","M","?","E","R","E","T","E","M","E","R","?","R","BOSS"],"items_purchased_type":["Relic"],"build_version":"2020-12-22","purchased_purges":0,"victory":false,"max_hp_per_floor":[75,75,75,75,75,75,75,82,82,82,82,82,82,82,82,82,82,85,88,88,91,91,94,94,94,94,94,97,100,100,100,100,100,100],"relic_stats":{"Lee\u0027s Waffle":56,"Torii":13,"counters":[18,81],"Bronze Scales":[51],"Snecko Eye":[113,128,148,158],"Tiny Chest":0,"PreservedInsect":219,"Ginger":[7],"Boot":[4],"obtain_stats":[{"SlaversCollar":17,"Lee\u0027s Waffle":8,"Torii":23,"Nilry\u0027s Codex":22,"Bronze Scales":27,"Snecko Eye":0,"Tiny Chest":6,"PreservedInsect":9,"Ginger":25,"Toxic Egg 2":11,"StrikeDummy":14,"Boot":29},{"SlaversCollar":9,"Lee\u0027s Waffle":4,"Torii":13,"Nilry\u0027s Codex":12,"Bronze Scales":15,"Snecko Eye":0,"Tiny Chest":4,"PreservedInsect":4,"Ginger":14,"Toxic Egg 2":5,"StrikeDummy":8,"Boot":17},{"SlaversCollar":36,"Lee\u0027s Waffle":14,"Torii":53,"Nilry\u0027s Codex":49,"Bronze Scales":62,"Snecko Eye":0,"Tiny Chest":14,"PreservedInsect":14,"Ginger":58,"Toxic Egg 2":17,"StrikeDummy":29,"Boot":69}]},"card_choices":[{"not_picked":["Thunderclap","Iron Wave"],"picked":"Cleave","floor":1},{"not_picked":["True Grit","Seeing Red"],"picked":"Clothesline","floor":2},{"not_picked":["Shrug It Off","Entrench"],"picked":"Inflame","floor":4},{"not_picked":["Infernal Blade","Metallicize"],"picked":"Power Through","floor":6},{"not_picked":["True Grit+1","Offering+1"],"picked":"Carnage","floor":11},{"not_picked":["Spot Weakness+1","Sword Boomerang"],"picked":"Shockwave+1","floor":12},{"not_picked":["Dropkick","Rampage"],"picked":"Headbutt","floor":13},{"not_picked":["Wild Strike","Battle Trance+1"],"picked":"Shrug It Off+1","floor":14},{"not_picked":["Corruption","Demon Form"],"picked":"Feed","floor":16},{"not_picked":["Body Slam","Heavy Blade"],"picked":"Shrug It Off+1","floor":18},{"not_picked":["Combust","Thunderclap"],"picked":"Uppercut","floor":19},{"not_picked":["Clothesline","Sword Boomerang"],"picked":"Shrug It Off+1","floor":21},{"not_picked":["Clash+1","Brutality","Twin Strike"],"picked":"SKIP","floor":23},{"not_picked":["Clash","Rage+1"],"picked":"Heavy Blade+1","floor":25},{"not_picked":["Shrug It Off+1","Double Tap+1"],"picked":"Flame Barrier+1","floor":27},{"not_picked":["Hemokinesis+1","Combust+1"],"picked":"Armaments+1","floor":28},{"not_picked":["Headbutt","Armaments+1"],"picked":"Entrench+1","floor":29}],"player_experience":560664,"relics_obtained":[{"floor":6,"key":"Tiny Chest"},{"floor":9,"key":"PreservedInsect"},{"floor":11,"key":"Toxic Egg 2"},{"floor":14,"key":"StrikeDummy"},{"floor":22,"key":"Nilry\u0027s Codex"},{"floor":23,"key":"Torii"},{"floor":25,"key":"Ginger"},{"floor":27,"key":"Bronze Scales"},{"floor":29,"key":"Boot"}],"event_choices":[{"damage_healed":0,"gold_gain":0,"cards_transformed":["Strike_R"],"player_choice":"Transformed","damage_taken":0,"max_hp_gain":0,"max_hp_loss":0,"event_name":"Transmorgrifier","floor":3,"gold_loss":0,"cards_obtained":["Sever Soul"]},{"damage_healed":18,"gold_gain":0,"player_choice":"Heal","damage_taken":0,"max_hp_gain":0,"max_hp_loss":0,"event_name":"The Library","floor":20,"gold_loss":0},{"damage_healed":0,"gold_gain":0,"player_choice":"Obtained Book","damage_taken":21,"max_hp_gain":0,"max_hp_loss":0,"event_name":"Cursed Tome","floor":22,"gold_loss":0},{"damage_healed":0,"gold_gain":0,"cards_transformed":["Strike_R","Strike_R"],"player_choice":"Became Test Subject","damage_taken":0,"max_hp_gain":0,"max_hp_loss":0,"event_name":"Drug Dealer","floor":31,"gold_loss":0,"cards_obtained":["Ghostly Armor","Reckless Charge"]}],"is_beta":false,"boss_relics":[{"not_picked":["Runic Cube","Astrolabe"],"picked":"SlaversCollar"}],"items_purged_floors":[],"is_endless":false,"potions_floor_spawned":[6,12,13,16,23,27,28],"killed_by":"Collector","ascension_level":20}}