{"host":"9poy283te0bas84o","time":1614019162,"event":{"mods":["BaseMod","Downfall","GifTheSpireLib","HexUI Lib","Hubris","Infinite Spire","Minty Spire (QoL Compilation)","Replay The Spire","StSLib","The Disciple"],"gold_per_floor":[116,116,116,126,126,126,158,158,209,227,262,280,280,280,280,381,381,397,410,421,433,452,485,485,485,509,509,519,519,573,598,598,696,696,716,716,65,65,77,111,129,154,177,196,209,209,237,251,251,251,251,251,0,32,32,32],"floor_reached":55,"language":"ENG","playtime":4419,"items_purged":["ReapSow","PatternShift","LockedMedicine+1"],"score":1043,"play_id":"7811ba3d-8e76-4efa-8b6d-08665e0818d0","local_time":"20210222133922","is_ascension_mode":true,"campfire_choices":[{"floor":6,"key":"REST"},{"data":"TiringSlam","floor":8,"key":"SMITH"},{"floor":13,"key":"REST"},{"floor":15,"key":"RECALL"},{"floor":24,"key":"REST"},{"data":"LockedCalendar","floor":32,"key":"SMITH"},{"floor":49,"key":"REST"},{"floor":52,"key":"REST"}],"circlet_count":0,"master_deck":["Defend_Br","Defend_Br+1","SecondHand","LockedAnchor","TiringSlam+1","SlimeSpray","Keepsakes+1","BlueShift+1","LockedCalendar+1","CrunchTime+1","AlternateTimeline","HandsUpC","AlternateTimeline","PrimeTime","Slimebound:Tackle+1","Slimebound:Tackle+1","Slimebound:Tackle+1","Goo","Echonomics","LockedFlame+1","LockedPlans+1","Keepsakes+1","LockedAnchor+1","HandsUpC+1","Infernal Blade","infinitespire:Collect","LockedAnchor","HandsUpC+1"],"relics":["Chronometer","NeowsBlessing","infinitespire:ShieldingShard","infinitespire:Beetle Shell","hubris:EvacipatedBox","infinitespire:EmpoweringShard","Counterbalance","Strawberry","Replay:Ringing Soul","Metronome","Bag of Preparation","infinitespire:PuzzleCube","Kunai","Bronze Scales","hubris:TenFootPole","Astrolabe","hubris:Towel","hubris:SlimyHat","Calipers","BargainBundle","hubris:Icosahedron","hubris:DisguiseKit","War Paint","ReplayTheSpireMod:Lightbulb","Pear","Pear","Oddly Smooth Stone","Replay:Rubber Ducky"],"acts_visited":["Exordium","TheCity","TheBeyond","TheEnding"],"potions_floor_usage":[11,16,18,21,23,42,45,48,55,55,55],"damage_taken":[{"damage":0,"enemies":"Cultist","floor":1,"turns":1},{"damage":0,"enemies":"2 Louse","floor":4,"turns":1},{"damage":0,"enemies":"3 Sentries","floor":7,"turns":2},{"damage":1,"enemies":"Jaw Worm","floor":10,"turns":3},{"damage":11,"enemies":"Gremlin Nob","floor":11,"turns":4},{"damage":9,"enemies":"Lots of Slimes","floor":12,"turns":3},{"damage":15,"enemies":"Hexaghost","floor":16,"turns":10},{"damage":0,"enemies":"Spheric Guardian","floor":18,"turns":1},{"damage":16,"enemies":"2 Thieves","floor":19,"turns":2},{"damage":3,"enemies":"Snake Plant","floor":20,"turns":2},{"damage":19,"enemies":"Shelled Parasite and Fungi","floor":21,"turns":4},{"damage":0,"enemies":"Centurion and Healer","floor":22,"turns":2},{"damage":7,"enemies":"Book of Stabbing","floor":23,"turns":4},{"damage":13,"enemies":"Snake Plant","floor":28,"turns":4},{"damage":0,"enemies":"Replay:Snechameleon","floor":31,"turns":3},{"damage":32,"enemies":"Champ","floor":33,"turns":8},{"damage":0,"enemies":"3 Darklings","floor":35,"turns":1},{"damage":0,"enemies":"3 Shapes","floor":39,"turns":1},{"damage":0,"enemies":"R_Hoarder","floor":40,"turns":6},{"damage":8,"enemies":"Writhing Mass","floor":41,"turns":3},{"damage":20,"enemies":"Nemesis","floor":42,"turns":3},{"damage":5,"enemies":"Sphere and 2 Shapes","floor":44,"turns":2},{"damage":0,"enemies":"Spire Growth","floor":45,"turns":2},{"damage":0,"enemies":"R_Hoarder","floor":47,"turns":6},{"damage":8,"enemies":"Writhing Mass","floor":48,"turns":3},{"damage":117,"enemies":"Time Eater","floor":50,"turns":10},{"damage":48,"enemies":"Shield and Spear","floor":54,"turns":5},{"damage":104,"enemies":"The Heart","floor":55,"turns":8}],"seed_played":"4018829617843699663","potions_obtained":[{"floor":1,"key":"Energy Potion"},{"floor":10,"key":"Dexterity Potion"},{"floor":12,"key":"FearPotion"},{"floor":16,"key":"AttackPotion"},{"floor":19,"key":"champ:CounterPotion"},{"floor":20,"key":"sneckomod:MuddlingPotion"},{"floor":33,"key":"SkillPotion"},{"floor":41,"key":"Fire Potion"},{"floor":42,"key":"Weak Potion"},{"floor":45,"key":"Fire Potion"}],"is_trial":false,"path_per_floor":["M","T","?","M","$","R","E","R","T","M","E","M","R","?","R","B",null,"M","M","M","M","M","E","R","T","T","?","M","AVR","T","E","R","B",null,"M","?","$","?","M","E","M","E","T","M","M","AVR","E","M","R","B",null,"R","$","E","B"],"character_chosen":"CHRONO_CLASS","items_purchased":["hubris:EvacipatedBox","infinitespire:EmpoweringShard","hubris:SlimyHat","Calipers","BargainBundle","Keepsakes+1","Swift Potion","Oddly Smooth Stone","LockedAnchor","WardPotion"],"campfire_rested":5,"item_purchase_floors":[5,5,37,37,37,37,37,53,53,53],"current_hp_per_floor":[65,65,65,65,30,49,49,49,56,55,47,41,64,64,64,52,81,84,71,71,55,58,54,83,83,83,86,76,76,76,76,76,47,111,111,111,114,114,117,117,112,92,92,90,90,103,113,105,146,29,146,146,149,104,0,0],"gold":32,"neow_bonus":"THREE_ENEMY_KILL","is_daily":false,"chose_seed":false,"campfire_upgraded":2,"win_rate":0.0,"timestamp":1614019162,"path_taken":["M","?","?","M","?","R","E","R","T","M","E","M","R","?","R","BOSS","M","M","M","?","M","E","R","?","T","?","M","AVR","?","E","R","BOSS","M","?","$","?","M","E","M","E","T","M","M","AVR","E","M","R","BOSS","R","$","E","BOSS"],"items_purchased_type":["Relic","Relic","Relic","Relic","Relic","Card","Potion","Relic","Card","Potion"],"build_version":"2020-12-22","purchased_purges":3,"victory":false,"max_hp_per_floor":[65,65,65,65,65,65,65,65,72,72,75,78,78,78,78,81,81,84,87,90,93,96,99,99,99,99,102,105,105,105,105,105,108,111,111,111,114,114,117,117,120,120,120,123,123,136,146,146,146,146,146,146,149,152,152,152],"card_choices":[{"not_picked":["HandsUpB","Break"],"picked":"LockedAnchor","floor":1},{"not_picked":["Stagnate","LockedMedicine"],"picked":"TiringSlam","floor":4},{"not_picked":["Flay","BlueShift"],"picked":"SlimeSpray","floor":7},{"not_picked":["ExoVibe","BiteCommand"],"picked":"Keepsakes","floor":10},{"not_picked":["LockedBlood","LockedMawBank"],"picked":"BlueShift","floor":11},{"not_picked":["ShortSighted","LockedMedicine"],"picked":"ReapSow","floor":12},{"not_picked":["MasterKey","LockedFlame"],"picked":"LockedCalendar","floor":16},{"not_picked":["Cuckoo","LockedMawBank+1"],"picked":"CrunchTime+1","floor":18},{"not_picked":["ResonantCall","FormalWear"],"picked":"AlternateTimeline","floor":19},{"not_picked":["Break","Stagnate"],"picked":"HandsUpC","floor":20},{"not_picked":["Engulf","LockedThread"],"picked":"AlternateTimeline","floor":21},{"not_picked":["LockedLightning","LockedMawBank"],"picked":"ReapSow","floor":22},{"not_picked":["Tempo","Echoward"],"picked":"PrimeTime","floor":23},{"not_picked":["Echoward","PrimeTime+1"],"picked":"Goo","floor":28},{"not_picked":["Accruing","Engulf","WatchCommand"],"picked":"SKIP","floor":31},{"not_picked":["LockedAstrolabe","OracleForm"],"picked":"Echonomics","floor":33},{"not_picked":["ShortSighted+1","LockedScales","Tempo"],"picked":"SKIP","floor":35},{"not_picked":["VestedLegacy","Engulf+1"],"picked":"LockedAnchor+1","floor":39},{"not_picked":["ReapSow+1","ShortSighted+1","CrunchTime"],"picked":"SKIP","floor":40},{"not_picked":["LockedMedicine","ExoVibe","Clothesline"],"picked":"HandsUpC+1","floor":41},{"not_picked":["ExoVibe","HandsUpB","LockedMercury","Eclipse"],"picked":"SKIP","floor":42},{"not_picked":["LockedTornado","TickedOff","LockedUrn"],"picked":"Infernal Blade","floor":44},{"not_picked":["ExoVibe","OverTime","LockedWhetstone+1","True Grit"],"picked":"SKIP","floor":45},{"not_picked":["ExoVibe","OverTime","LockedWhetstone+1","True Grit"],"picked":"SKIP","floor":45},{"not_picked":["PrimeTime","LockedTurtyl+1","LockedMawBank+1","Flex"],"picked":"SKIP","floor":47},{"not_picked":["HandsUpC","Tempo+1","LockedBlood+1","Rupture"],"picked":"SKIP","floor":48},{"not_picked":["LockedMedicine+1","AlternateTimeline+1","Clothesline"],"picked":"HandsUpC+1","floor":54}],"player_experience":874871,"relics_obtained":[{"floor":2,"key":"infinitespire:ShieldingShard"},{"floor":3,"key":"infinitespire:Beetle Shell"},{"floor":7,"key":"Counterbalance"},{"floor":9,"key":"Strawberry"},{"floor":11,"key":"Replay:Ringing Soul"},{"floor":23,"key":"Bag of Preparation"},{"floor":26,"key":"infinitespire:PuzzleCube"},{"floor":30,"key":"Bronze Scales"},{"floor":31,"key":"hubris:TenFootPole"},{"floor":40,"key":"hubris:DisguiseKit"},{"floor":42,"key":"War Paint"},{"floor":43,"key":"ReplayTheSpireMod:Lightbulb"},{"floor":47,"key":"Pear"},{"floor":54,"key":"Replay:Rubber Ducky"}],"event_choices":[{"damage_healed":0,"gold_gain":0,"player_choice":"Upgraded","damage_taken":0,"max_hp_gain":0,"max_hp_loss":0,"event_name":"Upgrade Shrine","floor":14,"gold_loss":0,"cards_upgraded":["Keepsakes"]}],"is_beta":false,"boss_relics":[{"not_picked":["ReplayTheSpireMod:DimensionalGlitch","Velvet Choker","Black Star"],"picked":"Metronome"},{"not_picked":["hubris:GrandSneckoEye","hubris:RunicObelisk","HangingClock"],"picked":"Astrolabe"}],"items_purged_floors":[29,37,46],"is_endless":false,"potions_floor_spawned":[1,10,12,16,19,20,33,41,42,45,47],"killed_by":"The Heart","ascension_level":2}}