{"host":"iv24d026eac8pm4e","time":1614022163,"event":{"mods":["BaseMod","Minty Spire (QoL Compilation)"],"gold_per_floor":[109,125,144,219,231,231,242,242,268,84,84,101,101,111,111,188,188,200,218,233,233,248,248,274,274,274,87,87,115,115,115,115],"floor_reached":31,"language":"ENG","playtime":1321,"items_purged":["Strike_R"],"score":457,"play_id":"8b80b021-3537-4699-b251-d2cdcaa97ffd","local_time":"20210222112923","is_ascension_mode":true,"campfire_choices":[{"data":"Battle Trance","floor":6,"key":"SMITH"},{"data":"Spot Weakness","floor":8,"key":"SMITH"},{"data":"Body Slam","floor":13,"key":"SMITH"},{"data":"Whirlwind","floor":15,"key":"SMITH"},{"floor":23,"key":"REST"},{"data":"Uppercut","floor":28,"key":"SMITH"}],"circlet_count":0,"master_deck":["AscendersBane","Defend_R","Defend_R","Defend_R","Defend_R","Bash+1","Disarm","Battle Trance+1","Sword Boomerang+1","Intimidate","Spot Weakness+1","Reckless Charge","Evolve","Body Slam+1","Whirlwind+1","Reaper","Entrench","Feel No Pain","Intimidate","Uppercut+1","True Grit","Bite","Bite","Bite+1","Bite","Bite","Blind","Berserk","Ghostly","Ghostly","Ghostly"],"relics":["Burning Blood","Ancient Tea Set","Sozu","Whetstone","Membership Card","Dream Catcher"],"acts_visited":["TheCity"],"potions_floor_usage":[7,16],"damage_taken":[{"damage":7,"enemies":"Small Slimes","floor":1,"turns":4},{"damage":6,"enemies":"Jaw Worm","floor":2,"turns":5},{"damage":2,"enemies":"Cultist","floor":3,"turns":5},{"damage":9,"enemies":"Red Slaver","floor":5,"turns":6},{"damage":38,"enemies":"Lots of Slimes","floor":7,"turns":8},{"damage":12,"enemies":"Exordium Thugs","floor":12,"turns":4},{"damage":18,"enemies":"2 Fungi Beasts","floor":14,"turns":4},{"damage":10,"enemies":"Slime Boss","floor":16,"turns":8},{"damage":6,"enemies":"Spheric Guardian","floor":18,"turns":3},{"damage":42,"enemies":"2 Thieves","floor":19,"turns":4},{"damage":32,"enemies":"Centurion and Healer","floor":20,"turns":6},{"damage":16,"enemies":"Shelled Parasite and Fungi","floor":22,"turns":4},{"damage":50,"enemies":"Gremlin Leader","floor":29,"turns":8},{"damage":36,"enemies":"Snecko","floor":31,"turns":6}],"seed_played":"1768096845471774560","potions_obtained":[{"floor":1,"key":"SkillPotion"},{"floor":3,"key":"SkillPotion"},{"floor":5,"key":"Energy Potion"}],"is_trial":false,"path_per_floor":["M","M","M","?","M","R","M","R","T","$","?","M","R","M","R","B",null,"M","M","M","?","M","R","T","?","T","$","R","E","?","M"],"character_chosen":"IRONCLAD","items_purchased":["Reckless Charge","Evolve","Membership Card","Blind"],"campfire_rested":1,"item_purchase_floors":[10,10,27,27],"current_hp_per_floor":[74,74,78,67,64,64,32,32,32,32,32,26,26,14,14,10,64,64,44,18,18,8,32,32,32,32,32,32,36,28,0,0],"gold":115,"neow_bonus":"TEN_PERCENT_HP_BONUS","is_daily":false,"chose_seed":false,"campfire_upgraded":5,"win_rate":0.0,"timestamp":1614022163,"path_taken":["M","M","M","?","M","R","M","R","T","$","?","?","R","M","R","BOSS","M","M","M","?","?","R","?","?","T","$","R","E","?","M"],"items_purchased_type":["Card","Card","Relic","Card"],"build_version":"2020-12-22","purchased_purges":1,"victory":false,"max_hp_per_floor":[82,82,82,82,82,82,82,82,82,82,82,82,82,82,82,82,82,82,82,82,82,82,82,82,57,57,57,57,57,28,28,28],"card_choices":[{"not_picked":["Clash","Cleave"],"picked":"Disarm","floor":1},{"not_picked":["Wild Strike","Seeing Red"],"picked":"Battle Trance","floor":2},{"not_picked":["Pommel Strike","Evolve"],"picked":"Sword Boomerang","floor":3},{"not_picked":["Rupture","Sword Boomerang"],"picked":"Intimidate","floor":5},{"not_picked":["Havoc","Shrug It Off"],"picked":"Spot Weakness","floor":7},{"not_picked":["True Grit","Entrench"],"picked":"Body Slam","floor":12},{"not_picked":["Burning Pact","Havoc"],"picked":"Whirlwind","floor":14},{"not_picked":["Demon Form","Double Tap"],"picked":"Reaper","floor":16},{"not_picked":["Anger","Armaments"],"picked":"Entrench","floor":18},{"not_picked":["Warcry","Burning Pact"],"picked":"Feel No Pain","floor":19},{"not_picked":["Clash","Havoc"],"picked":"Intimidate","floor":20},{"not_picked":["Warcry","Pommel Strike"],"picked":"True Grit","floor":22},{"not_picked":["Reckless Charge","Fire Breathing"],"picked":"Berserk","floor":29}],"player_experience":2574651,"relics_obtained":[{"floor":9,"key":"Ancient Tea Set"},{"floor":26,"key":"Whetstone"},{"floor":29,"key":"Dream Catcher"}],"event_choices":[{"damage_healed":0,"gold_gain":75,"player_choice":"Gather Gold","damage_taken":11,"max_hp_gain":0,"max_hp_loss":0,"event_name":"World of Goop","floor":4,"gold_loss":0},{"damage_healed":0,"gold_gain":0,"player_choice":"Upgraded","damage_taken":0,"max_hp_gain":0,"max_hp_loss":0,"event_name":"Upgrade Shrine","floor":11,"gold_loss":0,"cards_upgraded":["Sword Boomerang"]},{"damage_healed":0,"gold_gain":0,"player_choice":"1 cards matched","damage_taken":0,"max_hp_gain":0,"max_hp_loss":0,"event_name":"Match and Keep!","floor":21,"gold_loss":0,"cards_obtained":["Uppercut"]},{"damage_healed":0,"gold_gain":0,"player_choice":"Became a vampire","damage_taken":0,"max_hp_gain":0,"max_hp_loss":25,"event_name":"Vampires","floor":25,"gold_loss":0,"cards_obtained":["Bite","Bite","Bite","Bite","Bite"]},{"damage_healed":0,"gold_gain":0,"player_choice":"Became a Ghost","damage_taken":0,"max_hp_gain":0,"max_hp_loss":29,"event_name":"Ghosts","floor":30,"gold_loss":0,"cards_obtained":["Ghostly","Ghostly","Ghostly"]}],"is_beta":false,"boss_relics":[{"not_picked":["Black Blood","Busted Crown"],"picked":"Sozu"}],"items_purged_floors":[10],"is_endless":false,"potions_floor_spawned":[1,3,5,18,20],"killed_by":"Snecko","ascension_level":15}}