{"host":"w1eyl4ffrc0ktwlp","time":1614007172,"event":{"mods":["AchievementEnabler","BaseMod","Colored Map","Colored Powertips","Minty Spire (QoL Compilation)"],"gold_per_floor":[119,138,138,138,158,184,184,194,219,239,209,209,235,248,248,350,400,418,333,333,353,353,353,367,367,441,458,483,62,162,17,17,112,112,123,133,133,133],"floor_reached":37,"language":"ENG","playtime":6198,"items_purged":[],"score":424,"play_id":"d954cce9-11f8-40d0-ae4e-fc37df4910bb","local_time":"20210222161932","is_ascension_mode":false,"campfire_choices":[{"data":"Noxious Fumes","floor":7,"key":"SMITH"},{"floor":12,"key":"REST"},{"floor":15,"key":"REST"},{"floor":23,"key":"REST"},{"floor":25,"key":"REST"},{"floor":32,"key":"REST"}],"circlet_count":0,"master_deck":["Strike_G","Strike_G","Strike_G","Strike_G","Strike_G+1","Defend_G","Defend_G","Defend_G","Defend_G","Defend_G","Neutralize","Sucker Punch","Crippling Poison","Catalyst","Poisoned Stab","Noxious Fumes+1","Quick Slash","Outmaneuver","Flying Knee","Escape Plan","Prepared","Poisoned Stab","After Image","Prepared","Deadly Poison+1","Deflect","Expertise","Endless Agony","Predator","Distraction","Blade Dance+1","Skewer+1","Corpse Explosion","Quick Slash","Backflip"],"relics":["Ring of the Serpent","NeowsBlessing","Vajra","Dream Catcher","Kunai","Tiny House","Bird Faced Urn","Nilry\u0027s Codex","Nloth\u0027s Gift","Ninja Scroll","Lantern","Ice Cream","MealTicket"],"acts_visited":["Exordium","TheCity","TheBeyond"],"potions_floor_usage":[21,21,28,33,33,37],"damage_taken":[{"damage":0,"enemies":"Small Slimes","floor":1,"turns":1},{"damage":0,"enemies":"2 Louse","floor":2,"turns":1},{"damage":0,"enemies":"Jaw Worm","floor":5,"turns":1},{"damage":30,"enemies":"3 Sentries","floor":6,"turns":8},{"damage":6,"enemies":"Exordium Thugs","floor":8,"turns":5},{"damage":2,"enemies":"Looter","floor":10,"turns":2},{"damage":15,"enemies":"Gremlin Nob","floor":13,"turns":4},{"damage":2,"enemies":"2 Fungi Beasts","floor":14,"turns":3},{"damage":12,"enemies":"Hexaghost","floor":16,"turns":7},{"damage":43,"enemies":"2 Thieves","floor":18,"turns":4},{"damage":0,"enemies":"Chosen","floor":21,"turns":4},{"damage":22,"enemies":"Centurion and Healer","floor":24,"turns":6},{"damage":25,"enemies":"3 Cultists","floor":27,"turns":5},{"damage":52,"enemies":"Gremlin Leader","floor":28,"turns":6},{"damage":39,"enemies":"Automaton","floor":33,"turns":6},{"damage":44,"enemies":"3 Darklings","floor":35,"turns":5},{"damage":4,"enemies":"Orb Walker","floor":36,"turns":4},{"damage":49,"enemies":"Jaw Worm Horde","floor":37,"turns":2}],"seed_played":"-2208143531599039452","potions_obtained":[{"floor":5,"key":"LiquidBronze"},{"floor":6,"key":"FairyPotion"},{"floor":8,"key":"Energy Potion"},{"floor":11,"key":"GamblersBrew"},{"floor":11,"key":"CunningPotion"},{"floor":14,"key":"Swift Potion"},{"floor":17,"key":"DistilledChaos"},{"floor":21,"key":"DuplicationPotion"},{"floor":28,"key":"Explosive Potion"}],"is_trial":false,"path_per_floor":["M","M","?","?","M","E","R","M","T","M","?","R","E","M","R","B",null,"M","?","?","M","?","R","M","R","T","M","E","$","?","$","R","B",null,"M","M","M"],"character_chosen":"THE_SILENT","items_purchased":["Regen Potion","Ice Cream","Swift Potion","MealTicket"],"campfire_rested":5,"item_purchase_floors":[29,29,29,31],"current_hp_per_floor":[70,70,70,63,63,33,33,27,27,25,25,46,31,29,50,38,75,32,32,16,24,24,46,28,50,50,35,12,12,12,12,34,14,75,37,35,0,0],"gold":133,"neow_bonus":"THREE_ENEMY_KILL","is_daily":false,"chose_seed":false,"campfire_upgraded":1,"win_rate":0.0,"timestamp":1614007172,"path_taken":["M","M","?","?","M","E","R","M","T","M","?","R","E","M","R","BOSS","M","?","?","M","?","R","M","R","T","?","E","$","?","$","R","BOSS","M","M","M"],"items_purchased_type":["Potion","Relic","Potion","Relic"],"build_version":"2020-12-22","purchased_purges":0,"victory":false,"max_hp_per_floor":[70,70,70,70,70,70,70,70,70,70,70,70,70,70,70,70,75,75,75,75,75,75,75,75,75,75,75,75,75,75,75,75,75,75,75,75,75,75],"card_choices":[{"not_picked":["Eviscerate","Underhanded Strike"],"picked":"Sucker Punch","floor":1},{"not_picked":["Calculated Gamble","Terror"],"picked":"Crippling Poison","floor":2},{"not_picked":["Dodge and Roll","Prepared"],"picked":"Poisoned Stab","floor":5},{"not_picked":["Poisoned Stab","Underhanded Strike"],"picked":"Noxious Fumes","floor":6},{"not_picked":["Slice","Underhanded Strike"],"picked":"Quick Slash","floor":8},{"not_picked":["Underhanded Strike","Masterful Stab"],"picked":"Outmaneuver","floor":10},{"not_picked":["Endless Agony","Sucker Punch"],"picked":"Flying Knee","floor":12},{"not_picked":["Reflex","Flying Knee"],"picked":"Escape Plan","floor":13},{"not_picked":["Slice","Malaise"],"picked":"Prepared","floor":14},{"not_picked":["Riddle With Holes","Prepared"],"picked":"Poisoned Stab","floor":15},{"not_picked":["Bullet Time","Phantasmal Killer"],"picked":"After Image","floor":16},{"not_picked":["Outmaneuver","Caltrops"],"picked":"Prepared","floor":17},{"not_picked":["Backflip+1","Heel Hook"],"picked":"Deadly Poison+1","floor":18},{"not_picked":["Bane","Noxious Fumes"],"picked":"Deflect","floor":21},{"not_picked":["Poisoned Stab","Acrobatics"],"picked":"Expertise","floor":23},{"not_picked":["Blade Dance","PiercingWail"],"picked":"Endless Agony","floor":24},{"not_picked":["Reflex","Doppelganger"],"picked":"Predator","floor":25},{"not_picked":["Flechettes","Terror"],"picked":"Distraction","floor":27},{"not_picked":["Malaise","Deflect"],"picked":"Blade Dance+1","floor":28},{"not_picked":["Outmaneuver","Dash"],"picked":"Skewer+1","floor":32},{"not_picked":["Glass Knife","Adrenaline"],"picked":"Corpse Explosion","floor":33},{"not_picked":["PiercingWail","Finisher"],"picked":"Quick Slash","floor":35},{"not_picked":["Tactician","Prepared+1"],"picked":"Backflip","floor":36}],"player_experience":5107,"relics_obtained":[{"floor":6,"key":"Happy Flower"},{"floor":9,"key":"Dream Catcher"},{"floor":13,"key":"Kunai"},{"floor":20,"key":"Nilry\u0027s Codex"},{"floor":26,"key":"Ninja Scroll"},{"floor":28,"key":"Lantern"}],"event_choices":[{"damage_healed":0,"gold_gain":0,"cards_transformed":["Survivor"],"player_choice":"Change","damage_taken":0,"max_hp_gain":0,"max_hp_loss":0,"event_name":"Living Wall","floor":3,"gold_loss":0,"cards_obtained":["Catalyst"]},{"damage_healed":0,"gold_gain":0,"player_choice":"Success","damage_taken":7,"relics_obtained":["Vajra"],"max_hp_gain":0,"max_hp_loss":0,"event_name":"Scrap Ooze","floor":4,"gold_loss":0},{"damage_healed":0,"gold_gain":0,"player_choice":"Bought 2 Potions","damage_taken":0,"max_hp_gain":0,"max_hp_loss":0,"event_name":"The Woman in Blue","floor":11,"gold_loss":0},{"damage_healed":0,"gold_gain":0,"player_choice":"Obtained Relic","damage_taken":0,"relics_obtained":["Bird Faced Urn"],"max_hp_gain":0,"max_hp_loss":0,"event_name":"Addict","floor":19,"gold_loss":85},{"damage_healed":0,"gold_gain":0,"player_choice":"Obtained Book","damage_taken":16,"max_hp_gain":0,"max_hp_loss":0,"event_name":"Cursed Tome","floor":20,"gold_loss":0},{"damage_healed":0,"gold_gain":0,"player_choice":"Traded Relic","damage_taken":0,"relics_obtained":["Nloth\u0027s Gift"],"max_hp_gain":0,"max_hp_loss":0,"event_name":"N\u0027loth","floor":22,"relics_lost":["Happy Flower"],"gold_loss":0},{"damage_healed":0,"gold_gain":100,"player_choice":"Pray","damage_taken":0,"max_hp_gain":0,"max_hp_loss":0,"event_name":"Golden Shrine","floor":30,"gold_loss":0}],"is_beta":false,"boss_relics":[{"not_picked":["Busted Crown","Astrolabe"],"picked":"Tiny House"},{"not_picked":["Runic Dome","Black Star"],"picked":"Ring of the Serpent"}],"items_purged_floors":[],"is_endless":false,"potions_floor_spawned":[5,6,8,14,21,28],"killed_by":"Jaw Worm Horde","ascension_level":0}}