{"host":"srv5asjf43cuzsar","time":1614013206,"event":{"mods":["100% Spire Juice","2.2 Compatiblity","A Magickal Journey","AchievementEnabler","Act Like it!","Astrologer","Bartender","BaseMod","Best Route Mod","Better Third Choice","Card Forge","CatGirl Mod","Clockwork Mod","Conspire","Duelist Mod","Friendly Minions","GifTheSpireLib","Hermit","Hubris","Infinite Spire","Jorbs\u0027s Wanderer Trilogy","Luminous","Mad Scientist","Magitek Elite","Marisa????????","Minty Spire (QoL Compilation)","Pale of the Ancients","Random Character Button","Reliquary","Replay The Spire","Ruina","StSLib","The Alterego","The Animator","The Construct","The Cursed","The Druid","The Exalted","The Judge","The Jungle","The Mystic","The Necromancer","The Poker Player","The Runesmith","The Saiyan","The Senshi","The Servant 0.9.4","TheBandit","TheSwordswoman"],"gold_per_floor":[118,118,129,52,52,52,52,79,79,95,95,95,120,137,137,240,240,255,230,246,6,6,6,6,6,84,151,151,177,205,205,205,310,310,348,348,390,390,390,241,516,516,516,579,479,521,574,644,644,644],"floor_reached":51,"language":"ENG","playtime":3376,"items_purged":[],"score":985,"play_id":"7c7c464f-25f1-4428-a527-07db7d8ae926","local_time":"20210222170006","is_ascension_mode":false,"campfire_choices":[{"floor":6,"key":"REST"},{"floor":11,"key":"REST"},{"floor":15,"key":"REST"},{"floor":23,"key":"REST"},{"floor":25,"key":"REST"},{"floor":32,"key":"DIG"},{"floor":42,"key":"REST"},{"floor":49,"key":"REST"}],"circlet_count":0,"master_deck":["hermit:Strike_Hermit+1","hermit:Defend_Hermit+1","hermit:Defend_Hermit+1","hermit:Snapshot+1","hermit:Covet+1","hermit:Snipe+1","Regret","hermit:Dive+1","hermit:GoldenBullet+1","hermit:HeroicBravado+1","hermit:Combo+1","hermit:Dive+1","hermit:Showdown+1","hubris:NaturalOne","hermit:BlackWind+1","hermit:Headshot+1","hermit:Snipe+1","hermit:Gestalt+1","hermit:EyeOfTheStorm+1","hermit:Glare+1","hermit:Gambit+1","AbeCurse","hermit:Ricochet+1","hermit:TakeCover+1","Mayhem+1","conspire:Blindness","infinitespire:Gouge+1","Regret","hermit:TrackingShot+1"],"relics":["hermit:Momento","Hammer of Thor","Seething Fire","Anvil of the Gods","hubris:Icosahedron","hubris:OldNail","Juzu Bracelet","Odd Mushroom","hubris:Backtick","hermit:Spyglass","Nilry\u0027s Codex","hermit:Horseshoe","Ancient Tea Set","hubris:SlimyHat","Bromod:ArcanePistoleer","reliquary:FingerTrap","SlaversCollar","hubris:DeckOfHolding","Abe\u0027s Treasure","infinitespire:EvilPickle","hubris:Towel","Genji_Glove","Lantern","PreservedInsect","Bottled Tornado"],"acts_visited":["Exordium","TheCity","TheBeyond"],"potions_floor_usage":[8,16,18,30,33],"damage_taken":[{"damage":3,"enemies":"conspire:RoseBush","floor":1,"turns":4},{"damage":0,"enemies":"2 Louse","floor":3,"turns":2},{"damage":21,"enemies":"Gremlin Nob","floor":8,"turns":6},{"damage":1,"enemies":"Jaw Worm","floor":10,"turns":4},{"damage":6,"enemies":"The Mushroom Lair","floor":13,"turns":9},{"damage":6,"enemies":"3 Louse","floor":14,"turns":3},{"damage":34,"enemies":"Slime Boss","floor":16,"turns":14},{"damage":20,"enemies":"conspire:FuzzyDice","floor":18,"turns":9},{"damage":20,"enemies":"2 Thieves","floor":20,"turns":4},{"damage":2,"enemies":"Replay:Snechameleon","floor":27,"turns":9},{"damage":1,"enemies":"conspire:Head Lice","floor":30,"turns":6},{"damage":30,"enemies":"Pondfish","floor":33,"turns":12},{"damage":30,"enemies":"3 Darklings","floor":35,"turns":4},{"damage":13,"enemies":"Orb Walker","floor":37,"turns":3},{"damage":15,"enemies":"R_Hoarder","floor":44,"turns":6},{"damage":1,"enemies":"Maw","floor":46,"turns":3},{"damage":1,"enemies":"Transient","floor":47,"turns":4},{"damage":0,"enemies":"Nemesis","floor":48,"turns":3},{"damage":3,"enemies":"Time Eater","floor":50,"turns":2}],"seed_played":"7593267876589728991","potions_obtained":[{"floor":3,"key":"Block Potion"},{"floor":8,"key":"PowerPotion"},{"floor":16,"key":"Explosive Potion"},{"floor":20,"key":"CultistPotion"},{"floor":27,"key":"SpeedPotion"},{"floor":46,"key":"LiquidBronze"},{"floor":47,"key":"construct:ShiftPotion"}],"is_trial":false,"path_per_floor":["M","?","M","$","?","R","?","E","T","M","R","?","?","M","R","B",null,"M","$","M","?","?","R","?","R","T","E","?","T","E","AVR","R","B",null,"M","?","M","?","?","$","?","R","T","E","NS","M","M","E","R","B",null],"character_chosen":"HERMIT","items_purchased":["hermit:GoldenBullet","hermit:Snipe","Genji_Glove"],"campfire_rested":7,"item_purchase_floors":[4,19,40],"current_hp_per_floor":[79,79,79,79,79,82,82,61,61,60,82,82,76,70,82,48,82,62,62,42,42,26,50,50,74,74,72,72,72,71,71,71,41,82,52,52,39,39,39,39,39,63,63,48,48,47,46,46,70,67],"gold":644,"neow_bonus":"TEN_PERCENT_HP_BONUS","is_daily":false,"chose_seed":false,"campfire_upgraded":0,"win_rate":0.0,"timestamp":1614013206,"path_taken":["M","?","M","$","?","R","?","E","T","M","R","?","?","M","R","BOSS","M","$","M","?","?","R","?","R","T","E","?","?","E","AVR","R","BOSS","M","?","M","?","?","?","?","R","T","E","NS","M","M","E","R","BOSS"],"items_purchased_type":["Card","Card","Relic"],"build_version":"2020-12-22","purchased_purges":0,"victory":true,"max_hp_per_floor":[82,82,82,82,82,82,82,82,82,82,82,82,82,82,82,82,82,82,82,82,82,82,82,82,82,82,82,82,82,82,82,82,82,82,82,82,82,82,82,82,82,82,82,82,82,82,82,82,82,82],"card_choices":[{"not_picked":["hermit:CalledShot","hermit:BodyArmor"],"picked":"hermit:Snipe","floor":1},{"not_picked":["hermit:Vantage","hermit:Roulette"],"picked":"hermit:Dive","floor":3},{"not_picked":["hermit:TakeCover","hermit:GoldenBullet"],"picked":"hermit:HeroicBravado","floor":8},{"not_picked":["hermit:NoHoldsBarred","hermit:Misfire"],"picked":"hermit:Combo","floor":10},{"not_picked":["hermit:Midnight","hermit:WideOpen"],"picked":"hermit:Dive","floor":13},{"not_picked":["hermit:HoleUp","hermit:Coalescence"],"picked":"hermit:Showdown","floor":14},{"not_picked":["hermit:FatalDesire","hermit:Gambit"],"picked":"hermit:BlackWind","floor":16},{"not_picked":["hermit:SprayPray","hermit:Coalescence"],"picked":"hermit:Headshot","floor":18},{"not_picked":["hermit:Snipe","hermit:LoneWolf"],"picked":"hermit:Gestalt+1","floor":20},{"not_picked":["hermit:Vantage","hermit:Combo"],"picked":"hermit:EyeOfTheStorm","floor":27},{"not_picked":["hermit:Malice","hermit:Virtue"],"picked":"hermit:Glare","floor":30},{"not_picked":["hermit:HighNoon","hermit:FinalCanter"],"picked":"hermit:Gambit","floor":33},{"not_picked":["hermit:Manifest+1","hermit:Misfire"],"picked":"hermit:Ricochet+1","floor":35},{"not_picked":["hermit:Snipe+1","hermit:Feint"],"picked":"hermit:TakeCover+1","floor":37},{"not_picked":["Good Instincts","Blind"],"picked":"Mayhem","floor":38},{"not_picked":["infinitespire:Execution","hubris:InfiniteBlow"],"picked":"infinitespire:Gouge","floor":39},{"not_picked":["hermit:CalledShot","hermit:SprayPray"],"picked":"hermit:TrackingShot+1","floor":44},{"not_picked":["hermit:Misfire","hermit:Grudge","hermit:GoldenBullet+1"],"picked":"SKIP","floor":46},{"not_picked":["hermit:Shortfuse+1","hermit:Midnight","hermit:Dive"],"picked":"SKIP","floor":47},{"not_picked":["hermit:Shortfuse+1","hermit:Midnight","hermit:Dive"],"picked":"SKIP","floor":47},{"not_picked":["hermit:Misfire+1","hermit:SprayPray","hermit:HoleUp+1"],"picked":"SKIP","floor":48}],"player_experience":547337,"relics_obtained":[{"floor":8,"key":"hubris:OldNail"},{"floor":9,"key":"Juzu Bracelet"},{"floor":13,"key":"Odd Mushroom"},{"floor":22,"key":"Nilry\u0027s Codex"},{"floor":26,"key":"hermit:Horseshoe"},{"floor":27,"key":"Ancient Tea Set"},{"floor":29,"key":"hubris:SlimyHat"},{"floor":30,"key":"Bromod:ArcanePistoleer"},{"floor":32,"key":"hubris:DeckOfHolding"},{"floor":43,"key":"Lantern"},{"floor":44,"key":"PreservedInsect"},{"floor":48,"key":"Bottled Tornado"}],"event_choices":[{"damage_healed":0,"gold_gain":0,"cards_transformed":["hermit:Strike_Hermit"],"player_choice":"Change","damage_taken":0,"max_hp_gain":0,"max_hp_loss":0,"event_name":"Living Wall","floor":7,"gold_loss":0,"cards_obtained":["hermit:LoneWolf"]},{"damage_healed":0,"gold_gain":0,"player_choice":"Fought Mushrooms","damage_taken":0,"max_hp_gain":0,"max_hp_loss":0,"event_name":"Mushrooms","floor":13,"gold_loss":0},{"damage_healed":0,"gold_gain":0,"player_choice":"Obtained Book","damage_taken":16,"max_hp_gain":0,"max_hp_loss":0,"event_name":"Cursed Tome","floor":22,"gold_loss":0},{"damage_healed":0,"gold_gain":0,"player_choice":"Memory 1","damage_taken":0,"max_hp_gain":0,"max_hp_loss":0,"event_name":"SensoryStone","floor":38,"gold_loss":0},{"damage_healed":0,"gold_gain":275,"player_choice":"Desecrate","damage_taken":0,"max_hp_gain":0,"max_hp_loss":0,"event_name":"Golden Shrine","floor":41,"gold_loss":0,"cards_obtained":["Regret"]}],"is_beta":false,"boss_relics":[{"not_picked":["Black Star","Kintsugi"],"picked":"hubris:Backtick"},{"not_picked":["Velvet Choker","hubris:VirtuousBlindfold"],"picked":"Abe\u0027s Treasure"}],"items_purged_floors":[],"is_endless":false,"potions_floor_spawned":[3,8,16,20,27,46,47],"ascension_level":0}}