{"host":"28bpuzdckreop5i0","time":1614021178,"event":{"mods":["BaseMod","Downfall","Minty Spire (QoL Compilation)","Relic Stats","Shop Mod","StSLib"],"gold_per_floor":[99,117,131,131,46,46,46,64,83,117,117,128,128,140,156,251,251,251,268,268,282,282,282,282,155,155,155],"floor_reached":26,"language":"ENG","playtime":1203,"items_purged":["Injury"],"score":284,"play_id":"da54beec-ef29-4a2a-a139-70997df4dab2","local_time":"20210222131258","is_ascension_mode":true,"campfire_choices":[{"data":"champ:Taunt","floor":1,"key":"SMITH"},{"data":"champ:ArenaPreparation","floor":6,"key":"SMITH"},{"data":"champ:Improvising","floor":13,"key":"SMITH"},{"data":"champ:GladiatorForm","floor":18,"key":"SMITH"}],"circlet_count":0,"master_deck":["champ:Strike","champ:Strike","champ:Defend","champ:Defend","champ:Defend","champ:Execute","champ:Taunt+1","champ:CalledShot","champ:VampiricStrike","champ:PreciseThrust","champ:StanceDance","champ:Shatter","champ:ArenaPreparation+1","champ:AdrenalArmor","champ:ShieldSigil","champ:Improvising+1","champ:BringItOn","champ:FaceSlap","champ:Endure","champ:GladiatorForm+1","champ:StanceDance+1","champ:RecklessLeap"],"relics":["champ:ChampionCrown","Pear","Cursed Key","champ:GladiatorsBookOfMartialProwess","downfall:RedIOU","Dead Branch"],"acts_visited":["Exordium","TheCity"],"potions_floor_usage":[14,15,16,25],"damage_taken":[{"damage":29,"enemies":"Small Slimes","floor":2,"turns":4},{"damage":10,"enemies":"Cultist","floor":3,"turns":2},{"damage":25,"enemies":"downfall:FleeingMerchant","floor":5,"turns":4},{"damage":15,"enemies":"2 Louse","floor":8,"turns":1},{"damage":35,"enemies":"downfall:LooterAlt","floor":9,"turns":2},{"damage":72,"enemies":"Lagavulin","floor":10,"turns":3},{"damage":34,"enemies":"Exordium Wildlife","floor":12,"turns":3},{"damage":5,"enemies":"3 Louse","floor":14,"turns":3},{"damage":35,"enemies":"Exordium Thugs","floor":15,"turns":3},{"damage":35,"enemies":"IC_STATUS_ARCHETYPE","floor":16,"turns":4},{"damage":83,"enemies":"3 Byrds","floor":19,"turns":5},{"damage":61,"enemies":"Chosen","floor":21,"turns":3},{"damage":55,"enemies":"downfall:FleeingMerchant","floor":25,"turns":4},{"damage":71,"enemies":"Shelled Parasite and Fungi","floor":26,"turns":4}],"seed_played":"-1046628124497200611","potions_obtained":[{"floor":3,"key":"Strength Potion"},{"floor":8,"key":"SkillPotion"},{"floor":12,"key":"hexamod:SoulburnPotion"},{"floor":14,"key":"Weak Potion"},{"floor":15,"key":"DistilledChaos"}],"is_trial":false,"path_per_floor":["R","M","M","?","$","R","T","M","M","E","?","M","R","M","M","B",null,"R","M","?","M","?","?","T","$","M"],"character_chosen":"THE_CHAMP","items_purchased":["champ:ArenaPreparation","champ:RecklessLeap"],"campfire_rested":0,"item_purchase_floors":[5,25],"current_hp_per_floor":[81,72,72,72,72,72,72,72,72,70,70,61,61,56,56,56,91,91,68,68,67,67,67,67,62,0,0],"gold":155,"neow_bonus":"TRANSFORM_TWO_CARDS","is_daily":false,"chose_seed":false,"campfire_upgraded":4,"win_rate":0.0,"timestamp":1614021178,"path_taken":["R","M","M","?","?","R","T","M","M","E","?","?","R","M","M","BOSS","R","M","?","M","?","?","T","$","M"],"items_purchased_type":["Card","Card"],"build_version":"2020-12-22","purchased_purges":1,"victory":false,"max_hp_per_floor":[81,81,81,81,81,81,81,81,81,91,91,91,91,91,91,91,91,91,91,91,91,91,91,91,91,91,91],"relic_stats":{"counters":[14,45],"Dead Branch":[3],"Cursed Key":1,"obtain_stats":[{"Pear":10,"Dead Branch":24,"champ:ChampionCrown":0,"downfall:RedIOU":22,"champ:FightingForDummies":7,"Cursed Key":17,"champ:GladiatorsBookOfMartialProwess":20},{"Pear":6,"Dead Branch":12,"champ:ChampionCrown":0,"downfall:RedIOU":12,"champ:FightingForDummies":3,"Cursed Key":10,"champ:GladiatorsBookOfMartialProwess":11},{"Pear":16,"Dead Branch":37,"champ:ChampionCrown":0,"downfall:RedIOU":37,"champ:FightingForDummies":10,"Cursed Key":29,"champ:GladiatorsBookOfMartialProwess":34}]},"card_choices":[{"not_picked":["champ:ShieldSigil","champ:EnGarde"],"picked":"champ:PreciseThrust","floor":2},{"not_picked":["champ:Haymaker","champ:Parry"],"picked":"champ:StanceDance","floor":3},{"not_picked":["champ:BerserkersShout","champ:TornadoPunch"],"picked":"champ:Shatter","floor":5},{"not_picked":["champ:Endure","champ:CrownThrow"],"picked":"champ:AdrenalArmor","floor":8},{"not_picked":["champ:IronFortress","champ:CheapShot"],"picked":"champ:ShieldSigil","floor":9},{"not_picked":["champ:SteelEdge","champ:EndlessRage"],"picked":"champ:Improvising","floor":10},{"not_picked":["champ:Backstep","champ:FocusedBerserking"],"picked":"champ:BringItOn","floor":12},{"not_picked":["champ:SetATrap","champ:Encircle"],"picked":"champ:FaceSlap","floor":14},{"not_picked":["champ:PreciseThrust","champ:Parry"],"picked":"champ:Endure","floor":15},{"not_picked":["champ:IgnorePain","champ:HoldFirm"],"picked":"champ:GladiatorForm","floor":16},{"not_picked":["champ:Circumvent","champ:BladeFlurry"],"picked":"champ:StanceDance+1","floor":19},{"not_picked":["champ:TornadoPunch","champ:PreciseThrust","champ:BladeFlurry"],"picked":"SKIP","floor":21},{"not_picked":["champ:Circumvent","champ:BladeFlurry","champ:Lariat"],"picked":"SKIP","floor":25}],"player_experience":1006969,"relics_obtained":[{"floor":7,"key":"champ:FightingForDummies"},{"floor":10,"key":"Pear"},{"floor":24,"key":"Dead Branch"}],"event_choices":[{"damage_healed":0,"gold_gain":0,"player_choice":"Ignored","damage_taken":0,"max_hp_gain":0,"max_hp_loss":0,"event_name":"Ghosts","floor":23,"gold_loss":0}],"is_beta":false,"boss_relics":[{"not_picked":["Busted Crown","Sozu"],"picked":"Cursed Key"}],"items_purged_floors":[25],"is_endless":false,"potions_floor_spawned":[3,8,12,14,15],"killed_by":"Shelled Parasite and Fungi","ascension_level":2}}