{"host":"9n6i2vl93jt4o42q","time":1614005946,"event":{"mods":["BaseMod","Minty Spire (QoL Compilation)","Relic Stats"],"gold_per_floor":[115,126,139,139,119,119,134,164,176,188,188],"floor_reached":10,"language":"ENG","playtime":444,"items_purged":[],"score":136,"play_id":"48783323-1432-4ca1-a12e-c7cb6d653c37","local_time":"20210222155906","is_ascension_mode":true,"campfire_choices":[{"data":"Rampage","floor":6,"key":"SMITH"}],"circlet_count":0,"master_deck":["AscendersBane","Strike_R","Strike_R","Strike_R","Defend_R","Defend_R","Defend_R","Bash","Sentinel","Rampage+1","Burning Pact","Cleave","Flex","True Grit","Headbutt"],"relics":["Burning Blood","MawBank","Omamori"],"acts_visited":["Exordium"],"potions_floor_usage":[10],"damage_taken":[{"damage":9,"enemies":"Jaw Worm","floor":1,"turns":4},{"damage":4,"enemies":"Small Slimes","floor":2,"turns":3},{"damage":1,"enemies":"Cultist","floor":3,"turns":3},{"damage":11,"enemies":"Exordium Wildlife","floor":7,"turns":4},{"damage":53,"enemies":"Gremlin Nob","floor":8,"turns":5},{"damage":28,"enemies":"Lagavulin","floor":10,"turns":5}],"seed_played":"8227874879642399483","potions_obtained":[{"floor":2,"key":"Energy Potion"},{"floor":5,"key":"ElixirPotion"}],"is_trial":false,"path_per_floor":["M","M","M","?","?","R","M","E","T","E"],"character_chosen":"IRONCLAD","items_purchased":[],"campfire_rested":0,"item_purchase_floors":[],"current_hp_per_floor":[65,67,68,61,61,61,56,9,9,0,0],"gold":188,"neow_bonus":"TRANSFORM_TWO_CARDS","is_daily":false,"chose_seed":false,"campfire_upgraded":1,"win_rate":0.0,"timestamp":1614005946,"path_taken":["M","M","M","?","?","R","M","E","T","E"],"items_purchased_type":[],"build_version":"2020-12-22","purchased_purges":0,"victory":false,"max_hp_per_floor":[68,68,68,68,68,68,68,68,68,68,68],"relic_stats":{"counters":[6,24],"MawBank":24,"obtain_stats":[{"Omamori":9,"MawBank":8,"Burning Blood":0},{"Omamori":5,"MawBank":5,"Burning Blood":0},{"Omamori":19,"MawBank":19,"Burning Blood":0}],"Burning Blood":26},"card_choices":[{"not_picked":["Clothesline","Twin Strike"],"picked":"Burning Pact","floor":1},{"not_picked":["Clash","Pommel Strike"],"picked":"Cleave","floor":2},{"not_picked":["Wild Strike","Whirlwind"],"picked":"Flex","floor":3},{"not_picked":["Evolve","Second Wind"],"picked":"True Grit","floor":7},{"not_picked":["Clash","Infernal Blade"],"picked":"Headbutt","floor":8}],"player_experience":2610740,"relics_obtained":[{"floor":8,"key":"MawBank"},{"floor":9,"key":"Omamori"}],"event_choices":[{"cards_removed":["Strike_R"],"damage_healed":0,"gold_gain":0,"player_choice":"Card Removal","damage_taken":7,"max_hp_gain":0,"max_hp_loss":0,"event_name":"Golden Wing","floor":4,"gold_loss":0},{"damage_healed":0,"gold_gain":0,"player_choice":"Bought 1 Potion","damage_taken":0,"max_hp_gain":0,"max_hp_loss":0,"event_name":"The Woman in Blue","floor":5,"gold_loss":0}],"is_beta":false,"boss_relics":[],"items_purged_floors":[],"is_endless":false,"potions_floor_spawned":[2,8],"killed_by":"Lagavulin","ascension_level":20}}