{"host":"2a0mdijsgk15db4y","time":1614031323,"event":{"mods":["AchievementEnabler","BaseMod","Colored Map","Colored Powertips","Downfall","Googly Eyes","Hermit","Highlight Path","Hubris","Jorbs\u0027s Wanderer Trilogy","Minty Spire (QoL Compilation)","Quick Restart","Rare Cards Sparkle","Replay The Spire","Shop Mod","StSLib","The Bug Knight","The Construct","The Cursed","The Hierophant","The Mystic"],"gold_per_floor":[110,171,56,84,84,133,160,160,160,206,231,258,289,315,315,422,422,449,449,473,499,499,499,536,536,536,536,567,567,597,623,623,637,637],"floor_reached":33,"language":"ENG","playtime":1868,"items_purged":[],"score":281,"play_id":"e0e916e0-c06c-436c-af50-3de811147589","local_time":"20210222140203","is_ascension_mode":false,"campfire_choices":[{"data":"TheCursedMod:FleshFromBone","floor":8.0,"key":"SMITH"},{"floor":15.0,"key":"REST"},{"data":"TheCursedMod:DemonicPact","floor":23.0,"key":"SMITH"},{"floor":25.0,"key":"REST"},{"data":"TheCursedMod:HellfireBreathing","floor":27.0,"key":"SMITH"},{"floor":29,"key":"REST"},{"data":"TheCursedMod:CircleOfAbyss","floor":32,"key":"SMITH"}],"circlet_count":0,"master_deck":["TheCursedMod:Strike_TheCursed","TheCursedMod:Strike_TheCursed","TheCursedMod:Strike_TheCursed","TheCursedMod:Defend_TheCursed","TheCursedMod:Defend_TheCursed","TheCursedMod:Defend_TheCursed","TheCursedMod:Defend_TheCursed","TheCursedMod:CursedWand","TheCursedMod:CleanUpWorkshop+1","TheCursedMod:Dregs","TheCursedMod:CursedBlade","TheCursedMod:SpitefulStrike","TheCursedMod:CircleOfAbyss+1","TheCursedMod:HellfireBreathing+1","TheCursedMod:FleshFromBone+1","TheCursedMod:CircleOfFlame","TheCursedMod:AshesToAshes","TheCursedMod:CircleOfBlood","TheCursedMod:DemonicPact+1","TheCursedMod:ReleasedStrength","TheCursedMod:Wield+1","TheCursedMod:CircleOfAbyss+1","Delirium","TheCursedMod:CircleOfAmplification+1"],"relics":["TheCursedMod:BlackMagic101","Replay:Bandana","PreservedInsect","Mirror","Bag of Marbles","Cursed Key","Bottled Tornado","Mummified Hand"],"acts_visited":["Exordium","TheCity"],"potions_floor_usage":[30,31,33],"damage_taken":[{"damage":0.0,"enemies":"Jaw Worm","floor":1.0,"turns":3.0},{"damage":0.0,"enemies":"2 Louse","floor":4.0,"turns":2.0},{"damage":8.0,"enemies":"HollowMod:MossKnight","floor":6.0,"turns":13.0},{"damage":2.0,"enemies":"Small Slimes","floor":7.0,"turns":3.0},{"damage":12.0,"enemies":"Lagavulin","floor":10.0,"turns":6.0},{"damage":0.0,"enemies":"3 Louse","floor":11.0,"turns":2.0},{"damage":6.0,"enemies":"Exordium Wildlife","floor":12.0,"turns":4.0},{"damage":35.0,"enemies":"Gremlin Gang","floor":13.0,"turns":5.0},{"damage":0.0,"enemies":"Lots of Slimes","floor":14.0,"turns":4.0},{"damage":16.0,"enemies":"The Guardian","floor":16.0,"turns":16.0},{"damage":12.0,"enemies":"Spheric Guardian","floor":18.0,"turns":6.0},{"damage":0.0,"enemies":"Chosen","floor":20.0,"turns":5.0},{"damage":32.0,"enemies":"3 Cultists","floor":21.0,"turns":6.0},{"damage":32.0,"enemies":"Replay:Snechameleon","floor":24.0,"turns":6.0},{"damage":34.0,"enemies":"Snecko","floor":28.0,"turns":6.0},{"damage":0,"enemies":"Chosen and Byrds","floor":30,"turns":5},{"damage":13,"enemies":"Snake Plant","floor":31,"turns":5},{"damage":52,"enemies":"hubris:MusketHawk","floor":33,"turns":6}],"seed_played":"4190025572588506004","potions_obtained":[{"floor":2.0,"key":"sneckomod:MuddlingPotion"},{"floor":2.0,"key":"EssenceOfSteel"},{"floor":6.0,"key":"Venom Potion"},{"floor":7.0,"key":"ColorlessPotion"},{"floor":11.0,"key":"Fire Potion"},{"floor":13.0,"key":"Flashbang"},{"floor":20.0,"key":"Venom Potion"},{"floor":24.0,"key":"Adrenaline Potion"},{"floor":28.0,"key":"Strength Potion"},{"floor":30,"key":"Swift Potion"}],"is_trial":false,"path_per_floor":["M","?","$","M","?","E","M","R","T","E","M","M","M","M","R","B",null,"M","?","M","M","?","R","E","R","T","R","M","R","M","M","R","B"],"character_chosen":"THE_CURSED","items_purchased":["TheCursedMod:CircleOfAbyss+1"],"campfire_rested":3,"item_purchase_floors":[3],"current_hp_per_floor":[82,82,82,82,82,74,72,72,72,60,60,54,19,23,47,33,82,70,82,82,50,50,50,18,42,42,42,10,34,34,25,25,0,0],"gold":637,"neow_bonus":"TEN_PERCENT_HP_BONUS","is_daily":false,"chose_seed":false,"campfire_upgraded":4,"win_rate":0.0,"timestamp":1614031323,"path_taken":["M","?","$","M","?","E","M","R","T","E","M","M","M","M","R","BOSS","M","?","M","M","?","R","E","R","T","R","?","R","M","M","R","BOSS"],"items_purchased_type":["Card"],"build_version":"2020-12-22","purchased_purges":0,"victory":false,"max_hp_per_floor":[82,82,82,82,82,82,82,82,82,82,82,82,82,82,82,82,82,82,82,82,82,82,82,82,82,82,82,82,82,82,82,82,82,82],"card_choices":[{"not_picked":["TheCursedMod:SpitefulStrike","TheCursedMod:TacticalStrike"],"picked":"TheCursedMod:CursedBlade","floor":1.0},{"not_picked":["TheCursedMod:CircleOfWindfury","TheCursedMod:Wield"],"picked":"TheCursedMod:SpitefulStrike","floor":2.0},{"not_picked":["TheCursedMod:CursedAmulet","TheCursedMod:CursedMace","TheCursedMod:PrepareRite"],"picked":"SKIP","floor":4.0},{"not_picked":["TheCursedMod:CursedBoomerang","TheCursedMod:CursedMace"],"picked":"TheCursedMod:HellfireBreathing","floor":6.0},{"not_picked":["TheCursedMod:TacticalStrike","TheCursedMod:CursedMace"],"picked":"TheCursedMod:FleshFromBone","floor":7.0},{"not_picked":["TheCursedMod:SaltUponWound","TheCursedMod:SpitefulStrike"],"picked":"TheCursedMod:CircleOfFlame","floor":10.0},{"not_picked":["TheCursedMod:CircleOfFocus","TheCursedMod:RavingStaff","TheCursedMod:WearCloak"],"picked":"SKIP","floor":11.0},{"not_picked":["TheCursedMod:FleshFromBone","TheCursedMod:TacticalStrike"],"picked":"TheCursedMod:AshesToAshes","floor":12.0},{"not_picked":["TheCursedMod:AbyssShockwave","TheCursedMod:FleshFromBone"],"picked":"TheCursedMod:CircleOfBlood","floor":13.0},{"not_picked":["TheCursedMod:CursedStaff","TheCursedMod:CursedRelics","TheCursedMod:Torture"],"picked":"SKIP","floor":14.0},{"not_picked":["TheCursedMod:Neurasthenia","TheCursedMod:UltimatePain"],"picked":"TheCursedMod:DemonicPact","floor":16.0},{"not_picked":["TheCursedMod:EmpowerCircles","TheCursedMod:WearCloak+1"],"picked":"TheCursedMod:ReleasedStrength","floor":18.0},{"not_picked":["TheCursedMod:CursedAmulet","TheCursedMod:TroublousMinions"],"picked":"TheCursedMod:Wield+1","floor":20.0},{"not_picked":["TheCursedMod:Torture","TheCursedMod:RapidMovement","TheCursedMod:PrepareRite"],"picked":"SKIP","floor":21.0},{"not_picked":["TheCursedMod:CursedArmor","TheCursedMod:FleshFromBone"],"picked":"TheCursedMod:CircleOfAbyss","floor":24.0},{"not_picked":["TheCursedMod:WearCloak","TheCursedMod:Obscuration"],"picked":"TheCursedMod:CircleOfAmplification+1","floor":28.0},{"not_picked":["TheCursedMod:Obscuration","TheCursedMod:Grudge","TheCursedMod:BlessingInDisguise"],"picked":"SKIP","floor":30},{"not_picked":["TheCursedMod:CircleOfFlame","TheCursedMod:SpitefulStrike","TheCursedMod:Stretching+1"],"picked":"SKIP","floor":31}],"player_experience":199360,"relics_obtained":[{"floor":2.0,"key":"Replay:Bandana"},{"floor":6.0,"key":"PreservedInsect"},{"floor":9.0,"key":"Mirror"},{"floor":10.0,"key":"Bag of Marbles"},{"floor":24.0,"key":"Bottled Tornado"},{"floor":26.0,"key":"Mummified Hand"}],"event_choices":[{"damage_healed":0.0,"max_hp_gain":0.0,"max_hp_loss":0.0,"gold_gain":0.0,"event_name":"Living Wall","player_choice":"Grow","floor":5.0,"gold_loss":0.0,"damage_taken":0.0,"cards_upgraded":["TheCursedMod:CleanUpWorkshop"]},{"damage_healed":27.0,"max_hp_gain":0.0,"max_hp_loss":0.0,"gold_gain":0.0,"event_name":"The Library","player_choice":"Heal","floor":19.0,"gold_loss":0.0,"damage_taken":0.0},{"cards_removed":["TheCursedMod:Strike_TheCursed"],"damage_healed":0.0,"max_hp_gain":0.0,"max_hp_loss":0.0,"gold_gain":0.0,"event_name":"Wheel of Change","player_choice":"Card Removal","floor":22.0,"gold_loss":0.0,"damage_taken":0.0}],"is_beta":false,"boss_relics":[{"not_picked":["ReplayTheSpireMod:DimensionalGlitch","Coffee Dripper"],"picked":"Cursed Key"}],"items_purged_floors":[],"is_endless":false,"potions_floor_spawned":[6,7,11,13,14,20,24,28,30],"killed_by":"hubris:MusketHawk","ascension_level":0}}