{"host":"lnfs5t5iydkm2lft","time":1614033346,"event":{"mods":["AchievementEnabler","Act Like it!","Aspiration","BaseMod","Better Third Choice","BetterRewards","Colored Powertips","Downfall","Hallownest","Hermit","Hubris","Infinite Spire","Marisa????????","Minty Spire (QoL Compilation)","Quick Restart","Reliquary","Replay The Spire","StSLib","The Bug Knight","The Runesmith","everything is the same but u backflip on backflip"],"gold_per_floor":[117,117,117,117,117,142,22,22,22,22,38,50,50,62,62,166,166,181,197,197,228,228,228,242,257,257,277,294,294,294,294,294,326,326,422,422,440,450,450,450],"floor_reached":39,"language":"ENG","playtime":1743,"items_purged":["HollowMod:NailStrikeStart"],"score":624,"play_id":"4d0d6f94-9bce-423a-b5c3-a5fb05885f82","local_time":"20210222163546","is_ascension_mode":false,"campfire_choices":[{"floor":8,"key":"REST"},{"data":"HollowMod:ChannelNail","floor":10,"key":"SMITH"},{"data":"HollowMod:HornetsHelp","floor":13,"key":"SMITH"},{"data":"HollowMod:MidwifesHunger","floor":23,"key":"SMITH"},{"floor":30,"key":"REST"},{"data":"HollowMod:DashSlash","floor":34,"key":"SMITH"}],"circlet_count":0,"master_deck":["HollowMod:NailStrikeStart","HollowMod:NailStrikeStart","HollowMod:QuickDashStart","HollowMod:QuickDashStart","HollowMod:QuickDashStart","HollowMod:QuickDashStart","HollowMod:FocusHealStart","HollowMod:PogoStrike","HollowMod:Grubsong+1","HollowMod:MantisMark","HollowMod:ShapeofUnn","HollowMod:ChannelNail+1","HollowMod:DashSlash+1","HollowMod:HornetsHelp+1","HollowMod:MidwifesHunger+1","HollowMod:InfectedCysts","HollowMod:QuirrelsAssistance","hubris:InfiniteBlow+3","HollowMod:GoodIntentions","HollowMod:VengefulSpirit+1","HollowMod:ElderbugsWisdom"],"relics":["HollowMod:VesselMask","Mango","Iron Hammer","ClockworkSouvenir","Replay:Ringing Soul","Kunai","reliquary:TuningFork","hubris:ScarierMask","Red Mask","Darkstone Periapt","Painkiller Herb"],"acts_visited":["Exordium","TheCity","TheCity"],"potions_floor_usage":[14,16,21,35,35],"damage_taken":[{"damage":2,"enemies":"Jaw Worm","floor":1,"turns":4},{"damage":34,"enemies":"Gremlin Nob","floor":6,"turns":4},{"damage":0,"enemies":"Small Slimes","floor":11,"turns":2},{"damage":0,"enemies":"2 Louse","floor":12,"turns":2},{"damage":0,"enemies":"Lots of Slimes","floor":14,"turns":4},{"damage":21,"enemies":"HollowMod:FalseKnight","floor":16,"turns":10},{"damage":0,"enemies":"3 Byrds","floor":18,"turns":5},{"damage":0,"enemies":"HollowMod:HuskSentry","floor":19,"turns":3},{"damage":1,"enemies":"Masked Bandits","floor":21,"turns":5},{"damage":0,"enemies":"Centurion and Healer","floor":24,"turns":4},{"damage":0,"enemies":"Sentry and Sphere","floor":25,"turns":2},{"damage":25,"enemies":"Snake Plant","floor":27,"turns":5},{"damage":7,"enemies":"Chosen and Byrds","floor":28,"turns":5},{"damage":0,"enemies":"Replay:Snechameleon","floor":33,"turns":9},{"damage":66,"enemies":"Champ","floor":35,"turns":16},{"damage":0,"enemies":"Hallownest:Shield_Heavy","floor":37,"turns":4},{"damage":7,"enemies":"Hallownest:2_Littles","floor":38,"turns":4}],"seed_played":"-3806326404503443097","potions_obtained":[{"floor":6,"key":"Block Potion"},{"floor":12,"key":"Regen Potion"},{"floor":18,"key":"PowerPotion"},{"floor":24,"key":"Strength Potion"},{"floor":28,"key":"Dexterity Potion"},{"floor":37,"key":"Energy Potion"},{"floor":38,"key":"FearPotion"}],"is_trial":false,"path_per_floor":["M","?","?","?","?","E","$","R","T","R","M","M","R","M","R","B",null,"M","M","?","?","?","R","M","M","T","M","M","?","R","PTL","PTL","E","R","B",null,"?","?","?"],"character_chosen":"THE_BUGKNIGHT","items_purchased":["Iron Hammer","HollowMod:Grubsong+1","HollowMod:MantisMark","ClockworkSouvenir","HollowMod:DashSlash"],"campfire_rested":2,"item_purchase_floors":[0,0,0,0,7],"current_hp_per_floor":[87,87,92,92,92,64,67,96,96,96,96,99,99,99,99,97,103,106,109,86,94,94,94,94,94,94,69,65,65,100,100,100,100,100,43,121,121,114,114,114],"gold":450,"neow_bonus":"","is_daily":false,"chose_seed":false,"campfire_upgraded":4,"win_rate":0.0,"timestamp":1614033346,"path_taken":["M","?","?","?","?","E","$","R","T","R","M","M","R","M","R","BOSS","M","M","?","?","?","R","M","?","T","M","M","?","R","PTL","PTL","E","R","BOSS","?","?","?"],"items_purchased_type":["Relic","Card","Card","Relic","Card"],"build_version":"2020-12-22","purchased_purges":1,"victory":false,"max_hp_per_floor":[89,89,94,94,94,94,97,97,97,97,97,100,100,100,100,103,103,106,109,112,115,115,115,115,115,115,115,118,118,118,118,118,118,118,121,121,121,121,121,121],"card_choices":[{"not_picked":["HollowMod:VengefulVoid","HollowMod:DescendingDark"],"picked":"HollowMod:ShapeofUnn","floor":1},{"not_picked":["HollowMod:ChannelNail","HollowMod:HeavyBlow","HollowMod:SiblingsSouls"],"picked":"SKIP","floor":6},{"not_picked":["HollowMod:ChannelNail","HollowMod:HeavyBlow","HollowMod:SiblingsSouls"],"picked":"SKIP","floor":6},{"not_picked":["HollowMod:ChannelNail","HollowMod:SiblingsShadow","HollowMod:NewLittleFool"],"picked":"SKIP","floor":11},{"not_picked":["HollowMod:NewJinnsSoul","HollowMod:TaintedHusks"],"picked":"HollowMod:HornetsHelp","floor":12},{"not_picked":["HollowMod:HeavyBlow","HollowMod:SoulStrike","HollowMod:DescendingDark"],"picked":"SKIP","floor":14},{"not_picked":["HollowMod:ElderbugsWisdom","HollowMod:Hiveblood"],"picked":"HollowMod:MidwifesHunger","floor":16},{"not_picked":["HollowMod:SoulShaman","HollowMod:PureNailStrike"],"picked":"HollowMod:InfectedCysts","floor":18},{"not_picked":["HollowMod:NewLittleFool","HollowMod:SharpenedShadows"],"picked":"HollowMod:QuirrelsAssistance","floor":19},{"not_picked":["infinitespire:NeuralNetwork","infinitespire:Punishment"],"picked":"hubris:InfiniteBlow+3","floor":20},{"not_picked":["HollowMod:MawleksShell","HollowMod:LifebloodCocoon"],"picked":"HollowMod:GoodIntentions","floor":21},{"not_picked":["HollowMod:InfectedCysts","HollowMod:InfectedAttack+1","HollowMod:VengefulVoid"],"picked":"SKIP","floor":24},{"not_picked":["HollowMod:HeavyBlow","HollowMod:LifebloodCocoon","HollowMod:BlackTendrils"],"picked":"SKIP","floor":25},{"not_picked":["HollowMod:LordofShades","HollowMod:ShadowDash","HollowMod:CycloneSlash"],"picked":"SKIP","floor":27},{"not_picked":["HollowMod:WraithStrike","HollowMod:LifebloodCocoon"],"picked":"HollowMod:VengefulSpirit+1","floor":28},{"not_picked":["HollowMod:InfectionAssault","HollowMod:VoidDash","HollowMod:SharpenedShadows"],"picked":"SKIP","floor":33},{"not_picked":["HollowMod:SoulMaster","HollowMod:LordofShades"],"picked":"HollowMod:ElderbugsWisdom","floor":35},{"not_picked":["HollowMod:CycloneSlash+1","HollowMod:Grubsong","HollowMod:FallenFury"],"picked":"SKIP","floor":37},{"not_picked":["HollowMod:AbyssShriek","HollowMod:GreatSlash","HollowMod:CycloneSlash+1"],"picked":"SKIP","floor":38}],"player_experience":423070,"relics_obtained":[{"floor":6,"key":"Replay:Ringing Soul"},{"floor":9,"key":"Kunai"},{"floor":15,"key":"reliquary:TuningFork"},{"floor":21,"key":"Red Mask"},{"floor":33,"key":"Darkstone Periapt"}],"event_choices":[{"damage_healed":0,"gold_gain":0,"player_choice":"Donut","damage_taken":0,"max_hp_gain":5,"max_hp_loss":0,"event_name":"Big Fish","floor":3,"gold_loss":0},{"damage_healed":0,"gold_gain":0,"player_choice":"Ignored","damage_taken":117,"max_hp_gain":0,"max_hp_loss":0,"event_name":"betterThird:BetterSerpent","floor":5,"gold_loss":0},{"damage_healed":0,"gold_gain":0,"player_choice":"Fought Bandits","damage_taken":0,"max_hp_gain":0,"max_hp_loss":0,"event_name":"Masked Bandits","floor":21,"gold_loss":0},{"cards_removed":["HollowMod:NailStrikeStart"],"damage_healed":0,"gold_gain":0,"player_choice":"Purged","damage_taken":0,"max_hp_gain":0,"max_hp_loss":0,"event_name":"Purifier","floor":22,"gold_loss":0}],"is_beta":false,"boss_relics":[{"not_picked":["Replay:Bronze Core","bronze:MakeshiftBattery"],"picked":"hubris:ScarierMask"},{"not_picked":["Velvet Choker","SlaversCollar"],"picked":"Painkiller Herb"}],"items_purged_floors":[7],"is_endless":false,"potions_floor_spawned":[6,12,18,24,28,37,38],"ascension_level":0}}