{"host":"4xh8v5undae39mue","time":1614019311,"event":{"mods":["AchievementEnabler","BaseMod","Minty Spire (QoL Compilation)"],"gold_per_floor":[115,135,105,125,138,138,165,180,180,194,194,194,208,226,226,331,331,343,268,282,36,36,70,70,70],"floor_reached":24,"language":"ENG","playtime":2294,"items_purged":["Defend_P"],"score":242,"play_id":"166a57b5-5545-44ff-b56e-d85d5f1e92bc","local_time":"20210222134151","is_ascension_mode":true,"campfire_choices":[{"data":"Study","floor":6,"key":"SMITH"},{"floor":12,"key":"REST"},{"floor":15,"key":"REST"}],"circlet_count":0,"master_deck":["Strike_P","Defend_P","Defend_P","Defend_P","Eruption","Vigilance","CurseOfTheBell","EmptyBody","Study+1","SignatureMove","ThirdEye","Wallop","Adaptation","EmptyFist","CutThroughFate","Vengeance","DeusExMachina","Devotion","Blasphemy+1","CrushJoints+1","DevaForm+1","ForeignInfluence","Weave"],"relics":["Calling Bell","Dream Catcher","Sundial","Bird Faced Urn","Anchor","Kunai","Astrolabe","Akabeko"],"acts_visited":["Exordium","TheCity"],"potions_floor_usage":[5,5,7,8,13,16,23,23],"damage_taken":[{"damage":3,"enemies":"Cultist","floor":1,"turns":4},{"damage":14,"enemies":"Jaw Worm","floor":2,"turns":5},{"damage":2,"enemies":"2 Louse","floor":4,"turns":3},{"damage":26,"enemies":"Large Slime","floor":5,"turns":9},{"damage":20,"enemies":"3 Sentries","floor":7,"turns":10},{"damage":6,"enemies":"Lots of Slimes","floor":8,"turns":5},{"damage":8,"enemies":"3 Louse","floor":10,"turns":6},{"damage":3,"enemies":"Blue Slaver","floor":13,"turns":4},{"damage":2,"enemies":"2 Fungi Beasts","floor":14,"turns":4},{"damage":2,"enemies":"The Guardian","floor":16,"turns":13},{"damage":13,"enemies":"2 Thieves","floor":18,"turns":4},{"damage":28,"enemies":"Spheric Guardian","floor":20,"turns":4},{"damage":21,"enemies":"Gremlin Leader","floor":23,"turns":4},{"damage":100010,"enemies":"3 Cultists","floor":24,"turns":5}],"seed_played":"-4050353220175998453","potions_obtained":[{"floor":3,"key":"Weak Potion"},{"floor":3,"key":"PowerPotion"},{"floor":5,"key":"PowerPotion"},{"floor":7,"key":"Ambrosia"},{"floor":10,"key":"Weak Potion"},{"floor":14,"key":"SteroidPotion"}],"is_trial":false,"path_per_floor":["M","M","?","M","M","R","E","M","T","M","?","R","M","M","R","B",null,"M","?","M","$","?","E","M"],"character_chosen":"WATCHER","items_purchased":["Weave","Block Potion","ColorlessPotion"],"campfire_rested":2,"item_purchase_floors":[21,21,21],"current_hp_per_floor":[69,55,55,53,29,29,13,9,9,1,1,22,23,21,42,44,72,61,61,37,37,24,9,0,0],"gold":70,"neow_bonus":"BOSS_RELIC","is_daily":false,"chose_seed":false,"campfire_upgraded":1,"win_rate":0.0,"timestamp":1614019311,"path_taken":["M","?","?","M","M","R","E","M","T","?","?","R","M","?","R","BOSS","M","?","M","$","?","E","M"],"items_purchased_type":["Card","Potion","Potion"],"build_version":"2020-12-22","purchased_purges":1,"victory":false,"max_hp_per_floor":[72,72,72,72,72,72,72,72,72,72,72,72,72,72,72,72,72,72,72,72,72,77,77,77,77],"card_choices":[{"not_picked":["PathToVictory","Consecrate"],"picked":"EmptyBody","floor":1},{"not_picked":["Judgement","CutThroughFate"],"picked":"Study","floor":2},{"not_picked":["FlyingSleeves","LikeWater"],"picked":"SignatureMove","floor":4},{"not_picked":["CutThroughFate","FlurryOfBlows"],"picked":"ThirdEye","floor":5},{"not_picked":["Vault","CutThroughFate"],"picked":"Wallop","floor":7},{"not_picked":["Conclude","Protect"],"picked":"Adaptation","floor":8},{"not_picked":["Prostrate","Evaluate"],"picked":"EmptyFist","floor":10},{"not_picked":["WaveOfTheHand","Indignation"],"picked":"CutThroughFate","floor":12},{"not_picked":["FollowUp","EmptyFist"],"picked":"Vengeance","floor":13},{"not_picked":["FlyingSleeves","Adaptation","Protect"],"picked":"SKIP","floor":14},{"not_picked":["FollowUp","Halt"],"picked":"DeusExMachina","floor":15},{"not_picked":["Judgement","Establishment"],"picked":"Devotion","floor":16},{"not_picked":["Pray","FlyingSleeves+1","CutThroughFate"],"picked":"SKIP","floor":18},{"not_picked":["Swivel+1","SashWhip"],"picked":"ForeignInfluence","floor":20},{"not_picked":["SashWhip+1","FollowUp","Swivel"],"picked":"SKIP","floor":23}],"player_experience":238742,"relics_obtained":[{"floor":0,"key":"Dream Catcher"},{"floor":0,"key":"Sundial"},{"floor":0,"key":"Bird Faced Urn"},{"floor":7,"key":"Anchor"},{"floor":9,"key":"Kunai"},{"floor":23,"key":"Akabeko"}],"event_choices":[{"damage_healed":0,"gold_gain":0,"player_choice":"Bought 2 Potions","damage_taken":0,"max_hp_gain":0,"max_hp_loss":0,"event_name":"The Woman in Blue","floor":3,"gold_loss":0},{"damage_healed":0,"gold_gain":0,"player_choice":"Cursed","damage_taken":0,"max_hp_gain":0,"max_hp_loss":0,"event_name":"Wheel of Change","floor":11,"gold_loss":0,"cards_obtained":["Decay"]},{"cards_removed":["Decay"],"damage_healed":0,"gold_gain":0,"player_choice":"Gave Gold","damage_taken":0,"max_hp_gain":0,"max_hp_loss":0,"event_name":"Beggar","floor":19,"gold_loss":75},{"damage_healed":0,"gold_gain":0,"player_choice":"Shed Blood","damage_taken":18,"max_hp_gain":5,"max_hp_loss":0,"event_name":"Forgotten Altar","floor":22,"gold_loss":0}],"is_beta":false,"boss_relics":[{"not_picked":["Tiny House","Velvet Choker"],"picked":"Astrolabe"}],"items_purged_floors":[21],"is_endless":false,"potions_floor_spawned":[5,7,10,14],"killed_by":"3 Cultists","ascension_level":2}}