{"host":"sxaoifcprvg3ww0o","time":1614003404,"event":{"mods":["ATMod(∞¢Ë™Mod)","Act Like it!","Arknights","BaseMod","Downfall","Gensokyo","GifTheSpireLib","Hermit","KinomotoSakuraMod(ƒæ÷Æ±æ”£)","Marisa£®ÏF”Í°°ƒß¿Ì…≥£©","Minty Spire (QoL Compilation)","Prisma Mod","Quick Restart","Reimu£®≤©¿ˆ¡È√Œ£©","Reliquary","Remilia£®¿Ÿ√◊¿Ú—«£©","Replay The Spire","StSLib","The Alterego","The Senshi","Waifu the Spire","Yakumo Yukari mod","Youmu£®ªÍ∆«—˝√Œ£©","Yuyuko","°æ“≈ŒÔø®≈∆°øREMEMod"],"gold_per_floor":[115,9,9,9,9,43,43,43,43],"floor_reached":8,"language":"ZHS","playtime":461,"items_purged":[],"score":94,"play_id":"6ee835ce-820c-477b-b768-c1a6957c1e5a","local_time":"20210222221644","is_ascension_mode":true,"campfire_choices":[{"floor":7.0,"key":"REST"}],"circlet_count":0,"master_deck":["AscendersBane","Strike_G","Strike_G","Strike_G","Strike_G","Strike_G","Defend_G","Defend_G","Defend_G","Defend_G","Defend_G","Survivor","Neutralize","KamiRite:ReiMu","REME_GrazeFinale","Blade Dance","Gensokyo:BlemishedSteel","Gensokyo:TarnishedGold","Hidden Blade","Quick Slash","Cloak And Dagger"],"relics":["Ring of the Snake","REME_ComplimentaryCards","AT_ATBox","Pear","Gensokyo:OccultBall","AT_BellDemon"],"acts_visited":["Exordium"],"potions_floor_usage":[8],"damage_taken":[{"damage":15.0,"enemies":"Gensokyo:Gryphon","floor":1.0,"turns":5.0},{"damage":15.0,"enemies":"Gensokyo:Mamizou","floor":6.0,"turns":7.0},{"damage":43,"enemies":"Gensokyo:Cirno","floor":8,"turns":6}],"seed_played":"3800201925096843143","potions_obtained":[{"floor":6.0,"key":"SteroidPotion"}],"is_trial":false,"path_per_floor":["M","COS","?","?","?","E","R","E"],"character_chosen":"THE_SILENT","items_purchased":[],"campfire_rested":1,"item_purchase_floors":[],"current_hp_per_floor":[44,44,44,34,34,19,41,0,0],"gold":43,"neow_bonus":"ONE_RANDOM_RARE_CARD","is_daily":false,"chose_seed":false,"campfire_upgraded":0,"win_rate":0.0,"timestamp":1614003404,"path_taken":["M","COS","?","?","?","E","R","E"],"items_purchased_type":[],"build_version":"2020-12-22","purchased_purges":0,"victory":false,"max_hp_per_floor":[66,66,66,76,76,76,76,76,76],"card_choices":[{"not_picked":["Slice","Bouncing Flask"],"picked":"Blade Dance","floor":1.0},{"not_picked":["Flying Knee","Cloak And Dagger"],"picked":"Hidden Blade","floor":3.0},{"not_picked":["REME_GreenPollution","Reflex"],"picked":"Quick Slash","floor":3.0},{"not_picked":["Dagger Spray","Blade Dance"],"picked":"Cloak And Dagger","floor":6.0}],"player_experience":604329,"relics_obtained":[{"floor":6.0,"key":"AT_BellDemon"}],"event_choices":[],"is_beta":false,"boss_relics":[],"items_purged_floors":[],"is_endless":false,"potions_floor_spawned":[6],"killed_by":"Gensokyo:Cirno","ascension_level":20}}