{"host":"xwl7b08i4vco8s3a","time":1614025163,"event":{"mods":["BaseMod","Colored Powertips","Downfall","Hermit","Minty Spire (QoL Compilation)","Replay The Spire","StSLib","Wandering Minibosses"],"gold_per_floor":[0,17,32,32,22,7,7,0,17,17,17,43,0,50,70,70,70,70],"floor_reached":16,"language":"ENG","playtime":1049,"items_purged":[],"score":100,"play_id":"3b5f74bc-f053-4dcf-af4d-a277f68636c1","local_time":"20210222211923","is_ascension_mode":false,"campfire_choices":[{"floor":1,"key":"RECALL"},{"data":"Guardian:ConstructionForm","floor":10,"key":"SMITH"}],"circlet_count":0,"master_deck":["Guardian:Strike_Guardian","Guardian:Strike_Guardian","Guardian:Strike_Guardian","Guardian:Strike_Guardian+1","Guardian:Defend_Guardian","Guardian:Defend_Guardian","Guardian:Defend_Guardian","Guardian:Defend_Guardian","Guardian:CurlUp","Guardian:TwinSlam+1","Sadistic Nature+1","Guardian:Gem_Lightblue","Guardian:SpikerProtocol","downfall:Bewildered","Guardian:TemporalShield","Guardian:ConstructionForm+1","Guardian:ExploitGems","Guardian:BronzeArmor","Guardian:ChargeUp"],"relics":["Ring of Greed","Blue Doll","The Courier","Ring of Searing"],"acts_visited":["Exordium"],"potions_floor_usage":[9,15,16],"damage_taken":[{"damage":5,"enemies":"Cultist","floor":2,"turns":4},{"damage":1,"enemies":"2 Louse","floor":3,"turns":3},{"damage":2,"enemies":"Small Slimes","floor":5,"turns":8},{"damage":0,"enemies":"downfall:FleeingMerchant","floor":6,"turns":4},{"damage":0,"enemies":"downfall:FleeingMerchant","floor":8,"turns":4},{"damage":25,"enemies":"3 Louse","floor":9,"turns":6},{"damage":30,"enemies":"3 Sentries","floor":12,"turns":12},{"damage":5,"enemies":"downfall:FleeingMerchant","floor":13,"turns":6},{"damage":2,"enemies":"Lots of Slimes","floor":15,"turns":6},{"damage":11,"enemies":"IC_STATUS_ARCHETYPE","floor":16,"turns":8}],"seed_played":"-2980164618363045383","potions_obtained":[{"floor":5,"key":"LiquidBronze"},{"floor":9,"key":"SpeedPotion"},{"floor":15,"key":"Block Potion"}],"is_trial":false,"path_per_floor":["R","M","M","?","M","$","T","$","M","R","?","E","$","?","M","B"],"character_chosen":"GUARDIAN","items_purchased":[],"campfire_rested":0,"item_purchase_floors":[],"current_hp_per_floor":[80,75,74,74,72,72,72,72,47,47,47,17,12,12,10,0,0,0],"gold":70,"neow_bonus":"RANDOM_COLORLESS_2","is_daily":false,"chose_seed":false,"campfire_upgraded":1,"win_rate":0.0,"timestamp":1614025163,"path_taken":["R","M","?","?","?","$","T","?","M","R","?","E","$","?","M","BOSS"],"items_purchased_type":[],"build_version":"2020-12-22","purchased_purges":0,"victory":false,"max_hp_per_floor":[80,80,80,80,80,80,80,80,80,80,80,80,80,80,80,80,80,80],"card_choices":[{"not_picked":["Poisoned Strike","Secret Technique"],"picked":"Sadistic Nature","floor":0},{"not_picked":["Guardian:ChargeCore","Guardian:Reroute"],"picked":"Guardian:Gem_Lightblue","floor":2},{"not_picked":["Guardian:TimeBomb","Guardian:RollAttack"],"picked":"Guardian:SpikerProtocol","floor":3},{"not_picked":["Guardian:CrystalBeam","Guardian:Emergency"],"picked":"Guardian:TemporalShield","floor":5},{"not_picked":["Guardian:CrystalBeam","Guardian:Harden"],"picked":"Guardian:ConstructionForm","floor":6},{"not_picked":["Guardian:TemporalStrike","Guardian:Recover"],"picked":"Guardian:Gem_White","floor":8},{"not_picked":["Guardian:TemporalShield","Guardian:FuturePlans","Guardian:Incinerate"],"picked":"SKIP","floor":9},{"not_picked":["Guardian:Recover","Guardian:MultiBeam"],"picked":"Guardian:ExploitGems","floor":12},{"not_picked":["Guardian:FuturePlans","Guardian:PrismaticBeam"],"picked":"Guardian:BronzeArmor","floor":13},{"not_picked":["Guardian:ArmoredProtocol","Guardian:TemporalShield"],"picked":"Guardian:ChargeUp","floor":15}],"player_experience":437069,"relics_obtained":[{"floor":7,"key":"CaptainsWheel"},{"floor":12,"key":"Gremlin Horn"},{"floor":14,"key":"Ring of Greed"},{"floor":14,"key":"Blue Doll"},{"floor":14,"key":"The Courier"},{"floor":14,"key":"Ring of Searing"}],"event_choices":[],"is_beta":false,"boss_relics":[],"items_purged_floors":[],"is_endless":false,"potions_floor_spawned":[5,9,15],"killed_by":"IC_STATUS_ARCHETYPE","ascension_level":0}}