{"host":"vjt3l4e4gk5t90rp","time":1614015446,"event":{"mods":["BaseMod","Colored Map","Highlight Path","Minty Spire (QoL Compilation)","StSLib"],"gold_per_floor":[20,20,20,36,36,75,75,89,89,89,39,62,62,75,75,75,75],"floor_reached":16,"language":"KOR","playtime":646,"items_purged":[],"score":105,"play_id":"253c6886-a5ba-479f-9c05-8ec72a5d9ab0","local_time":"20210223023726","is_ascension_mode":true,"campfire_choices":[{"floor":10.0,"key":"REST"},{"data":"Self Repair","floor":13.0,"key":"SMITH"},{"data":"Go for the Eyes","floor":15,"key":"SMITH"}],"circlet_count":0,"master_deck":["Strike_B","Strike_B","Strike_B","Strike_B","Defend_B","Defend_B","Defend_B","Defend_B","Zap+1","Dualcast","Go for the Eyes+1","Beam Cell","Aggregate","Stack","Self Repair+1","Defragment"],"relics":["Cracked Core","Dead Branch","Golden Idol","Gremlin Horn","Ornamental Fan","HornCleat"],"acts_visited":["Exordium"],"potions_floor_usage":[],"damage_taken":[{"damage":1.0,"enemies":"Jaw Worm","floor":1.0,"turns":4.0},{"damage":0.0,"enemies":"Cultist","floor":4.0,"turns":3.0},{"damage":36.0,"enemies":"Gremlin Nob","floor":6.0,"turns":5.0},{"damage":0.0,"enemies":"Small Slimes","floor":8.0,"turns":3.0},{"damage":0.0,"enemies":"Blue Slaver","floor":12.0,"turns":3.0},{"damage":2,"enemies":"3 Louse","floor":14,"turns":3},{"damage":89,"enemies":"The Guardian","floor":16,"turns":15}],"seed_played":"-6945661431494077512","potions_obtained":[{"floor":4.0,"key":"Weak Potion"},{"floor":6.0,"key":"Explosive Potion"}],"is_trial":false,"path_per_floor":["M","?","$","M","?","E","T","M","T","R","?","M","R","M","R","B"],"character_chosen":"DEFECT","items_purchased":[],"campfire_rested":1,"item_purchase_floors":[],"current_hp_per_floor":[74,74,74,74,74,38,38,38,38,60,60,60,60,68,68,0,0],"gold":75,"neow_bonus":"ONE_RARE_RELIC","is_daily":false,"chose_seed":false,"campfire_upgraded":2,"win_rate":0.0,"timestamp":1614015446,"path_taken":["M","?","?","M","?","E","?","M","T","R","?","M","R","M","R","BOSS"],"items_purchased_type":[],"build_version":"2020-12-22","purchased_purges":0,"victory":false,"max_hp_per_floor":[75,75,75,75,75,75,75,75,75,75,75,75,75,75,75,75,75],"card_choices":[{"not_picked":["Steam Power","Sweeping Beam"],"picked":"Go for the Eyes","floor":1.0},{"not_picked":["Barrage","Conserve Battery"],"picked":"Beam Cell","floor":4.0},{"not_picked":["Stack","Compile Driver"],"picked":"Aggregate","floor":6.0},{"not_picked":["Reinforced Body","Cold Snap"],"picked":"Stack","floor":8.0},{"not_picked":["Turbo","Blizzard"],"picked":"Self Repair","floor":12.0},{"not_picked":["Redo","Darkness"],"picked":"Defragment","floor":14}],"player_experience":143909,"relics_obtained":[{"floor":6.0,"key":"Gremlin Horn"},{"floor":7.0,"key":"Ornamental Fan"},{"floor":9.0,"key":"HornCleat"}],"event_choices":[{"damage_healed":0.0,"max_hp_gain":0.0,"max_hp_loss":0.0,"gold_gain":0.0,"event_name":"Accursed Blacksmith","player_choice":"Forge","floor":2.0,"gold_loss":0.0,"damage_taken":0.0,"cards_upgraded":["Zap"]},{"damage_healed":0.0,"max_hp_gain":0.0,"max_hp_loss":0.0,"gold_gain":0.0,"event_name":"Golden Idol","player_choice":"Take Wound","floor":5.0,"gold_loss":0.0,"damage_taken":0.0,"relics_obtained":["Golden Idol"],"cards_obtained":["Injury"]},{"cards_removed":["Injury"],"damage_healed":0.0,"max_hp_gain":0.0,"max_hp_loss":0.0,"gold_gain":0.0,"event_name":"The Cleric","player_choice":"Card Removal","floor":11.0,"gold_loss":50.0,"damage_taken":0.0}],"is_beta":false,"boss_relics":[],"items_purged_floors":[],"is_endless":false,"potions_floor_spawned":[4,6],"killed_by":"The Guardian","ascension_level":1}}