{"host":"7oiwk103j2prpym5","time":1614003720,"event":{"mods":["BaseMod","BetterRewards","Colored Map","Colored Powertips","GifTheSpireLib","Infinite Spire","Minty Spire (QoL Compilation)","Permanent Neow","Relic Filter Mod","Reliquary","Remove Card Discount Mod","Replay The Spire","StSLib","Stuff the Spire","Weighted Paths"],"gold_per_floor":[115,139,139,139,163,204,231,231,254,73,73,121,142,142,142,289,289,316,316,316,345,36,44,44],"floor_reached":23,"language":"ENG","playtime":2594,"items_purged":["Strike_R","Defend_R","Writhe","CommonCold","Spreading Infection","Amnesia","Regret","ReplayTheSpireMod:Splinters","Writhe","Injury"],"score":329,"play_id":"8eb9eaf0-4cab-43e7-84d5-9655179647aa","local_time":"20210222082200","is_ascension_mode":true,"campfire_choices":[{"floor":15,"key":"DIG"}],"circlet_count":0,"master_deck":["Strike_R","Defend_R","Bash","ReplayTheSpireMod:Brewmster","Rampage","Armaments","Thunderclap","StuffTheSpire:RagingBull","Cleave","ReplayTheSpireMod:Corrosion Curse","Sword Boomerang","Twin Strike","Reckless Charge","Flame Barrier","infinitespire:Starlight","Ghostly Armor+1","Searing Blow","Iron Wave","Pommel Strike","Armaments","Berserk","infinitespire:OneForAll","Double Tap","Voices","Wild Strike+1","Infernal Blade","Metallicize+1","ReplayReversal"],"relics":["Burning Blood","infinitespire:Golems Mask","StuffTheSpire:Expresso","StuffTheSpire:Wildfire","Replay:Multitool","Kintsugi","Brimstone","Prayer Wheel","Replay:Bandana","reliquary:RosewoodLute","Juzu Bracelet","Replay:Mystery Machine","StuffTheSpire:RedRose","Pen Nib","Golden Idol","StuffTheSpire:Experiment12","Replay:Ancient Bell","Bag of Preparation","Self Forming Clay","StuffTheSpire:DarkSteelAnvil","Torii"],"acts_visited":["Exordium","TheCity"],"potions_floor_usage":[6,16,16,16,16,16,18,21,23,23,23],"damage_taken":[{"damage":12,"enemies":"Jaw Worm","floor":1,"turns":2},{"damage":0,"enemies":"2 Louse","floor":2,"turns":1},{"damage":0,"enemies":"Cultist","floor":5,"turns":2},{"damage":9,"enemies":"Gremlin Nob","floor":6,"turns":3},{"damage":0,"enemies":"Exordium Thugs","floor":7,"turns":3},{"damage":11,"enemies":"Lagavulin","floor":12,"turns":3},{"damage":2,"enemies":"Looter","floor":13,"turns":2},{"damage":9,"enemies":"Fading Forest","floor":16,"turns":9},{"damage":20,"enemies":"2 Thieves","floor":18,"turns":3},{"damage":10,"enemies":"Shell Parasite","floor":21,"turns":2},{"damage":101,"enemies":"Nightmare","floor":23,"turns":6}],"seed_played":"9071662932047183803","potions_obtained":[{"floor":6,"key":"infinitespire:BlackPotion"},{"floor":12,"key":"GamblersBrew"},{"floor":13,"key":"Regen Potion"},{"floor":18,"key":"Toxic Potion"},{"floor":21,"key":"Milkshake"}],"is_trial":false,"path_per_floor":["M","M","?","?","M","E","M","R","T","$","?","E","M","?","R","B",null,"M","?","?","M","$","NM"],"character_chosen":"IRONCLAD","items_purchased":["infinitespire:Golems Mask","ReplayTheSpireMod:Brewmster","Armaments","StuffTheSpire:Wildfire","Thunderclap","Brimstone","Replay:Bandana","StuffTheSpire:RagingBull","Cleave","Replay:Mystery Machine","Armaments","Torii"],"campfire_rested":0,"item_purchase_floors":[0,0,0,0,0,0,0,0,0,10,10,22],"current_hp_per_floor":[50,56,56,56,62,69,75,75,75,75,75,70,74,74,74,80,80,67,80,80,76,76,0,0],"gold":44,"neow_bonus":"","is_daily":false,"chose_seed":false,"campfire_upgraded":0,"win_rate":0.0,"timestamp":1614003720,"path_taken":["M","M","?","?","M","E","M","R","T","$","?","E","M","?","R","BOSS","M","?","?","M","$","NM"],"items_purchased_type":["Relic","Card","Card","Relic","Card","Relic","Relic","Card","Card","Relic","Card","Relic"],"build_version":"2020-12-22","purchased_purges":10,"victory":false,"max_hp_per_floor":[80,80,80,80,80,80,80,80,80,80,80,80,80,80,80,80,80,80,80,80,80,80,80,80],"card_choices":[{"not_picked":["Body Slam","StuffTheSpire:RockThrow"],"picked":"Sword Boomerang","floor":1},{"not_picked":["Perfected Strike","Hemokinesis"],"picked":"Twin Strike","floor":1},{"not_picked":["ReplayTheSpireMod:Corrosion Curse","Run Through"],"picked":"Reckless Charge","floor":2},{"not_picked":["Perfected Strike","StuffTheSpire:RagingBull"],"picked":"Flame Barrier","floor":2},{"not_picked":["infinitespire:Oblivion","infinitespire:FutureSight"],"picked":"infinitespire:Starlight","floor":3},{"not_picked":["Combust","Hemokinesis"],"picked":"Searing Blow","floor":5},{"not_picked":["ReplayTheSpireMod:LeadingStrike","Sword Boomerang","Replay:Undeath\u0027s Touch"],"picked":"SKIP","floor":5},{"not_picked":["Demonic Infusion","Headbutt"],"picked":"Iron Wave","floor":6},{"not_picked":["Dual Wield","Battle Trance"],"picked":"Pommel Strike","floor":7},{"not_picked":["Run Through","StuffTheSpire:Slingshot","Rupture"],"picked":"SKIP","floor":7},{"not_picked":["Evolve","Fire Breathing"],"picked":"Berserk","floor":12},{"not_picked":["ReplayTheSpireMod:Stacked","Sever Soul"],"picked":"infinitespire:OneForAll","floor":13},{"not_picked":["Pummel","StuffTheSpire:Slingshot","Sword Boomerang"],"picked":"SKIP","floor":13},{"not_picked":["Feed","Berserk"],"picked":"Double Tap","floor":16},{"not_picked":["Sickly","Parasite"],"picked":"ReplayTheSpireMod:Splinters","floor":17},{"not_picked":["Amnesia","Languid"],"picked":"Voices","floor":17},{"not_picked":["Hallucinations","Spreading Infection"],"picked":"Writhe","floor":17},{"not_picked":["Perfected Strike","Shrug It Off"],"picked":"Wild Strike+1","floor":18},{"not_picked":["Clothesline","StuffTheSpire:RockThrow"],"picked":"Infernal Blade","floor":18},{"not_picked":["StuffTheSpire:RagingBull","Wild Strike"],"picked":"Metallicize+1","floor":21},{"not_picked":["Thunderclap+1","Wild Strike"],"picked":"ReplayReversal","floor":21}],"player_experience":892608,"relics_obtained":[{"floor":6,"key":"reliquary:RosewoodLute"},{"floor":8,"key":"Juzu Bracelet"},{"floor":12,"key":"Pen Nib"},{"floor":15,"key":"StuffTheSpire:Experiment12"}],"event_choices":[{"damage_healed":0,"gold_gain":0,"player_choice":"Take Wound","damage_taken":0,"relics_obtained":["Golden Idol"],"max_hp_gain":0,"max_hp_loss":0,"event_name":"Golden Idol","floor":14,"gold_loss":0,"cards_obtained":["Injury"]},{"damage_healed":13,"gold_gain":0,"player_choice":"Full Heal","damage_taken":0,"max_hp_gain":0,"max_hp_loss":0,"event_name":"Wheel of Change","floor":19,"gold_loss":0}],"is_beta":false,"boss_relics":[{"not_picked":["Calling Bell","reliquary:Ember"],"picked":"Replay:Ancient Bell"},{"not_picked":["StuffTheSpire:TintedRock","infinitespire:Beetle Shell"],"picked":"Bag of Preparation"},{"not_picked":["ReplayTheSpireMod:Shallot","Garlic"],"picked":"Self Forming Clay"},{"not_picked":["StoneCalendar","Counterbalance"],"picked":"StuffTheSpire:DarkSteelAnvil"}],"items_purged_floors":[0,0,0,0,10,10,22,22,22,22],"is_endless":false,"potions_floor_spawned":[6,12,13,18,21],"killed_by":"Nightmare","ascension_level":2}}