{"host":"jt67skv49snb75sm","time":1614004331,"event":{"mods":["BaseMod","Bestiary","Minty Spire (QoL Compilation)","Relic Stats"],"gold_per_floor":[110,110,19,19,35,35,70,70,124,124,135,135,166,176,176,250,250,268,282,14,14,14],"floor_reached":21,"language":"ENG","playtime":722,"items_purged":[],"score":424,"play_id":"167b6b61-6af2-4b62-9d30-beff989423cb","local_time":"20210222153211","is_ascension_mode":true,"campfire_choices":[{"data":"Ball Lightning","floor":6,"key":"SMITH"},{"data":"Zap","floor":8,"key":"SMITH"},{"data":"Compile Driver","floor":10,"key":"SMITH"},{"data":"Cold Snap","floor":15,"key":"SMITH"}],"circlet_count":0,"master_deck":["AscendersBane","Strike_B","Strike_B","Strike_B","Defend_B","Defend_B","Defend_B","Defend_B","Zap+1","Dualcast","Cold Snap+1","Ball Lightning+1","Capacitor","Compile Driver+1","Cold Snap+1","Conserve Battery","Machine Learning","Coolheaded","Genetic Algorithm"],"relics":["Cracked Core","NeowsBlessing","Omamori","Bag of Preparation","Darkstone Periapt","Black Star","Shuriken"],"acts_visited":["Exordium","TheCity"],"potions_floor_usage":[16,21],"damage_taken":[{"damage":0,"enemies":"Jaw Worm","floor":1,"turns":1},{"damage":0,"enemies":"2 Louse","floor":5,"turns":1},{"damage":0,"enemies":"3 Sentries","floor":7,"turns":1},{"damage":0,"enemies":"Cultist","floor":11,"turns":2},{"damage":4,"enemies":"Gremlin Nob","floor":13,"turns":3},{"damage":2,"enemies":"Blue Slaver","floor":14,"turns":3},{"damage":28,"enemies":"The Guardian","floor":16,"turns":12},{"damage":11,"enemies":"Spheric Guardian","floor":18,"turns":5},{"damage":8,"enemies":"Chosen","floor":19,"turns":4},{"damage":41,"enemies":"3 Cultists","floor":21,"turns":4}],"seed_played":"7929517255614265542","potions_obtained":[{"floor":14,"key":"Weak Potion"},{"floor":16,"key":"Dexterity Potion"},{"floor":19,"key":"FearPotion"}],"is_trial":false,"path_per_floor":["M","?","$","?","M","R","E","R","T","R","M","?","E","M","R","B",null,"M","M","$","M"],"character_chosen":"DEFECT","items_purchased":["Ball Lightning","Capacitor","Shuriken"],"campfire_rested":0,"item_purchase_floors":[3,3,20],"current_hp_per_floor":[64,69,69,69,69,69,69,69,69,69,69,69,65,63,63,35,66,55,47,47,6,6],"gold":14,"neow_bonus":"THREE_ENEMY_KILL","is_daily":false,"chose_seed":false,"campfire_upgraded":4,"win_rate":0.0,"timestamp":1614004331,"path_taken":["M","?","$","?","?","R","E","R","T","R","M","?","E","?","R","BOSS","M","M","$","M"],"items_purchased_type":["Card","Card","Relic"],"build_version":"2020-12-22","purchased_purges":0,"victory":false,"max_hp_per_floor":[71,76,76,76,76,76,76,76,76,76,76,76,76,76,76,76,76,76,76,76,76,76],"relic_stats":{"Darkstone Periapt":0,"counters":[10,36],"Shuriken":[1],"Bag of Preparation":[14],"Black Star":0,"obtain_stats":[{"Darkstone Periapt":13,"NeowsBlessing":0,"Shuriken":20,"Omamori":7,"Bag of Preparation":9,"Black Star":17,"Cracked Core":0},{"Darkstone Periapt":5,"NeowsBlessing":0,"Shuriken":9,"Omamori":3,"Bag of Preparation":3,"Black Star":7,"Cracked Core":0},{"Darkstone Periapt":8,"NeowsBlessing":0,"Shuriken":32,"Omamori":3,"Bag of Preparation":3,"Black Star":23,"Cracked Core":0}]},"card_choices":[{"not_picked":["Go for the Eyes","Fusion"],"picked":"Cold Snap","floor":1},{"not_picked":["Steam Power","Steam"],"picked":"Compile Driver","floor":5},{"not_picked":["Sweeping Beam","Gash","Turbo"],"picked":"SKIP","floor":7},{"not_picked":["Steam","Conserve Battery"],"picked":"Cold Snap","floor":11},{"not_picked":["Fission","Compile Driver"],"picked":"Conserve Battery","floor":13},{"not_picked":["Redo","Stack","Melter"],"picked":"SKIP","floor":14},{"not_picked":["Amplify","Fission"],"picked":"Machine Learning","floor":16},{"not_picked":["Leap","Double Energy"],"picked":"Coolheaded","floor":18},{"not_picked":["Self Repair","Go for the Eyes"],"picked":"Genetic Algorithm","floor":19}],"player_experience":869886,"relics_obtained":[{"floor":7,"key":"Omamori"},{"floor":9,"key":"Bag of Preparation"},{"floor":13,"key":"Darkstone Periapt"}],"event_choices":[{"damage_healed":0,"gold_gain":0,"player_choice":"Donut","damage_taken":0,"max_hp_gain":5,"max_hp_loss":0,"event_name":"Big Fish","floor":2,"gold_loss":0},{"damage_healed":0,"gold_gain":0,"player_choice":"Forge","damage_taken":0,"max_hp_gain":0,"max_hp_loss":0,"event_name":"Accursed Blacksmith","floor":4,"gold_loss":0,"cards_upgraded":["Cold Snap"]},{"cards_removed":["Strike_B"],"damage_healed":0,"gold_gain":0,"player_choice":"Offered Basic","damage_taken":0,"max_hp_gain":0,"max_hp_loss":0,"event_name":"Bonfire Elementals","floor":12,"gold_loss":0}],"is_beta":false,"boss_relics":[{"not_picked":["Empty Cage","Philosopher\u0027s Stone"],"picked":"Black Star"}],"items_purged_floors":[],"is_endless":false,"potions_floor_spawned":[14,16,19],"killed_by":"3 Cultists","ascension_level":20}}