{"host":"tq99ucv8ezzqzioe","time":1614020603,"event":{"mods":["BaseMod","Colored Map","Downfall","Highlight Path","Minty Spire (QoL Compilation)","StSLib"],"gold_per_floor":[112,124,134,209,209,209,224,254,266,312,324,348,380,406,418,528,540,563,589,601,613,625,666,678,715,727,750,775,787,817,865,877,889,889],"floor_reached":33,"language":"ENG","playtime":2463,"items_purged":[],"score":484,"play_id":"26e63212-f40d-457a-b34e-b7da1683c258","local_time":"20210222140323","is_ascension_mode":true,"campfire_choices":[{"data":"Genetic Algorithm","floor":6,"key":"SMITH"},{"floor":11,"key":"REST"},{"floor":15,"key":"REST"},{"data":"Echo Form","floor":24,"key":"SMITH"},{"floor":32,"key":"RECALL"}],"circlet_count":0,"master_deck":["Strike_B","Strike_B","Strike_B","Defend_B","Defend_B","Zap","Dualcast","Genetic Algorithm+1","Darkness","Conserve Battery","Gash","Cold Snap","Hologram","Auto Shields","Leap","Echo Form+1","Chaos+1","Auto Shields+1","Thunder Strike+1","Compile Driver+1","Tempest","Ghostly","Ghostly","Ghostly","Ghostly","Ghostly","Capacitor","Leap","Stack+1","CurseOfTheBell","CurseOfTheBell","Regret","Reboot","Buffer","Self Repair"],"relics":["Cracked Core","NeowsBlessing","MawBank","DataDisk","StrikeDummy","Astrolabe","Smiling Mask","Strawberry","Thread and Needle","Mummified Hand","downfall:ExtraCursedBell","CeramicFish","Pear","Prayer Wheel"],"acts_visited":["Exordium","TheCity"],"potions_floor_usage":[8,10,23,28],"damage_taken":[{"damage":0,"enemies":"Small Slimes","floor":1,"turns":1},{"damage":0,"enemies":"Jaw Worm","floor":2,"turns":1},{"damage":0,"enemies":"Cultist","floor":3,"turns":1},{"damage":15,"enemies":"Looter","floor":7,"turns":5},{"damage":8,"enemies":"Lagavulin","floor":8,"turns":5},{"damage":18,"enemies":"3 Sentries","floor":10,"turns":7},{"damage":0,"enemies":"2 Fungi Beasts","floor":12,"turns":3},{"damage":19,"enemies":"Exordium Thugs","floor":13,"turns":5},{"damage":6,"enemies":"Exordium Wildlife","floor":14,"turns":3},{"damage":38,"enemies":"Slime Boss","floor":16,"turns":11},{"damage":2,"enemies":"Shell Parasite","floor":18,"turns":6},{"damage":10,"enemies":"Spheric Guardian","floor":19,"turns":4},{"damage":12,"enemies":"Gremlin Leader","floor":23,"turns":8},{"damage":20,"enemies":"Book of Stabbing","floor":25,"turns":7},{"damage":0,"enemies":"3 Cultists","floor":27,"turns":7},{"damage":0,"enemies":"Chosen and Byrds","floor":28,"turns":4},{"damage":5,"enemies":"Centurion and Healer","floor":31,"turns":10},{"damage":35,"enemies":"Collector","floor":33,"turns":6}],"seed_played":"8165495094006450630","potions_obtained":[{"floor":7,"key":"hexamod:SoulburnPotion"},{"floor":8,"key":"Dexterity Potion"},{"floor":12,"key":"SteroidPotion"},{"floor":13,"key":"Strength Potion"},{"floor":18,"key":"Block Potion"},{"floor":23,"key":"Strength Potion"}],"is_trial":false,"path_per_floor":["M","M","M","?","?","R","M","E","T","E","R","M","M","M","R","B",null,"M","M","?","?","?","E","R","E","T","M","M","T","?","M","R","B"],"character_chosen":"DEFECT","items_purchased":[],"campfire_rested":2,"item_purchase_floors":[],"current_hp_per_floor":[68,68,68,57,62,62,47,39,39,21,45,45,26,20,44,6,62,60,50,40,40,35,30,30,10,10,10,10,10,20,15,15,0,0],"gold":889,"neow_bonus":"THREE_ENEMY_KILL","is_daily":false,"chose_seed":false,"campfire_upgraded":2,"win_rate":0.0,"timestamp":1614020603,"path_taken":["M","M","M","?","?","R","M","E","T","E","R","M","M","?","R","BOSS","M","M","?","?","?","E","R","E","T","M","?","?","?","?","R","BOSS"],"items_purchased_type":[],"build_version":"2020-12-22","purchased_purges":0,"victory":false,"max_hp_per_floor":[75,75,75,75,80,80,80,80,80,80,80,80,80,80,80,80,80,80,80,40,40,45,52,52,52,52,52,52,52,62,62,62,62,62],"card_choices":[{"not_picked":["Beam Cell","Rebound"],"picked":"Genetic Algorithm","floor":1},{"not_picked":["Redo","Compile Driver"],"picked":"Darkness","floor":2},{"not_picked":["Rebound","Stack"],"picked":"Conserve Battery","floor":3},{"not_picked":["Rebound","Compile Driver"],"picked":"Gash","floor":7},{"not_picked":["Beam Cell","Reboot"],"picked":"Cold Snap","floor":8},{"not_picked":["Recycle","Steam"],"picked":"Hologram","floor":10},{"not_picked":["Steam","Turbo"],"picked":"Auto Shields","floor":12},{"not_picked":["Coolheaded","Stack"],"picked":"Leap","floor":13},{"not_picked":["Redo","Barrage","Go for the Eyes"],"picked":"SKIP","floor":14},{"not_picked":["Meteor Strike","All For One"],"picked":"Echo Form","floor":16},{"not_picked":["Coolheaded","Rebound"],"picked":"Compile Driver+1","floor":18},{"not_picked":["Reprogram","Hologram+1"],"picked":"Tempest","floor":19},{"not_picked":["Beam Cell","Coolheaded"],"picked":"Capacitor","floor":23},{"not_picked":["Sweeping Beam","Go for the Eyes"],"picked":"Leap","floor":25},{"not_picked":["Rebound+1","Compile Driver","Beam Cell"],"picked":"SKIP","floor":27},{"not_picked":["Rebound","Turbo"],"picked":"Stack+1","floor":28},{"not_picked":["Gash+1","Chill"],"picked":"Buffer","floor":31},{"not_picked":["Go for the Eyes","Steam"],"picked":"Self Repair","floor":31}],"player_experience":1028020,"relics_obtained":[{"floor":8,"key":"MawBank"},{"floor":9,"key":"DataDisk"},{"floor":10,"key":"StrikeDummy"},{"floor":23,"key":"Strawberry"},{"floor":25,"key":"Thread and Needle"},{"floor":26,"key":"Mummified Hand"},{"floor":30,"key":"CeramicFish"},{"floor":30,"key":"Pear"},{"floor":30,"key":"Prayer Wheel"}],"event_choices":[{"damage_healed":0,"gold_gain":75,"player_choice":"Gather Gold","damage_taken":11,"max_hp_gain":0,"max_hp_loss":0,"event_name":"World of Goop","floor":4,"gold_loss":0},{"damage_healed":0,"gold_gain":0,"player_choice":"Donut","damage_taken":0,"max_hp_gain":5,"max_hp_loss":0,"event_name":"Big Fish","floor":5,"gold_loss":0},{"damage_healed":0,"gold_gain":0,"player_choice":"Became a Ghost","damage_taken":0,"max_hp_gain":0,"max_hp_loss":40,"event_name":"Ghosts","floor":20,"gold_loss":0,"cards_obtained":["Ghostly","Ghostly","Ghostly","Ghostly","Ghostly"]},{"damage_healed":0,"gold_gain":0,"player_choice":"Opened","damage_taken":0,"relics_obtained":["Smiling Mask"],"max_hp_gain":0,"max_hp_loss":0,"event_name":"The Mausoleum","floor":21,"gold_loss":0},{"damage_healed":0,"gold_gain":0,"player_choice":"Shed Blood","damage_taken":10,"max_hp_gain":5,"max_hp_loss":0,"event_name":"Forgotten Altar","floor":22,"gold_loss":0}],"is_beta":false,"boss_relics":[{"not_picked":["Fusion Hammer","Philosopher\u0027s Stone"],"picked":"Astrolabe"}],"items_purged_floors":[],"is_endless":false,"potions_floor_spawned":[7,8,12,13,18,23],"killed_by":"Collector","ascension_level":9}}