{"host":"sim2kxx81cjsn49b","time":1614023031,"event":{"mods":["ATMod(°¢èªMod)","BaseMod","Minty Spire (QoL Compilation)","Reliquary","StSLib","TestMod","Waifu the Spire"],"gold_per_floor":[118,135,148,148,161,161,195,219,243,168,168,193,205,205,205,205,205],"floor_reached":16,"language":"ZHS","playtime":441,"items_purged":["Strike_R"],"score":270,"play_id":"1076b306-1728-42b0-8a4d-63e6206267bb","local_time":"20210223034351","is_ascension_mode":true,"campfire_choices":[{"data":"Carnage","floor":6,"key":"SMITH"},{"data":"AT_IchimonjiDouble","floor":11,"key":"SMITH"},{"data":"Shockwave","floor":15,"key":"SMITH"}],"circlet_count":0,"master_deck":["AscendersBane","Strike_R","Strike_R","Strike_R","Defend_R","Defend_R","Defend_R","Defend_R","Bash","AT_PowerWithin","Feel No Pain","Carnage+1","AT_IchimonjiDouble+1","Offering","Shockwave+1"],"relics":["Burning Blood","testmod-TestBox","AT_ATBox","testmod-IWantAll","Tiny Chest","Ancient Tea Set","Nunchaku","testmod-AssaultLearning","Lantern","Golden Idol"],"acts_visited":["Exordium"],"potions_floor_usage":[12,16],"damage_taken":[{"damage":9,"enemies":"Cultist","floor":1,"turns":3},{"damage":16,"enemies":"Jaw Worm","floor":2,"turns":4},{"damage":11,"enemies":"2 Louse","floor":3,"turns":2},{"damage":5,"enemies":"Large Slime","floor":5,"turns":4},{"damage":10,"enemies":"Gremlin Nob","floor":7,"turns":3},{"damage":5,"enemies":"Lagavulin","floor":12,"turns":3},{"damage":17,"enemies":"Exordium Thugs","floor":13,"turns":2},{"damage":12,"enemies":"The Guardian","floor":16,"turns":4}],"seed_played":"2578822363137227345","potions_obtained":[{"floor":1,"key":"BlessingOfTheForge"},{"floor":3,"key":"Energy Potion"}],"is_trial":false,"path_per_floor":["M","M","M","?","M","R","E","T","T","$","R","E","M","?","R","B"],"character_chosen":"IRONCLAD","items_purchased":[],"campfire_rested":0,"item_purchase_floors":[],"current_hp_per_floor":[65,55,50,50,51,51,47,47,47,47,47,48,37,11,11,0,0],"gold":205,"neow_bonus":"RANDOM_COMMON_RELIC","is_daily":false,"chose_seed":false,"campfire_upgraded":3,"win_rate":0.0,"timestamp":1614023031,"path_taken":["M","M","?","?","?","R","E","?","T","$","R","E","M","?","R","BOSS"],"items_purchased_type":[],"build_version":"2020-12-22","purchased_purges":1,"victory":false,"max_hp_per_floor":[75,75,75,75,75,75,75,75,75,75,75,75,75,75,75,75,75],"card_choices":[{"not_picked":["Battle Trance","Body Slam"],"picked":"Feel No Pain","floor":1},{"not_picked":["AT_CaressingTears","Wild Strike"],"picked":"Carnage","floor":2},{"not_picked":["Anger","Armaments","Flex"],"picked":"SKIP","floor":3},{"not_picked":["Thunderclap","Twin Strike","Heavy Blade"],"picked":"SKIP","floor":5},{"not_picked":["Warcry","Sword Boomerang"],"picked":"AT_IchimonjiDouble","floor":7},{"not_picked":["Flame Barrier","Sword Boomerang"],"picked":"Offering","floor":12},{"not_picked":["Rampage","Cleave"],"picked":"Shockwave","floor":13}],"player_experience":637524,"relics_obtained":[{"floor":7,"key":"Ancient Tea Set"},{"floor":8,"key":"Nunchaku"},{"floor":9,"key":"testmod-AssaultLearning"},{"floor":12,"key":"Lantern"}],"event_choices":[{"cards_removed":["Strike_R"],"damage_healed":0,"gold_gain":0,"player_choice":"Offered Basic","damage_taken":0,"max_hp_gain":0,"max_hp_loss":0,"event_name":"Bonfire Elementals","floor":4,"gold_loss":0},{"damage_healed":0,"gold_gain":0,"player_choice":"Take Damage","damage_taken":26,"relics_obtained":["Golden Idol"],"max_hp_gain":0,"max_hp_loss":0,"event_name":"Golden Idol","floor":14,"gold_loss":0}],"is_beta":false,"boss_relics":[],"items_purged_floors":[10],"is_endless":false,"potions_floor_spawned":[1,3,7],"killed_by":"The Guardian","ascension_level":20}}