{"host":"5bsc0nab6whpyrbj","time":1614016188,"event":{"mods":["BaseMod","Highlight Path","Minty Spire (QoL Compilation)"],"gold_per_floor":[109,119,119,130,145,145,157,10,36,105,144,156,168,355,367,477,489,518,549,476,488,500,512,512],"floor_reached":23,"language":"ENG","playtime":566,"items_purged":[],"score":189,"play_id":"318a5e89-9251-4f7d-b933-1375d9d231a3","local_time":"20210222124948","is_ascension_mode":false,"campfire_choices":[{"floor":6.0,"key":"REST"},{"floor":12.0,"key":"REST"},{"floor":15.0,"key":"REST"}],"circlet_count":0,"master_deck":["Strike_B","Strike_B","Strike_B+1","Strike_B","Defend_B","Defend_B","Defend_B","Defend_B","Zap+1","Dualcast","Ball Lightning","Genetic Algorithm+1","Capacitor","Ball Lightning","Creative AI","Storm"],"relics":["Cracked Core","Membership Card","MawBank","Omamori","Vajra","SlaversCollar","Frozen Egg 2","Smiling Mask"],"acts_visited":["Exordium","TheCity"],"potions_floor_usage":[23],"damage_taken":[{"damage":10.0,"enemies":"Small Slimes","floor":1.0,"turns":4.0},{"damage":6.0,"enemies":"Cultist","floor":2.0,"turns":3.0},{"damage":0.0,"enemies":"2 Louse","floor":4.0,"turns":2.0},{"damage":13.0,"enemies":"2 Fungi Beasts","floor":5.0,"turns":3.0},{"damage":0.0,"enemies":"Large Slime","floor":7.0,"turns":4.0},{"damage":30.0,"enemies":"Gremlin Nob","floor":10.0,"turns":4.0},{"damage":7.0,"enemies":"Gremlin Nob","floor":11.0,"turns":3.0},{"damage":53.0,"enemies":"The Guardian","floor":16.0,"turns":12.0},{"damage":58.0,"enemies":"3 Byrds","floor":18.0,"turns":5.0},{"damage":20.0,"enemies":"Spheric Guardian","floor":19.0,"turns":6.0},{"damage":9,"enemies":"Book of Stabbing","floor":23,"turns":2}],"seed_played":"-4297471075168569401","potions_obtained":[{"floor":2.0,"key":"PotionOfCapacity"},{"floor":4.0,"key":"Regen Potion"},{"floor":7.0,"key":"EntropicBrew"},{"floor":18.0,"key":"Weak Potion"},{"floor":19.0,"key":"Energy Potion"}],"is_trial":false,"path_per_floor":["M","M","?","M","M","R","M","$","T","?","E","R","?","?","R","B",null,"M","M","?","?","?","E"],"character_chosen":"DEFECT","items_purchased":["Membership Card"],"campfire_rested":3,"item_purchase_floors":[8],"current_hp_per_floor":[72,66,66,66,53,77,77,77,77,47,40,64,48,48,72,19,82,24,4,4,4,4,0,0],"gold":512,"neow_bonus":"TEN_PERCENT_HP_BONUS","is_daily":false,"chose_seed":false,"campfire_upgraded":0,"win_rate":0.0,"timestamp":1614016188,"path_taken":["M","M","?","?","M","R","M","$","T","?","E","R","?","?","R","BOSS","M","M","?","?","?","E"],"items_purchased_type":["Relic"],"build_version":"2020-12-22","purchased_purges":0,"victory":false,"max_hp_per_floor":[82,82,82,82,82,82,82,82,82,82,82,82,82,82,82,82,82,82,82,82,82,82,82,82],"card_choices":[{"not_picked":["Steam","Sweeping Beam"],"picked":"Ball Lightning","floor":1.0},{"not_picked":["Rebound","Streamline"],"picked":"Genetic Algorithm","floor":2.0},{"not_picked":["Aggregate","Chill","Turbo"],"picked":"SKIP","floor":4.0},{"not_picked":["Redo","Gash"],"picked":"Capacitor","floor":5.0},{"not_picked":["Doom and Gloom","Stack","Go for the Eyes"],"picked":"SKIP","floor":7.0},{"not_picked":["Cold Snap","Doom and Gloom"],"picked":"Ball Lightning","floor":10.0},{"not_picked":["Reprogram","Coolheaded"],"picked":"Creative AI","floor":11.0},{"not_picked":["Stack","Steam","Turbo+1"],"picked":"SKIP","floor":18.0},{"not_picked":["Gash","Consume"],"picked":"Storm","floor":19.0}],"player_experience":95855,"relics_obtained":[{"floor":9.0,"key":"MawBank"},{"floor":10.0,"key":"Omamori"},{"floor":11.0,"key":"Vajra"}],"event_choices":[{"damage_healed":0.0,"max_hp_gain":0.0,"max_hp_loss":0.0,"gold_gain":0.0,"event_name":"Upgrade Shrine","player_choice":"Upgraded","floor":3.0,"gold_loss":0.0,"damage_taken":0.0,"cards_upgraded":["Zap"]},{"damage_healed":0.0,"max_hp_gain":0.0,"max_hp_loss":0.0,"gold_gain":0.0,"event_name":"Dead Adventurer","player_choice":"Searched \u00272\u0027 times","floor":10.0,"gold_loss":0.0,"damage_taken":0.0},{"damage_healed":0.0,"max_hp_gain":0.0,"max_hp_loss":0.0,"gold_gain":0.0,"event_name":"Shining Light","player_choice":"Entered Light","floor":13.0,"gold_loss":0.0,"damage_taken":16.0,"cards_upgraded":["Genetic Algorithm","Strike_B"]},{"damage_healed":0.0,"max_hp_gain":0.0,"max_hp_loss":0.0,"gold_gain":175.0,"event_name":"Liars Game","player_choice":"AGREE","floor":14.0,"gold_loss":0.0,"damage_taken":0.0,"cards_obtained":["Doubt"]},{"damage_healed":0.0,"max_hp_gain":0.0,"max_hp_loss":0.0,"gold_gain":0.0,"event_name":"Addict","player_choice":"Obtained Relic","floor":20.0,"gold_loss":85.0,"damage_taken":0.0,"relics_obtained":["Frozen Egg 2"]},{"damage_healed":0.0,"max_hp_gain":0.0,"max_hp_loss":0.0,"gold_gain":0.0,"event_name":"Cursed Tome","player_choice":"Ignored","floor":21.0,"gold_loss":0.0,"damage_taken":0.0},{"damage_healed":0.0,"max_hp_gain":0.0,"max_hp_loss":0.0,"gold_gain":0.0,"event_name":"The Mausoleum","player_choice":"Opened","floor":22.0,"gold_loss":0.0,"damage_taken":0.0,"relics_obtained":["Smiling Mask"],"cards_obtained":["Writhe"]}],"is_beta":false,"boss_relics":[{"not_picked":["Empty Cage","Runic Dome"],"picked":"SlaversCollar"}],"items_purged_floors":[],"is_endless":false,"potions_floor_spawned":[2,4,7,18,19],"killed_by":"Book of Stabbing","ascension_level":0}}