{"host":"wqwfknj40rilnol1","time":1614019614,"event":{"mods":["BaseMod","BetterRewards","Block Reminder","Colored Map","Hubris","Minty Spire (QoL Compilation)","Permanent Neow","Relic Stats","StSLib","The Cursed"],"gold_per_floor":[118,293,293,310,328,360,310,320,372,403,403,22,22,49,49,150,150,167,184,184,200,212,239,255,255,255,255,255,45,45,4,4,100,100,115,39,39,93,93,93,108,136,136,136,155,179,197,0,0,0],"floor_reached":51,"language":"ENG","playtime":1793,"items_purged":["Strike_R"],"score":1423,"play_id":"c231df8e-8b47-4d20-b3ca-97c5573aa066","local_time":"20210222194654","is_ascension_mode":true,"campfire_choices":[{"data":"hubris:SharpeningStone","floor":11,"key":"SMITH"},{"data":"Bash","floor":15,"key":"SMITH"},{"floor":25,"key":"REST"},{"floor":27,"key":"REST"},{"data":"Inflame","floor":30,"key":"SMITH"},{"data":"Immolate","floor":32,"key":"SMITH"},{"floor":40,"key":"REST"},{"floor":44,"key":"REST"},{"floor":49,"key":"REST"}],"circlet_count":0,"master_deck":["AscendersBane","Strike_R+1","Strike_R+1","Strike_R+1","Strike_R+1","Defend_R+1","Defend_R+1","Defend_R+1","Defend_R+1","Bash+1","Inflame+1","True Grit+1","hubris:SharpeningStone+1","Seeing Red+1","Flame Barrier+1","hubris:StunningStrike+1","Fiend Fire+1","Feel No Pain+1","Warcry+1","Shrug It Off+1","Inflame+1","Pummel+1","Immolate+1","Feed+1","Shockwave+1","Limit Break+1","Berserk+1"],"relics":["Burning Blood","hubris:Spice","Membership Card","TungstenRod","hubris:MedicalManual","HornCleat","Pen Nib","Calipers","hubris:EmptyBottle","Strawberry","FaceOfCleric","Juzu Bracelet","Philosopher\u0027s Stone","Mark of the Bloom","Frozen Egg 2","hubris:ToyBattleship","Red Mask"],"acts_visited":["Exordium","TheCity","TheBeyond"],"potions_floor_usage":[18,18,21,23,23,23,24,24,24,24,42,50,50],"damage_taken":[{"damage":2,"enemies":"2 Louse","floor":1,"turns":3},{"damage":3,"enemies":"Jaw Worm","floor":4,"turns":3},{"damage":3,"enemies":"Small Slimes","floor":5,"turns":4},{"damage":22,"enemies":"Gremlin Nob","floor":6,"turns":4},{"damage":0,"enemies":"2 Fungi Beasts","floor":8,"turns":3},{"damage":19,"enemies":"3 Sentries","floor":10,"turns":11},{"damage":10,"enemies":"Lagavulin","floor":14,"turns":5},{"damage":26,"enemies":"Slime Boss","floor":16,"turns":9},{"damage":0,"enemies":"3 Byrds","floor":18,"turns":3},{"damage":27,"enemies":"2 Thieves","floor":19,"turns":4},{"damage":7,"enemies":"Centurion and Healer","floor":21,"turns":7},{"damage":17,"enemies":"Snecko","floor":22,"turns":5},{"damage":42,"enemies":"Book of Stabbing","floor":23,"turns":7},{"damage":21,"enemies":"3 Cultists","floor":24,"turns":4},{"damage":55,"enemies":"Collector","floor":33,"turns":10},{"damage":2,"enemies":"Orb Walker","floor":35,"turns":3},{"damage":7,"enemies":"2 Orb Walkers","floor":38,"turns":2},{"damage":0,"enemies":"3 Shapes","floor":41,"turns":4},{"damage":14,"enemies":"Reptomancer","floor":42,"turns":2},{"damage":0,"enemies":"Spire Growth","floor":45,"turns":2},{"damage":0,"enemies":"Writhing Mass","floor":47,"turns":2},{"damage":2,"enemies":"Awakened One","floor":50,"turns":7}],"seed_played":"-8113012661702757063","potions_obtained":[{"floor":4,"key":"Weak Potion"},{"floor":5,"key":"LiquidBronze"},{"floor":21,"key":"Strength Potion"},{"floor":33,"key":"BlessingOfTheForge"},{"floor":35,"key":"SpeedPotion"},{"floor":42,"key":"GamblersBrew"}],"is_trial":false,"path_per_floor":["M","?","?","M","M","E","?","M","T","E","R","$","?","E","R","B",null,"M","M","?","M","M","E","M","R","T","R","?","$","R","$","R","B",null,"M","$","?","?","?","R","M","E","T","R","M","T","M","?","R","B",null],"character_chosen":"IRONCLAD","items_purchased":["Membership Card","Inflame","Calipers","Flame Barrier","hubris:StunningStrike","hubris:EmptyBottle","EntropicBrew","Inflame","Pummel","hubris:Spice","Immolate","Limit Break"],"campfire_rested":5,"item_purchase_floors":[0,0,12,12,12,12,12,29,29,29,31,36],"current_hp_per_floor":[84,84,67,70,73,57,57,63,63,58,58,58,58,61,61,41,82,88,67,67,67,57,22,8,32,32,56,56,56,56,56,56,8,59,64,64,64,58,58,58,55,41,40,40,40,40,40,40,40,38],"gold":0,"neow_bonus":"","is_daily":false,"chose_seed":false,"campfire_upgraded":4,"win_rate":0.0,"timestamp":1614019614,"path_taken":["M","?","?","M","?","E","?","M","T","E","R","$","?","E","R","BOSS","M","M","?","M","?","E","M","R","T","R","?","$","R","$","R","BOSS","M","$","?","?","?","R","M","E","T","R","M","?","M","?","R","BOSS"],"items_purchased_type":["Relic","Card","Relic","Card","Card","Relic","Potion","Card","Card","Relic","Card","Card"],"build_version":"2020-12-22","purchased_purges":1,"victory":true,"max_hp_per_floor":[88,88,88,88,88,88,88,88,88,96,96,96,96,103,103,103,95,95,95,95,96,97,82,83,83,83,83,83,75,75,75,75,76,76,77,77,73,58,58,58,55,48,40,40,41,41,42,42,42,43],"relic_stats":{"Mark of the Bloom":80,"FaceOfCleric":12,"counters":[65,299],"Pen Nib":[14],"Juzu Bracelet":0,"obtain_stats":[{"Ice Cream":37,"hubris:Metronome":14,"Mark of the Bloom":39,"Calipers":12,"Incense Burner":9,"Juzu Bracelet":26,"Whetstone":23,"hubris:EmptyBottle":12,"Burning Blood":0,"Frozen Eye":3,"Nunchaku":38,"Centennial Puzzle":43,"Matryoshka":26,"hubris:Icosahedron":29,"HornCleat":6,"FaceOfCleric":20,"Sundial":25,"Strawberry":14,"Philosopher\u0027s Stone":17,"hubris:DeckOfHolding":31,"Fusion Hammer":34,"Red Mask":21,"Kunai":8,"Red Skull":6,"hubris:GlazedTorus":42,"hubris:64BitClover":31,"Charon\u0027s Ashes":38,"Pen Nib":43,"hubris:MedicalManual":0,"Frozen Egg 2":41,"White Beast Statue":9,"Mercury Hourglass":11,"Anchor":7,"Bottled Flame":26,"Brimstone":19,"hubris:Spice":0,"Bronze Scales":47,"Bag of Marbles":19,"hubris:ToyBattleship":46,"Membership Card":0,"hubris:CrackedHourglass":17,"TungstenRod":0,"hubris:BottledRain":11,"Pocketwatch":23},{"Ice Cream":36,"hubris:Metronome":6,"Mark of the Bloom":60,"Calipers":49,"Incense Burner":4,"Juzu Bracelet":57,"Whetstone":31,"hubris:EmptyBottle":49,"Burning Blood":0,"Frozen Eye":2,"Nunchaku":36,"Centennial Puzzle":39,"Matryoshka":32,"hubris:Icosahedron":33,"HornCleat":47,"FaceOfCleric":53,"Sundial":32,"Strawberry":50,"Philosopher\u0027s Stone":7,"hubris:DeckOfHolding":16,"Fusion Hammer":34,"Red Mask":10,"Kunai":23,"Red Skull":22,"hubris:GlazedTorus":39,"hubris:64BitClover":33,"Charon\u0027s Ashes":36,"Pen Nib":39,"hubris:MedicalManual":43,"Frozen Egg 2":38,"White Beast Statue":23,"Mercury Hourglass":24,"Anchor":4,"Bottled Flame":12,"Brimstone":27,"hubris:Spice":43,"Bronze Scales":42,"Bag of Marbles":27,"hubris:ToyBattleship":63,"Membership Card":43,"hubris:CrackedHourglass":26,"TungstenRod":43,"hubris:BottledRain":5,"Pocketwatch":11},{"Ice Cream":167,"hubris:Metronome":28,"Mark of the Bloom":282,"Calipers":223,"Incense Burner":16,"Juzu Bracelet":267,"Whetstone":146,"hubris:EmptyBottle":223,"Burning Blood":0,"Frozen Eye":8,"Nunchaku":167,"Centennial Puzzle":180,"Matryoshka":150,"hubris:Icosahedron":153,"HornCleat":209,"FaceOfCleric":244,"Sundial":150,"Strawberry":228,"Philosopher\u0027s Stone":36,"hubris:DeckOfHolding":70,"Fusion Hammer":158,"Red Mask":46,"Kunai":108,"Red Skull":98,"hubris:GlazedTorus":180,"hubris:64BitClover":153,"Charon\u0027s Ashes":167,"Pen Nib":180,"hubris:MedicalManual":195,"Frozen Egg 2":176,"White Beast Statue":108,"Mercury Hourglass":114,"Anchor":16,"Bottled Flame":53,"Brimstone":133,"hubris:Spice":195,"Bronze Scales":190,"Bag of Marbles":133,"hubris:ToyBattleship":290,"Membership Card":195,"hubris:CrackedHourglass":128,"TungstenRod":195,"hubris:BottledRain":25,"Pocketwatch":50}],"Burning Blood":344,"TungstenRod":38},"card_choices":[{"not_picked":["Cleave","Flex","Burning Pact"],"picked":"SKIP","floor":1},{"not_picked":["Clash","Pommel Strike"],"picked":"True Grit","floor":4},{"not_picked":["Anger","Flame Barrier"],"picked":"hubris:SharpeningStone","floor":5},{"not_picked":["Heavy Blade","Offering"],"picked":"Seeing Red","floor":6},{"not_picked":["Rupture","Armaments","Perfected Strike"],"picked":"SKIP","floor":8},{"not_picked":["Twin Strike","Rampage","Juggernaut"],"picked":"SKIP","floor":10},{"not_picked":["hubris:CleavingFinish","Exhume","Armaments"],"picked":"SKIP","floor":14},{"not_picked":["Corruption","Juggernaut"],"picked":"Fiend Fire","floor":16},{"not_picked":["Combust","Searing Blow"],"picked":"Feel No Pain","floor":18},{"not_picked":["Flex","True Grit"],"picked":"Warcry+1","floor":19},{"not_picked":["Infernal Blade","Clash","Thunderclap+1"],"picked":"SKIP","floor":21},{"not_picked":["Flex+1","Anger+1","Entrench"],"picked":"SKIP","floor":22},{"not_picked":["Perfected Strike","Seeing Red"],"picked":"hubris:SpiceAddiction","floor":23},{"not_picked":["Perfected Strike","Dark Embrace"],"picked":"Shrug It Off+1","floor":24},{"not_picked":["Brutality","Corruption"],"picked":"Feed","floor":33},{"not_picked":["Burning Pact","True Grit"],"picked":"Shockwave+1","floor":35},{"not_picked":["hubris:SpiceAddiction","Carnage+1"],"picked":"hubris:SpiceAddiction","floor":38},{"not_picked":["Headbutt","Clash+1"],"picked":"hubris:SpiceAddiction","floor":41},{"not_picked":["Pommel Strike+1","Fire Breathing+1"],"picked":"hubris:SpiceAddiction","floor":42},{"not_picked":["Heavy Blade+1","Warcry","Thunderclap+1"],"picked":"SKIP","floor":45},{"not_picked":["Iron Wave","Bloodletting+1"],"picked":"Berserk+1","floor":47}],"player_experience":296906,"relics_obtained":[{"floor":6,"key":"HornCleat"},{"floor":9,"key":"Pen Nib"},{"floor":10,"key":"hubris:Spice"},{"floor":14,"key":"Strawberry"},{"floor":23,"key":"hubris:Spice"},{"floor":26,"key":"Juzu Bracelet"},{"floor":38,"key":"hubris:Spice"},{"floor":42,"key":"Frozen Egg 2"},{"floor":43,"key":"hubris:Spice"},{"floor":46,"key":"hubris:ToyBattleship"}],"event_choices":[{"damage_healed":0,"gold_gain":175,"player_choice":"AGREE","damage_taken":0,"max_hp_gain":0,"max_hp_loss":0,"event_name":"Liars Game","floor":2,"gold_loss":0,"cards_obtained":["Doubt"]},{"damage_healed":0,"gold_gain":0,"player_choice":"Entered Light","damage_taken":18,"max_hp_gain":0,"max_hp_loss":0,"event_name":"Shining Light","floor":3,"gold_loss":0,"cards_upgraded":["Inflame","Defend_R"]},{"cards_removed":["Doubt"],"damage_healed":0,"gold_gain":0,"player_choice":"Card Removal","damage_taken":0,"max_hp_gain":0,"max_hp_loss":0,"event_name":"The Cleric","floor":7,"gold_loss":50},{"damage_healed":0,"gold_gain":0,"player_choice":"Grow","damage_taken":0,"max_hp_gain":0,"max_hp_loss":0,"event_name":"Living Wall","floor":13,"gold_loss":0,"cards_upgraded":["hubris:StunningStrike"]},{"damage_healed":0,"gold_gain":0,"player_choice":"Trade","damage_taken":0,"relics_obtained":["FaceOfCleric"],"max_hp_gain":0,"max_hp_loss":0,"event_name":"FaceTrader","floor":20,"gold_loss":0},{"damage_healed":0,"gold_gain":0,"player_choice":"Ignored","damage_taken":0,"max_hp_gain":0,"max_hp_loss":0,"event_name":"Vampires","floor":28,"gold_loss":0},{"damage_healed":0,"gold_gain":0,"player_choice":"Max HP","damage_taken":0,"max_hp_gain":0,"max_hp_loss":4,"event_name":"Winding Halls","floor":37,"gold_loss":0},{"damage_healed":0,"gold_gain":0,"player_choice":"Fight","damage_taken":0,"max_hp_gain":0,"max_hp_loss":0,"event_name":"Mysterious Sphere","floor":38,"gold_loss":0},{"damage_healed":0,"gold_gain":0,"player_choice":"Upgrade","damage_taken":0,"relics_obtained":["Mark of the Bloom"],"max_hp_gain":0,"max_hp_loss":0,"event_name":"MindBloom","floor":39,"gold_loss":0,"cards_upgraded":["Strike_R","Strike_R","Strike_R","Strike_R","Defend_R","Defend_R","Defend_R","True Grit","Seeing Red","Flame Barrier","Fiend Fire","Feel No Pain","Pummel","Feed","Limit Break"]},{"damage_healed":0,"gold_gain":0,"player_choice":"Paid","damage_taken":0,"relics_obtained":["Red Mask"],"max_hp_gain":0,"max_hp_loss":0,"event_name":"Tomb of Lord Red Mask","floor":48,"gold_loss":197}],"is_beta":false,"boss_relics":[{"not_picked":["hubris:Spice","hubris:Spice"],"picked":"hubris:Spice"},{"not_picked":["Black Blood","hubris:CrackedHourglass"],"picked":"Philosopher\u0027s Stone"}],"items_purged_floors":[0],"is_endless":false,"potions_floor_spawned":[4,5,10,16,21,23,33,35,41,42,47],"ascension_level":11}}