{"host":"rvofswtrkybk7ok8","time":1614001429,"event":{"mods":["ATMod(°¢èªMod)","BaseMod","Card Filter","Colored Map","Minty Spire (QoL Compilation)","MostiFishMod","Quick Restart","StSLib"],"gold_per_floor":[118,13,29,29,29,55,55,85,112,140,215,228,260,270,270,348,348,367,292,292,307,25,59,59,74,98,98,126,126,126,139,139,215,215,230,0,0,0,15,15,29,42,42,17,45,45,45,77,77,77,77,77,4176,4209,4209],"floor_reached":56,"language":"ZHS","playtime":2168,"items_purged":["Strike_B"],"score":2705,"play_id":"e320c5ad-bc6d-4a20-b538-714861b99118","local_time":"20210222214349","is_ascension_mode":true,"campfire_choices":[{"data":"AT_IchimonjiDouble","floor":7.0,"key":"SMITH"},{"data":"Beam Cell","floor":15.0,"key":"SMITH"},{"data":"Creative AI","floor":24.0,"key":"SMITH"},{"data":"Buffer","floor":30.0,"key":"SMITH"},{"data":"MostiFishMod:GatherIntelligence","floor":32.0,"key":"SMITH"},{"data":"MostiFishMod:ActiveDefenseSystem","floor":40.0,"key":"SMITH"},{"data":"MostiFishMod:Nova","floor":46.0,"key":"SMITH"},{"floor":49,"key":"RECALL"},{"data":"Seek","floor":52,"key":"SMITH"}],"circlet_count":0,"master_deck":["AscendersBane","Zap","Dualcast","AT_IchimonjiDouble+1","Hyperbeam","Skim","Gash","Cold Snap","Beam Cell","Turbo","Core Surge","Creative AI+1","Sweeping Beam","Hologram+1","White Noise","Buffer+1","MostiFishMod:GatherIntelligence+1","Meteor Strike","Defragment","MostiFishMod:ActiveDefenseSystem+1","Consume","AT_EMC2","Rip and Tear","MostiFishMod:ReprogramOld","Defragment","Core Surge","MostiFishMod:Nova+1","Coolheaded","Seek+1","AT_StudyProgram+1","MostiFishMod:ATRI","Stack","Heatsinks","MostiFishMod:Prepare"],"relics":["Cracked Core","AT_ATBox","DaveBox","Transparent","SynthV:TestCard","Art of War","Nunchaku","AT_ImmortalShieldbow","Happy Flower","ChiXiaoBlade","AT_ForceNature","Blood Vial","SynthV:C4","Enchiridion","SentryEyes","Nloth\u0027s Gift","Pandora\u0027s Box","Red Mask","FossilizedHelix","Singing Bowl","Incense Burner","AT_TimeSand","Bag of Preparation","SynthV","CombinedTypeHook"],"acts_visited":["Exordium","TheCity","TheBeyond","TheEnding"],"potions_floor_usage":[55],"damage_taken":[{"damage":24.0,"enemies":"Cultist","floor":1.0,"turns":2.0},{"damage":31.0,"enemies":"Small Slimes","floor":3.0,"turns":2.0},{"damage":24.0,"enemies":"Gremlin Nob","floor":6.0,"turns":2.0},{"damage":36.0,"enemies":"3 Sentries","floor":8.0,"turns":3.0},{"damage":24.0,"enemies":"Lagavulin","floor":10.0,"turns":2.0},{"damage":12.0,"enemies":"2 Louse","floor":12.0,"turns":1.0},{"damage":36.0,"enemies":"3 Sentries","floor":13.0,"turns":3.0},{"damage":24.0,"enemies":"Large Slime","floor":14.0,"turns":2.0},{"damage":68.0,"enemies":"The Guardian","floor":16.0,"turns":4.0},{"damage":36.0,"enemies":"Chosen","floor":18.0,"turns":3.0},{"damage":26.0,"enemies":"Shell Parasite","floor":21.0,"turns":2.0},{"damage":24.0,"enemies":"Slavers","floor":23.0,"turns":2.0},{"damage":21.0,"enemies":"Snake Plant","floor":25.0,"turns":2.0},{"damage":34.0,"enemies":"Gremlin Leader","floor":28.0,"turns":3.0},{"damage":6.0,"enemies":"Shelled Parasite and Fungi","floor":31.0,"turns":2.0},{"damage":18.0,"enemies":"Champ","floor":33.0,"turns":5.0},{"damage":6.0,"enemies":"3 Shapes","floor":35.0,"turns":1.0},{"damage":20.0,"enemies":"Orb Walker","floor":39.0,"turns":2.0},{"damage":12.0,"enemies":"3 Darklings","floor":41.0,"turns":2.0},{"damage":6.0,"enemies":"Jaw Worm Horde","floor":42.0,"turns":1.0},{"damage":0.0,"enemies":"Reptomancer","floor":45.0,"turns":3.0},{"damage":8,"enemies":"Giant Head","floor":48,"turns":3},{"damage":11,"enemies":"Donu and Deca","floor":50,"turns":4},{"damage":0,"enemies":"Shield and Spear","floor":54,"turns":1},{"damage":18,"enemies":"The Heart","floor":55,"turns":5}],"seed_played":"-3808052322065029811","potions_obtained":[{"floor":1.0,"key":"Block Potion"},{"floor":6.0,"key":"Energy Potion"},{"floor":28.0,"key":"Regen Potion"},{"floor":48,"key":"Strength Potion"}],"is_trial":false,"path_per_floor":["M","$","M","?","?","E","R","E","T","E","?","M","E","M","R","B",null,"M","?","?","M","$","E","R","M","T","?","E","?","R","M","R","B",null,"M","?","?","?","M","R","M","M","T","$","E","R","?","E","R","B",null,"R","$","E","B",null],"character_chosen":"DEFECT","items_purchased":["Gash","AT_ForceNature","Coolheaded","AT_TimeSand","Bag of Preparation","SynthV","MostiFishMod:ATRI","Stack","Heatsinks"],"campfire_rested":0,"item_purchase_floors":[2,22,44,53,53,53,53,53,53],"current_hp_per_floor":[64,64,64,64,53,64,64,64,64,64,53,64,64,64,64,55,62,64,64,47,62,62,69,69,69,69,60,69,69,69,69,69,69,69,69,69,69,69,69,69,69,69,69,69,69,69,69,69,69,69,69,69,69,69,69],"gold":4209,"neow_bonus":"THREE_RARE_CARDS","is_daily":false,"chose_seed":false,"campfire_upgraded":8,"win_rate":0.0,"timestamp":1614001429,"path_taken":["M","$","M","?","?","E","R","E","T","E","?","M","E","M","R","BOSS","M","?","?","M","$","E","R","M","T","?","E","?","R","M","R","BOSS","M","?","?","?","M","R","?","?","T","?","E","R","?","E","R","BOSS","R","$","E","BOSS"],"items_purchased_type":["Card","Relic","Card","Relic","Relic","Relic","Card","Card","Card"],"build_version":"2020-12-22","purchased_purges":1,"victory":true,"max_hp_per_floor":[64,64,64,64,64,64,64,64,64,64,64,64,64,64,64,64,64,64,64,69,69,69,69,69,69,69,69,69,69,69,69,69,69,69,69,69,69,69,69,69,69,69,69,69,69,69,69,69,69,69,69,69,69,69,69],"card_choices":[{"not_picked":["MostiFishMod:Prepare","AT_WaterDrop"],"picked":"Hyperbeam","floor":0.0},{"not_picked":["AT_StudyProgram","Stack"],"picked":"Skim","floor":1.0},{"not_picked":["Sunder","Stack","MostiFishMod:FluxCapactior","Heatsinks"],"picked":"Beam Cell","floor":3.0},{"not_picked":["Compile Driver","Defragment","Sweeping Beam","AT_StudyProgram"],"picked":"Cold Snap","floor":6.0},{"not_picked":["Steam","Aggregate","Cold Snap","Blizzard","AT_StudyProgram"],"picked":"SKIP","floor":8.0},{"not_picked":["Darkness","MostiFishMod:PushDownKick","Auto Shields","Force Field"],"picked":"Beam Cell","floor":10.0},{"not_picked":["Steam","Coolheaded","Streamline","Heatsinks"],"picked":"Turbo","floor":12.0},{"not_picked":["Sweeping Beam","Aggregate","Consume","AT_StudyProgram"],"picked":"Core Surge","floor":13.0},{"not_picked":["AT_WarpDrive","AT_HeatAcrobatics","Beam Cell","Doom and Gloom","AT_EMC2"],"picked":"SKIP","floor":14.0},{"not_picked":["Rainbow","MostiFishMod:DeathFromBelow","All For One","Seek"],"picked":"Creative AI","floor":16.0},{"not_picked":["Chill","Rip and Tear","Steam Power","Redo","Streamline"],"picked":"SKIP","floor":18.0},{"not_picked":["AT_RobotInSpace","Streamline","AT_EMC2","AT_HeatAcrobatics"],"picked":"Sweeping Beam","floor":21.0},{"not_picked":["Ball Lightning+1","FTL","MostiFishMod:PushDownKick","Turbo+1"],"picked":"Hologram+1","floor":23.0},{"not_picked":["Auto Shields","AT_RobotInSpace","MostiFishMod:IceShield","Conserve Battery"],"picked":"White Noise","floor":25.0},{"not_picked":["Melter","Ball Lightning","Lockon","Cold Snap"],"picked":"Buffer","floor":28.0},{"not_picked":["Ball Lightning","Steam","Cold Snap","Chill"],"picked":"MostiFishMod:GatherIntelligence","floor":31.0},{"not_picked":["Thunder Strike","MostiFishMod:StrandedSiren","All For One","MostiFishMod:SeaWaves"],"picked":"Meteor Strike","floor":33.0},{"not_picked":["MostiFishMod:FluxCapactior","Cold Snap","Redo","Hologram"],"picked":"AT_HeatAcrobatics","floor":35.0},{"not_picked":["Melter","Hologram","Compile Driver","Consume"],"picked":"Defragment","floor":39.0},{"not_picked":["AT_WarpDrive","Steam Power","Go for the Eyes","Ball Lightning"],"picked":"Core Surge","floor":41.0},{"not_picked":["Doom and Gloom","Sweeping Beam+1","Darkness+1","Chaos+1"],"picked":"MostiFishMod:Nova","floor":42.0},{"not_picked":["Rebound","Hologram","Aggregate","Turbo"],"picked":"Seek","floor":45.0},{"not_picked":["Heatsinks","Cold Snap","Conserve Battery","Static Discharge"],"picked":"AT_StudyProgram+1","floor":48},{"not_picked":["Leap","Conserve Battery+1","Darkness+1","AT_WarpDrive+1"],"picked":"MostiFishMod:Prepare","floor":54}],"player_experience":654990,"relics_obtained":[{"floor":1.0,"key":"SynthV:TestCard"},{"floor":6.0,"key":"Anchor"},{"floor":8.0,"key":"Nunchaku"},{"floor":10.0,"key":"AT_ImmortalShieldbow"},{"floor":13.0,"key":"Happy Flower"},{"floor":23.0,"key":"Blood Vial"},{"floor":26.0,"key":"SynthV:C4"},{"floor":27.0,"key":"Enchiridion"},{"floor":28.0,"key":"SentryEyes"},{"floor":43.0,"key":"FossilizedHelix"},{"floor":45.0,"key":"Singing Bowl"},{"floor":48,"key":"Incense Burner"},{"floor":54,"key":"CombinedTypeHook"}],"event_choices":[{"damage_healed":0.0,"max_hp_gain":0.0,"max_hp_loss":0.0,"gold_gain":0.0,"event_name":"Liars Game","player_choice":"Ignored","floor":4.0,"gold_loss":0.0,"damage_taken":0.0},{"damage_healed":0.0,"max_hp_gain":0.0,"max_hp_loss":0.0,"gold_gain":0.0,"event_name":"Scrap Ooze","player_choice":"Success","floor":5.0,"gold_loss":0.0,"damage_taken":11.0,"relics_obtained":["Art of War"]},{"damage_healed":0.0,"max_hp_gain":0.0,"max_hp_loss":0.0,"gold_gain":75.0,"event_name":"World of Goop","player_choice":"Gather Gold","floor":11.0,"gold_loss":0.0,"damage_taken":11.0},{"cards_removed":["Strike_B"],"damage_healed":0.0,"max_hp_gain":0.0,"max_hp_loss":0.0,"gold_gain":0.0,"event_name":"Beggar","player_choice":"Gave Gold","floor":19.0,"gold_loss":75.0,"damage_taken":0.0},{"damage_healed":0.0,"max_hp_gain":5.0,"max_hp_loss":0.0,"gold_gain":0.0,"event_name":"Forgotten Altar","player_choice":"Shed Blood","floor":20.0,"gold_loss":0.0,"damage_taken":22.0},{"damage_healed":0.0,"max_hp_gain":0.0,"max_hp_loss":0.0,"gold_gain":0.0,"event_name":"Cursed Tome","player_choice":"Obtained Book","floor":27.0,"gold_loss":0.0,"damage_taken":21.0},{"damage_healed":0.0,"max_hp_gain":0.0,"max_hp_loss":0.0,"gold_gain":0.0,"event_name":"N\u0027loth","player_choice":"Traded Relic","floor":29.0,"relics_lost":["Anchor"],"gold_loss":0.0,"damage_taken":0.0,"relics_obtained":["Nloth\u0027s Gift"]},{"damage_healed":0.0,"max_hp_gain":0.0,"max_hp_loss":0.0,"gold_gain":0.0,"event_name":"Tomb of Lord Red Mask","player_choice":"Paid","floor":36.0,"gold_loss":230.0,"damage_taken":0.0,"relics_obtained":["Red Mask"]},{"cards_removed":["Beam Cell"],"damage_healed":0.0,"max_hp_gain":0.0,"max_hp_loss":0.0,"gold_gain":0.0,"event_name":"Falling","player_choice":"Removed Attack","floor":37.0,"gold_loss":0.0,"damage_taken":0.0},{"damage_healed":0.0,"max_hp_gain":0.0,"max_hp_loss":0.0,"gold_gain":0.0,"cards_transformed":["Reprogram"],"event_name":"Transmorgrifier","player_choice":"Transformed","floor":38.0,"gold_loss":0.0,"damage_taken":0.0,"cards_obtained":["MostiFishMod:ReprogramOld"]},{"cards_removed":["AT_HeatAcrobatics"],"damage_healed":0.0,"max_hp_gain":0.0,"max_hp_loss":0.0,"gold_gain":0.0,"event_name":"Wheel of Change","player_choice":"Card Removal","floor":47.0,"gold_loss":0.0,"damage_taken":0.0}],"is_beta":false,"boss_relics":[{"not_picked":["FixedStarFall","Tiny House"],"picked":"ChiXiaoBlade"},{"not_picked":["Astrolabe","Coffee Dripper"],"picked":"Pandora\u0027s Box"}],"items_purged_floors":[2],"is_endless":false,"potions_floor_spawned":[1,6,13,14,16,18,28,31,35,48],"ascension_level":19}}