{"host":"agdto6ifbg57aw9m","time":1614014103,"event":{"mods":["2.2 Compatiblity","Aspiration","BaseMod","BetterRewards","Duelist Mod","Friendly Minions","GifTheSpireLib","Halation","Infinite Spire","Minty Spire (QoL Compilation)","Replay The Spire","Spikes Relics","StSLib","Stuff the Spire","The Spell Scribe"],"gold_per_floor":[140,140,160,160,175,208,208,239,239,239,256,269,301,320,320,397,397,416,119,132,146,181,213,213,213,239,273,285,285,285,285],"floor_reached":30,"language":"ENG","playtime":2069,"items_purged":["theDuelist:Sparks","theDuelist:Sparks"],"score":845,"play_id":"4273f35e-148a-44af-9c85-4e78359bff1b","local_time":"20210222121503","is_ascension_mode":true,"campfire_choices":[{"data":"theDuelist:ImperialOrder","floor":7.0,"key":"SMITH"},{"floor":15.0,"key":"REST"},{"data":"theDuelist:YellowBelliedOni","floor":24,"key":"SMITH"}],"circlet_count":0,"master_deck":["AscendersBane","theDuelist:CastleWalls","theDuelist:CastleWalls","theDuelist:ColossalFighter","theDuelist:CommandKnight","theDuelist:FeedbackWarrior","theDuelist:MightyWarrior","theDuelist:SuperheavySoulbuster","theDuelist:BrushfireKnight","theDuelist:ForbiddenLance","theDuelist:WeaponChange","theDuelist:DawnKnight","theDuelist:EarthGiant","theDuelist:MagnumShield","theDuelist:CircleFireKings","theDuelist:DeltaMagnet+1","theDuelist:MagnumShield+1","theDuelist:ImperialOrder+1","theDuelist:FightingSpirit","theDuelist:GaiaFierce","theDuelist:FutureFusion","theDuelist:CommanderSwords","theDuelist:SuperheavyMagnet","theDuelist:ElfLight","theDuelist:MagnumShield","theDuelist:MagnumShield","theDuelist:YellowBelliedOni+1","theDuelist:Flint+1","theDuelist:DarkBurningAttack","theDuelist:SuperheavySwordsman","theDuelist:WhiteNinja","theDuelist:VampireCurse"],"relics":["theDuelist:MillenniumPuzzle","theDuelist:CardPoolRelic","theDuelist:CardPoolBasicRelic","theDuelist:BoosterPackPoolRelic","theDuelist:CardPoolAddRelic","theDuelist:CardPoolMinusRelic","theDuelist:CardPoolSaveRelic","theDuelist:CardPoolOptionsRelic","ZombieTooth","Incense Burner","StuffTheSpire:Gunfinga","Brimstone","StuffTheSpire:DarkSteelAnvil","StuffTheSpire:Nightcore","Tiny Chest","Gremlin Food","theDuelist:SpellMaxHPRelic","aspiration:SecretTechniqueScroll","Eternal Feather","Red Mask","halation:PrussianBluePaint","StuffTheSpire:HeavyRock","theDuelist:DuelistOrichalcum","Boot","theDuelist:ResummonBranch"],"acts_visited":["Exordium","TheCity"],"potions_floor_usage":[27],"damage_taken":[{"damage":0.0,"enemies":"2 Louse","floor":1.0,"turns":1.0},{"damage":0.0,"enemies":"Cultist","floor":3.0,"turns":2.0},{"damage":0.0,"enemies":"Small Slimes","floor":5.0,"turns":2.0},{"damage":0.0,"enemies":"Lagavulin","floor":6.0,"turns":3.0},{"damage":0.0,"enemies":"Gremlin Nob","floor":8.0,"turns":2.0},{"damage":23.0,"enemies":"Gremlin Gang","floor":11.0,"turns":2.0},{"damage":4.0,"enemies":"Large Slime","floor":12.0,"turns":3.0},{"damage":6.0,"enemies":"3 Sentries","floor":13.0,"turns":4.0},{"damage":20.0,"enemies":"Looter","floor":14.0,"turns":3.0},{"damage":19.0,"enemies":"The Guardian","floor":16.0,"turns":7.0},{"damage":0,"enemies":"Spheric Guardian","floor":18,"turns":2},{"damage":6,"enemies":"Chosen","floor":20,"turns":2},{"damage":17,"enemies":"Snake Plant","floor":21,"turns":4},{"damage":5,"enemies":"Masked Bandits","floor":22,"turns":2},{"damage":5,"enemies":"theDuelist:KaibaA2","floor":23,"turns":4},{"damage":34,"enemies":"Slavers","floor":27,"turns":5},{"damage":9,"enemies":"Snecko","floor":28,"turns":4},{"damage":1,"enemies":"Shelled Parasite and Fungi","floor":30,"turns":1}],"seed_played":"3299076942551393748","potions_obtained":[{"floor":1.0,"key":"BlessingOfTheForge"},{"floor":3.0,"key":"DistilledChaos"},{"floor":12.0,"key":"theDuelist:FireBottle"},{"floor":28,"key":"theDuelist:WaterBottle"}],"is_trial":false,"path_per_floor":["M","?","M","?","M","E","R","E","T","?","M","M","E","M","R","B",null,"M","$","M","M","?","E","R","T","T","E","M","?","M"],"character_chosen":"THE_DUELIST","items_purchased":["theDuelist:BrushfireKnight","theDuelist:ForbiddenLance","theDuelist:WeaponChange","StuffTheSpire:Gunfinga","Brimstone","theDuelist:DawnKnight","theDuelist:EarthGiant","theDuelist:MagnumShield","Eternal Feather","theDuelist:MagnumShield"],"campfire_rested":1,"item_purchase_floors":[0,0,0,0,0,0,0,0,19,19],"current_hp_per_floor":[63,63,63,68,68,68,68,68,68,68,45,41,35,15,36,18,58,58,60,54,37,33,29,44,44,44,10,1,1,0,0],"gold":285,"neow_bonus":"","is_daily":false,"chose_seed":false,"campfire_upgraded":2,"win_rate":0.0,"timestamp":1614014103,"path_taken":["M","?","M","?","?","E","R","E","T","?","M","?","E","M","R","BOSS","M","$","M","M","?","E","R","?","T","E","M","?","M"],"items_purchased_type":["Card","Card","Card","Relic","Relic","Card","Card","Card","Relic","Card"],"build_version":"2020-12-22","purchased_purges":2,"victory":false,"max_hp_per_floor":[70,70,70,70,70,70,70,70,70,70,70,70,70,70,70,71,71,71,73,73,73,74,75,75,75,75,75,75,75,75,75],"card_choices":[{"not_picked":["theDuelist:LegendarySword","theDuelist:CrossAttack","theDuelist:LegendHeart","theDuelist:EulerCircuit"],"picked":"theDuelist:CircleFireKings","floor":1.0},{"not_picked":["theDuelist:MeteorDestruction+1","theDuelist:LegendaryBlackBelt+1","theDuelist:ChaosSeed+1","theDuelist:LightningBlade+1"],"picked":"theDuelist:MagnumShield+1","floor":3.0},{"not_picked":["theDuelist:SpiritForce","theDuelist:BattleguardHowling","theDuelist:ReinforceTruth","theDuelist:BattleguardRage"],"picked":"theDuelist:ImperialOrder","floor":5.0},{"not_picked":["theDuelist:HerculeanPower","theDuelist:GladiatorReturn","theDuelist:ElfLight","theDuelist:LightningBlade"],"picked":"theDuelist:FightingSpirit","floor":6.0},{"not_picked":["theDuelist:SoldierLady","theDuelist:JudgeMan","theDuelist:CelticGuardian","theDuelist:GoyoChaser"],"picked":"theDuelist:GaiaFierce","floor":8.0},{"not_picked":["theDuelist:RainbowOverdragon","theDuelist:Cloning","theDuelist:GemArmadillo","theDuelist:Polymerization"],"picked":"theDuelist:FutureFusion","floor":11.0},{"not_picked":["theDuelist:ElectromagneticShield","theDuelist:Sogen","theDuelist:CubicKarma","theDuelist:WeaponChange"],"picked":"theDuelist:CommanderSwords","floor":12.0},{"not_picked":["theDuelist:MeteorDestruction","theDuelist:LegendaryBlackBelt","theDuelist:GoyoChaser","theDuelist:HardArmor","theDuelist:SuperheavyScales"],"picked":"SKIP","floor":13.0},{"not_picked":["theDuelist:FeedbackWarrior","theDuelist:BullBlader","theDuelist:Hayate","theDuelist:ChaosSeed"],"picked":"theDuelist:SuperheavyMagnet","floor":14.0},{"not_picked":["theDuelist:HiddenArmory","theDuelist:CrystalTree","theDuelist:LightningBlade","theDuelist:ComboMaster"],"picked":"theDuelist:ElfLight","floor":16.0},{"not_picked":["theDuelist:CircleFireKings","theDuelist:WeaponChange","theDuelist:ForbiddenLance","theDuelist:FightingSpirit","theDuelist:FutureFusion"],"picked":"SKIP","floor":18},{"not_picked":["theDuelist:Zombyra","theDuelist:DarkCrusader","theDuelist:MightyWarrior","theDuelist:SuperheavyMagnet+1","theDuelist:SuperheavySoulpiercer"],"picked":"SKIP","floor":20},{"not_picked":["theDuelist:GreyGreedOni","theDuelist:RainbowKuriboh","theDuelist:RedHeadedOni"],"picked":"theDuelist:YellowBelliedOni","floor":21},{"not_picked":["theDuelist:ElectromagneticShield","theDuelist:ImperialOrder","theDuelist:WeaponChange"],"picked":"theDuelist:Flint+1","floor":22},{"not_picked":["theDuelist:MeteorDestruction","theDuelist:CombinationAttack","theDuelist:AfterTheStorm","theDuelist:LegendHeart"],"picked":"theDuelist:DarkBurningAttack","floor":23},{"not_picked":["theDuelist:ColossalFighter","theDuelist:ArmorBreaker","theDuelist:AgainstTheWind","theDuelist:PurplePainOni"],"picked":"theDuelist:SuperheavySwordsman","floor":27},{"not_picked":["theDuelist:FeedbackWarrior","theDuelist:SuperheavyBlueBrawler","theDuelist:DokiDoki","theDuelist:SuperheavySoulbuster"],"picked":"theDuelist:WhiteNinja","floor":28}],"player_experience":629348,"relics_obtained":[{"floor":6.0,"key":"aspiration:SeaSaltIceCream"},{"floor":8.0,"key":"Tiny Chest"},{"floor":9.0,"key":"Gremlin Food"},{"floor":13.0,"key":"theDuelist:SpellMaxHPRelic"},{"floor":22,"key":"Red Mask"},{"floor":23,"key":"halation:PrussianBluePaint"},{"floor":25,"key":"StuffTheSpire:HeavyRock"},{"floor":26,"key":"theDuelist:DuelistOrichalcum"},{"floor":27,"key":"Boot"}],"event_choices":[{"damage_healed":0.0,"max_hp_gain":0.0,"max_hp_loss":0.0,"gold_gain":0.0,"event_name":"Egyptian Village","player_choice":"Delta Electro","duelist":true,"floor":2.0,"gold_loss":0.0,"damage_taken":0.0,"cards_obtained":["Delta Electromagnet Warrior"]},{"cards_removed":["theDuelist:FeedbackWarrior"],"damage_healed":5.0,"max_hp_gain":0.0,"max_hp_loss":0.0,"gold_gain":0.0,"event_name":"Bonfire Elementals","player_choice":"Offered Common","floor":4.0,"gold_loss":0.0,"damage_taken":0.0},{"cards_removed":["theDuelist:FeedbackWarrior"],"damage_healed":5.0,"max_hp_gain":0.0,"max_hp_loss":0.0,"gold_gain":0.0,"event_name":"Bonfire Elementals","player_choice":"Offered Special","floor":4.0,"gold_loss":0.0,"damage_taken":0.0},{"damage_healed":0.0,"max_hp_gain":0.0,"max_hp_loss":0.0,"gold_gain":0.0,"event_name":"Visit from Anubis","player_choice":"Scored: 2352","duelist":true,"floor":10.0,"gold_loss":0.0,"damage_taken":0.0},{"damage_healed":0,"gold_gain":0,"player_choice":"Fought Bandits","damage_taken":0,"max_hp_gain":0,"max_hp_loss":0,"event_name":"Masked Bandits","floor":22,"gold_loss":0},{"damage_healed":0,"gold_gain":0,"player_choice":"Took item - Received: Millennium Branch","duelist":true,"damage_taken":0,"max_hp_gain":0,"max_hp_loss":0,"event_name":"Millennium Items","floor":29,"gold_loss":0}],"is_beta":false,"boss_relics":[{"not_picked":["halation:CatFaceCupcake","Replay:Grab Bag"],"picked":"aspiration:SecretTechniqueScroll"}],"items_purged_floors":[0,0],"is_endless":false,"potions_floor_spawned":[1,3,12,13,18,20,22,23,28],"killed_by":"Shelled Parasite and Fungi","ascension_level":15}}