{"host":"89iuq2p5kwriuwfq","time":1614016528,"event":{"mods":["BaseMod","Curses Come First","Custom Start","Minty Spire (QoL Compilation)","Permanent Neow","StSLib"],"gold_per_floor":[112,37,48,48,48,48,80,80,133,159,170,198,198,208,208,283,283,293,293,311,24,43,72,84,124,162,174,212,139,251,273,285,374,386,417,475,487,6,20,50,50,81,155,155,168,168,198,214,214,214],"floor_reached":51,"language":"ENG","playtime":2926,"items_purged":["Writhe","Strike_P"],"score":1466,"play_id":"0db9cccb-bff5-4926-b8f6-57665069b829","local_time":"20210222175528","is_ascension_mode":true,"campfire_choices":[{"data":"Eruption","floor":6.0,"key":"SMITH"},{"data":"Fasting2","floor":8.0,"key":"SMITH"},{"floor":13.0,"key":"REST"},{"floor":15.0,"key":"REST"},{"floor":24.0,"key":"REST"},{"data":"1","floor":27,"key":"LIFT"},{"floor":32,"key":"REST"},{"data":"2","floor":41,"key":"LIFT"},{"data":"3","floor":44,"key":"LIFT"},{"floor":46,"key":"REST"},{"floor":49,"key":"REST"}],"circlet_count":0,"master_deck":["AscendersBane","Strike_P","Strike_P+1","Strike_P","Defend_P","Defend_P","Defend_P+1","Defend_P+1","Eruption+1","Vigilance","Judgement+1","Fasting2+1","Scrawl+1","Prostrate+1","EmptyFist+1","FlurryOfBlows","LessonLearned+1","Protect+1","Crescendo+1","FearNoEvil+1","FlyingSleeves","Prostrate","InnerPeace+1","DeusExMachina+1","CrushJoints+1","Protect+1","Adaptation","Meditate","Worship+1","Tantrum"],"relics":["PureWater","Happy Flower","Toy Ornithopter","Bronze Scales","Vajra","Sozu","Girya","MawBank","Letter Opener","Anchor","Smiling Mask","Kunai","Torii","Question Card","Busted Crown","Lizard Tail","Ginger","Lantern","MealTicket","Toxic Egg 2","Singing Bowl"],"acts_visited":["Exordium","TheCity","TheBeyond"],"potions_floor_usage":[],"damage_taken":[{"damage":0.0,"enemies":"2 Louse","floor":1.0,"turns":3.0},{"damage":0.0,"enemies":"Small Slimes","floor":3.0,"turns":1.0},{"damage":31.0,"enemies":"Lagavulin","floor":7.0,"turns":8.0},{"damage":26.0,"enemies":"Gremlin Nob","floor":10.0,"turns":3.0},{"damage":0.0,"enemies":"Cultist","floor":11.0,"turns":2.0},{"damage":3.0,"enemies":"3 Sentries","floor":12.0,"turns":5.0},{"damage":9.0,"enemies":"Exordium Wildlife","floor":14.0,"turns":2.0},{"damage":3.0,"enemies":"The Guardian","floor":16.0,"turns":6.0},{"damage":0.0,"enemies":"Shell Parasite","floor":18.0,"turns":1.0},{"damage":2.0,"enemies":"3 Byrds","floor":20.0,"turns":5.0},{"damage":35.0,"enemies":"Snecko","floor":22.0,"turns":7.0},{"damage":13.0,"enemies":"Slavers","floor":23.0,"turns":4.0},{"damage":8,"enemies":"Book of Stabbing","floor":25,"turns":4},{"damage":4,"enemies":"Gremlin Leader","floor":28,"turns":7},{"damage":8,"enemies":"Colosseum Slavers","floor":30,"turns":3},{"damage":4,"enemies":"Colosseum Nobs","floor":30,"turns":3},{"damage":0,"enemies":"Cultist and Chosen","floor":31,"turns":4},{"damage":14,"enemies":"Champ","floor":33,"turns":10},{"damage":0,"enemies":"3 Shapes","floor":35,"turns":3},{"damage":34,"enemies":"2 Orb Walkers","floor":36,"turns":5},{"damage":0,"enemies":"3 Darklings","floor":39,"turns":3},{"damage":1,"enemies":"Nemesis","floor":40,"turns":5},{"damage":0,"enemies":"Reptomancer","floor":42,"turns":3},{"damage":19,"enemies":"Writhing Mass","floor":45,"turns":6},{"damage":1,"enemies":"Nemesis","floor":47,"turns":5},{"damage":0,"enemies":"Maw","floor":48,"turns":4},{"damage":52,"enemies":"Awakened One","floor":50,"turns":8}],"seed_played":"-2726719035595772783","potions_obtained":[{"floor":7.0,"key":"PowerPotion"},{"floor":10.0,"key":"Energy Potion"},{"floor":14.0,"key":"Fire Potion"}],"is_trial":false,"path_per_floor":["M","$","M","?","?","R","E","R","T","E","M","E","R","M","R","B",null,"M","?","M","$","M","E","R","E","T","R","E","?","?","M","R","B",null,"M","?","?","$","M","E","R","E","T","R","M","R","E","M","R","B",null],"character_chosen":"WATCHER","items_purchased":["Girya","Adaptation","Ginger","Meditate"],"campfire_rested":6,"item_purchase_floors":[21,38,38,38],"current_hp_per_floor":[61,61,61,61,61,61,30,30,30,9,9,6,26,17,37,39,61,66,62,60,60,25,12,32,24,24,24,20,20,8,8,28,14,55,55,21,21,21,21,20,20,20,20,20,1,21,22,24,45,36],"gold":214,"neow_bonus":"THREE_RARE_CARDS","is_daily":false,"chose_seed":false,"campfire_upgraded":2,"win_rate":0.0,"timestamp":1614016528,"path_taken":["M","$","M","?","?","R","E","R","T","E","?","E","R","M","R","BOSS","M","?","M","?","M","E","R","E","T","R","E","?","?","M","R","BOSS","M","?","?","$","M","E","R","E","T","R","M","R","E","?","R","BOSS"],"items_purchased_type":["Relic","Card","Relic","Card"],"build_version":"2020-12-22","purchased_purges":2,"victory":true,"max_hp_per_floor":[68,68,68,68,68,68,68,68,68,68,68,68,68,68,68,68,68,68,68,68,68,68,68,68,68,68,68,68,68,68,68,68,68,68,68,68,68,68,68,68,68,68,68,68,68,68,70,72,72,72],"card_choices":[{"not_picked":["Omniscience","SpiritShield"],"picked":"Judgement","floor":0.0},{"not_picked":["Nirvana","EmptyBody"],"picked":"Fasting2","floor":1.0},{"not_picked":["EmptyFist","BowlingBash","ClearTheMind"],"picked":"SKIP","floor":3.0},{"not_picked":["BowlingBash","ThirdEye"],"picked":"Scrawl","floor":7.0},{"not_picked":["WindmillStrike","Crescendo"],"picked":"Prostrate","floor":10.0},{"not_picked":["WindmillStrike","PathToVictory"],"picked":"EmptyFist","floor":11.0},{"not_picked":["Crescendo","SashWhip","MasterReality"],"picked":"SKIP","floor":12.0},{"not_picked":["ThirdEye","Evaluate"],"picked":"FlurryOfBlows","floor":14.0},{"not_picked":["SpiritShield","ConjureBlade"],"picked":"LessonLearned","floor":16.0},{"not_picked":["EmptyBody","JustLucky"],"picked":"Protect+1","floor":18.0},{"not_picked":["Vengeance","ThirdEye","Evaluate+1"],"picked":"SKIP","floor":20.0},{"not_picked":["ClearTheMind","LikeWater"],"picked":"Crescendo","floor":22.0},{"not_picked":["EmptyMind","Wireheading","EmptyBody"],"picked":"SKIP","floor":23.0},{"not_picked":["MentalFortress","BowlingBash"],"picked":"FearNoEvil","floor":25},{"not_picked":["Consecrate","FollowUp+1"],"picked":"FlyingSleeves","floor":28},{"not_picked":["SignatureMove","Establishment"],"picked":"Prostrate","floor":30},{"not_picked":["CrushJoints","Perseverance","CutThroughFate+1"],"picked":"InnerPeace","floor":31},{"not_picked":["LessonLearned","Wish","Scrawl"],"picked":"DeusExMachina","floor":33},{"not_picked":["ReachHeaven","CrushJoints+1"],"picked":"SKIP","floor":35},{"not_picked":["ReachHeaven"],"picked":"CrushJoints+1","floor":35},{"not_picked":["Consecrate"],"picked":"Protect+1","floor":36},{"not_picked":["SashWhip+1","Collect+1"],"picked":"SKIP","floor":39},{"not_picked":["Evaluate","BowlingBash"],"picked":"SKIP","floor":40},{"not_picked":["FlyingSleeves"],"picked":"Worship+1","floor":42},{"not_picked":["EmptyFist"],"picked":"Tantrum","floor":45},{"not_picked":["MentalFortress","FollowUp"],"picked":"Singing Bowl","floor":47},{"not_picked":["Conclude+1","PathToVictory+1"],"picked":"Singing Bowl","floor":48}],"player_experience":772223,"relics_obtained":[{"floor":7.0,"key":"Happy Flower"},{"floor":9.0,"key":"Toy Ornithopter"},{"floor":10.0,"key":"Bronze Scales"},{"floor":12.0,"key":"Vajra"},{"floor":23.0,"key":"MawBank"},{"floor":25,"key":"Letter Opener"},{"floor":26,"key":"Anchor"},{"floor":28,"key":"Smiling Mask"},{"floor":30,"key":"Torii"},{"floor":30,"key":"Question Card"},{"floor":36,"key":"Lizard Tail"},{"floor":40,"key":"Lantern"},{"floor":42,"key":"MealTicket"},{"floor":43,"key":"Toxic Egg 2"},{"floor":47,"key":"Singing Bowl"}],"event_choices":[{"damage_healed":0.0,"max_hp_gain":0.0,"max_hp_loss":0.0,"gold_gain":0.0,"event_name":"Liars Game","player_choice":"Ignored","floor":4.0,"gold_loss":0.0,"damage_taken":0.0},{"damage_healed":0.0,"max_hp_gain":0.0,"max_hp_loss":0.0,"gold_gain":0.0,"event_name":"Upgrade Shrine","player_choice":"Upgraded","floor":5.0,"gold_loss":0.0,"damage_taken":0.0,"cards_upgraded":["Judgement"]},{"damage_healed":0.0,"max_hp_gain":0.0,"max_hp_loss":0.0,"gold_gain":0.0,"event_name":"The Woman in Blue","player_choice":"Bought 0 Potions","floor":19.0,"gold_loss":0.0,"damage_taken":0.0},{"damage_healed":0,"gold_gain":0,"player_choice":"Obtained Relic","damage_taken":0,"relics_obtained":["Kunai"],"max_hp_gain":0,"max_hp_loss":0,"event_name":"Addict","floor":29,"gold_loss":85},{"damage_healed":0,"gold_gain":0,"player_choice":"Fight","damage_taken":0,"max_hp_gain":0,"max_hp_loss":0,"event_name":"Colosseum","floor":30,"gold_loss":0},{"damage_healed":0,"gold_gain":0,"player_choice":"Fought Nobs","damage_taken":0,"max_hp_gain":0,"max_hp_loss":0,"event_name":"Colosseum","floor":30,"gold_loss":0},{"damage_healed":0,"gold_gain":0,"player_choice":"Fight","damage_taken":0,"max_hp_gain":0,"max_hp_loss":0,"event_name":"Mysterious Sphere","floor":36,"gold_loss":0},{"damage_healed":0,"gold_gain":0,"player_choice":"Upgraded","damage_taken":0,"max_hp_gain":0,"max_hp_loss":0,"event_name":"Upgrade Shrine","floor":37,"gold_loss":0,"cards_upgraded":["InnerPeace"]}],"is_beta":false,"boss_relics":[{"not_picked":["Calling Bell","Ectoplasm"],"picked":"Sozu"},{"not_picked":["SacredBark","Black Star"],"picked":"Busted Crown"}],"items_purged_floors":[2,38],"is_endless":false,"potions_floor_spawned":[7,10,14,18,23,28,30,31,33,35,40,47,48],"ascension_level":15}}