{"host":"4i5cwwpk4hy0hzn4","time":1614036232,"event":{"mods":["BaseMod","Bestiary","Block Reminder","Colored Powertips","Minty Spire (QoL Compilation)","Quick Restart","Slay-I"],"gold_per_floor":[110,125,125,141,141,141,154,183,483,495,495,514,533,558,558,659,659,676,261,273,273,198,198,227,227,303,303,303],"floor_reached":27,"language":"DEU","playtime":887,"items_purged":["Strike_G"],"score":406,"play_id":"e954f720-f298-4267-b9b3-9d8624573c75","local_time":"20210223002352","is_ascension_mode":true,"campfire_choices":[{"data":"Sucker Punch","floor":6,"key":"SMITH"},{"floor":11,"key":"REST"},{"floor":15,"key":"REST"},{"floor":23,"key":"REST"}],"circlet_count":0,"master_deck":["Defend_G","Defend_G","Defend_G","Defend_G","Survivor","Neutralize","Bouncing Flask","Sucker Punch+1","Neutralize","Bane","Noxious Fumes","Flechettes","Cloak And Dagger","Deadly Poison","Sucker Punch","Well Laid Plans","Malaise","Dodge and Roll+1","Sadistic Nature","Bite","Bite","Bite","Bite","Bite","Cloak And Dagger"],"relics":["Ring of the Snake","NeowsBlessing","Blue Candle","Old Coin","The Specimen","HoveringKite","Omamori","Ornamental Fan","Question Card"],"acts_visited":["Exordium","TheCity"],"potions_floor_usage":[7,13,13,14,16],"damage_taken":[{"damage":0,"enemies":"Small Slimes","floor":1,"turns":1},{"damage":0,"enemies":"Cultist","floor":2,"turns":1},{"damage":0,"enemies":"Jaw Worm","floor":4,"turns":1},{"damage":0,"enemies":"Blue Slaver","floor":7,"turns":3},{"damage":24,"enemies":"Gremlin Nob","floor":8,"turns":5},{"damage":9,"enemies":"2 Fungi Beasts","floor":10,"turns":3},{"damage":0,"enemies":"3 Louse","floor":12,"turns":3},{"damage":3,"enemies":"Lots of Slimes","floor":13,"turns":4},{"damage":9,"enemies":"3 Sentries","floor":14,"turns":9},{"damage":0,"enemies":"Hexaghost","floor":16,"turns":9},{"damage":24,"enemies":"Spheric Guardian","floor":18,"turns":4},{"damage":21,"enemies":"Shell Parasite","floor":20,"turns":6},{"damage":41,"enemies":"Book of Stabbing","floor":24,"turns":7},{"damage":10,"enemies":"Gremlin Leader","floor":27,"turns":3}],"seed_played":"6838743988653484189","potions_obtained":[{"floor":2,"key":"PowerPotion"},{"floor":4,"key":"Energy Potion"},{"floor":8,"key":"Dexterity Potion"},{"floor":12,"key":"CunningPotion"},{"floor":13,"key":"GhostInAJar"}],"is_trial":false,"path_per_floor":["M","M","?","M","?","R","M","E","T","M","R","M","M","E","R","B",null,"M","$","M","?","?","R","E","?","T","E"],"character_chosen":"THE_SILENT","items_purchased":["Omamori","Sadistic Nature"],"campfire_rested":3,"item_purchase_floors":[19,19],"current_hp_per_floor":[63,63,63,63,56,56,56,32,32,23,44,44,41,32,53,53,66,42,42,21,21,21,35,2,2,2,0,0],"gold":303,"neow_bonus":"THREE_ENEMY_KILL","is_daily":false,"chose_seed":false,"campfire_upgraded":1,"win_rate":0.0,"timestamp":1614036232,"path_taken":["M","M","?","?","?","R","M","E","T","M","R","M","?","E","R","BOSS","M","$","M","?","?","R","E","?","T","E"],"items_purchased_type":["Relic","Card"],"build_version":"2020-12-22","purchased_purges":1,"victory":false,"max_hp_per_floor":[70,70,70,70,70,70,70,70,70,70,70,70,70,70,70,70,70,70,70,70,49,49,49,49,49,49,49,49],"card_choices":[{"not_picked":["Dodge and Roll","Finisher"],"picked":"Bouncing Flask","floor":1},{"not_picked":["Dash","Deflect"],"picked":"Sucker Punch","floor":2},{"not_picked":["Catalyst","Dodge and Roll"],"picked":"Noxious Fumes","floor":4},{"not_picked":["Dagger Throw","Riddle With Holes","Deflect"],"picked":"SKIP","floor":7},{"not_picked":["Underhanded Strike","Riddle With Holes"],"picked":"Flechettes","floor":8},{"not_picked":["Prepared","Outmaneuver"],"picked":"Cloak And Dagger","floor":10},{"not_picked":["Acrobatics","PiercingWail"],"picked":"Deadly Poison","floor":12},{"not_picked":["Slice","Phantasmal Killer"],"picked":"Sucker Punch","floor":13},{"not_picked":["Skewer","Eviscerate"],"picked":"Well Laid Plans","floor":14},{"not_picked":["Die Die Die","Glass Knife"],"picked":"Malaise","floor":16},{"not_picked":["Terror","Blade Dance+1"],"picked":"Dodge and Roll+1","floor":18},{"not_picked":["Deadly Poison","Flying Knee+1","Dagger Spray"],"picked":"SKIP","floor":20},{"not_picked":["Dagger Spray","Expertise"],"picked":"Cloak And Dagger","floor":24}],"player_experience":698254,"relics_obtained":[{"floor":8,"key":"Blue Candle"},{"floor":9,"key":"Old Coin"},{"floor":14,"key":"The Specimen"},{"floor":24,"key":"Ornamental Fan"},{"floor":26,"key":"Question Card"}],"event_choices":[{"damage_healed":0,"gold_gain":0,"player_choice":"2 cards matched","damage_taken":0,"max_hp_gain":0,"max_hp_loss":0,"event_name":"Match and Keep!","floor":3,"gold_loss":0,"cards_obtained":["Neutralize","Bane"]},{"damage_healed":0,"gold_gain":0,"player_choice":"Damaged","damage_taken":7,"max_hp_gain":0,"max_hp_loss":0,"event_name":"Wheel of Change","floor":5,"gold_loss":0},{"damage_healed":0,"gold_gain":0,"player_choice":"Became a vampire","damage_taken":0,"max_hp_gain":0,"max_hp_loss":21,"event_name":"Vampires","floor":21,"gold_loss":0,"cards_obtained":["Bite","Bite","Bite","Bite","Bite"]},{"cards_removed":["Defend_G"],"damage_healed":0,"gold_gain":0,"player_choice":"Gave Gold","damage_taken":0,"max_hp_gain":0,"max_hp_loss":0,"event_name":"Beggar","floor":22,"gold_loss":75},{"damage_healed":0,"gold_gain":0,"player_choice":"Smashed Altar","damage_taken":0,"max_hp_gain":0,"max_hp_loss":0,"event_name":"Forgotten Altar","floor":25,"gold_loss":0,"cards_obtained":["Decay"]}],"is_beta":false,"boss_relics":[{"not_picked":["Busted Crown","Astrolabe"],"picked":"HoveringKite"}],"items_purged_floors":[19],"is_endless":false,"potions_floor_spawned":[2,4,8,12,13],"killed_by":"Gremlin Leader","ascension_level":6}}