{"host":"94qggqh0xz0sp6ai","time":1614027906,"event":{"mods":["100% Spire Juice","Abigail Mod","Act Like it!","BaseMod","CapriCore","Downfall","Friendly Minions","Gensokyo","Hermit","Jorbs\u0027s Wanderer Trilogy","Koishi","Marisa（霧雨　魔理沙）","Minty Spire (QoL Compilation)","Permanent Neow","Reimu（博??梦）","Reliquary","Ruina","StSLib","The Alterego","The Construct","The Cursed","The Hierophant","The Immortal","The Marked","The Mystic","The Senshi","The Servant 0.9.4","TheBandit","Waifu the Spire"],"gold_per_floor":[118,118,118,118,118,139,139,139,139],"floor_reached":8,"language":"ENG","playtime":177,"items_purged":[],"score":86,"play_id":"63b38a90-3b3a-476c-af7e-8fddc3ca94c3","local_time":"20210222150505","is_ascension_mode":true,"campfire_choices":[{"data":"FlawlessForm","floor":7,"key":"SMITH"}],"circlet_count":0,"master_deck":["AscendersBane","Strike_S+1","Strike_S","Strike_S","Strike_S","Defend_S","Defend_S","Defend_S","Defend_S","KidneyShot","Exchange","Writhe","FlawlessForm+1","Luminosity+1","Injury","ShatteredReality","Replace"],"relics":["Uniform","Golden Idol","Kunai"],"acts_visited":["Exordium"],"potions_floor_usage":[8],"damage_taken":[{"damage":0,"enemies":"2 Louse","floor":1,"turns":4},{"damage":2,"enemies":"Small Slimes","floor":6,"turns":4},{"damage":51,"enemies":"Gremlin Nob","floor":8,"turns":6}],"seed_played":"-968914814615260205","potions_obtained":[{"floor":1,"key":"bronze:BurnAndBuffPotion"}],"is_trial":false,"path_per_floor":["M","?","?","T","?","M","R","E"],"character_chosen":"THE_SERVANT","items_purchased":[],"campfire_rested":0,"item_purchase_floors":[],"current_hp_per_floor":[54,36,36,36,36,34,34,0,0],"gold":139,"neow_bonus":"THREE_RARE_CARDS","is_daily":false,"chose_seed":false,"campfire_upgraded":1,"win_rate":0.0,"timestamp":1614027905,"path_taken":["M","?","?","?","?","M","R","E"],"items_purchased_type":[],"build_version":"2020-12-22","purchased_purges":0,"victory":false,"max_hp_per_floor":[60,60,60,60,60,60,60,60,60],"card_choices":[{"not_picked":["Sunlight","SilverMatrix"],"picked":"FlawlessForm","floor":0},{"not_picked":["Unruled","Ricochet"],"picked":"Luminosity","floor":1},{"not_picked":["GearUp","Ricochet"],"picked":"Replace","floor":6}],"player_experience":1540768,"relics_obtained":[{"floor":4,"key":"Kunai"}],"event_choices":[{"damage_healed":0,"gold_gain":0,"player_choice":"Entered Light","damage_taken":18,"max_hp_gain":0,"max_hp_loss":0,"event_name":"Shining Light","floor":2,"gold_loss":0,"cards_upgraded":["Strike_S","Luminosity"]},{"damage_healed":0,"gold_gain":0,"player_choice":"Take Wound","damage_taken":0,"relics_obtained":["Golden Idol"],"max_hp_gain":0,"max_hp_loss":0,"event_name":"Golden Idol","floor":3,"gold_loss":0,"cards_obtained":["Injury"]},{"damage_healed":0,"gold_gain":0,"player_choice":"1 cards matched","damage_taken":0,"max_hp_gain":0,"max_hp_loss":0,"event_name":"Match and Keep!","floor":5,"gold_loss":0,"cards_obtained":["ShatteredReality"]}],"is_beta":false,"boss_relics":[],"items_purged_floors":[],"is_endless":false,"potions_floor_spawned":[1],"killed_by":"Gremlin Nob","ascension_level":19}}