{"host":"zefmhu9ryehjj4p1","time":1614018734,"event":{"mods":["100% Spire Juice","2.2 Compatiblity","Act Like it!","Aspiration","BaseMod","Beaked The Cultist","Better Note","CapriCore","Colored Powertips","Conspire","DeckTracker","Downfall","Ekko","Elementarium","Friendly Minions","Gensokyo","Hallownest","Hermit","Highlight Path","Hubris","Infinite Spire","Koishi","Luminous","Marisa????????","Minty Spire (QoL Compilation)","Random Character Button","Reimu??????","Reliquary","Replay The Spire","Ruina","Shade Mod","Shapeshifter Mod","StSLib","The Administrix","The Blue Laboratory","The Bug Knight","The Construct","The Cursed","The Gatherer","The Hierophant","The Immortal","The Judge","The Jungle","The Marked","The Mystic","The Runesmith","The Senshi","The Servant 0.9.4","The Vixen","The Wild Card","TheBandit","TheVacant","Wandering Minibosses"],"gold_per_floor":[114,114,114,389,407,434,136,168,195,221,233,233,233,245,245,245,245],"floor_reached":16,"language":"ENG","playtime":620,"items_purged":["Regret"],"score":143,"play_id":"be0af1cf-82e9-4b5e-ad8d-39296ec7f48d","local_time":"20210222193214","is_ascension_mode":false,"campfire_choices":[{"floor":13,"key":"REST"},{"floor":15,"key":"REST"}],"circlet_count":0,"master_deck":["theSenshi:SailorKick","theSenshi:SailorKick","theSenshi:SailorKick","theSenshi:SailorKick","theSenshi:SailorBlock","theSenshi:SailorBlock","theSenshi:SailorBlock","theSenshi:SailorBlock","theSenshi:RoseThrow","theSenshi:MoonPrismPowerMakeUp","theSenshi:TallSilhouette","Regret","theSenshi:SailorMercuryAssists","theSenshi:LunaWiseMentor","theSenshi:MoonTwilightFlash","theSenshi:MoonCrystalPowerMakeUp","theSenshi:SailorUranusAssists","theSenshi:MoonPrincessHalation+1","theSenshi:NeptunesGrace","theSenshi:SailorVenusAssists","theSenshi:TuxedoSmokingBomber"],"relics":["theSenshi:TransformationBroochRelic","NeowsBlessing","White Beast Statue","aspiration:EmptySkull","Replay:Baseball","theSenshi:RoseRelic"],"acts_visited":["Exordium"],"potions_floor_usage":[],"damage_taken":[{"damage":0,"enemies":"Small Slimes","floor":1,"turns":2},{"damage":4,"enemies":"Jaw Worm","floor":5,"turns":2},{"damage":0,"enemies":"Gremlin Nob","floor":6,"turns":1},{"damage":42,"enemies":"3 Sentries","floor":8,"turns":12},{"damage":24,"enemies":"Gremlin Nob","floor":10,"turns":4},{"damage":1,"enemies":"Cultist","floor":11,"turns":2},{"damage":20,"enemies":"Lots of Slimes","floor":14,"turns":5},{"damage":29,"enemies":"Slime Boss","floor":16,"turns":3}],"seed_played":"118909121814769507","potions_obtained":[{"floor":6,"key":"blueLaboratory:FruitPunch"},{"floor":10,"key":"Cursed Concoction"},{"floor":14,"key":"Elixir"}],"is_trial":false,"path_per_floor":["M","?","?","?","M","E","$","E","T","E","M","?","R","M","R","B"],"character_chosen":"THE_SENSHI","items_purchased":["theSenshi:MoonTwilightFlash","theSenshi:MoonCrystalPowerMakeUp","theSenshi:SailorUranusAssists"],"campfire_rested":2,"item_purchase_floors":[7,7,7],"current_hp_per_floor":[75,75,75,75,71,71,71,29,29,5,4,4,26,6,28,0,0],"gold":245,"neow_bonus":"THREE_ENEMY_KILL","is_daily":false,"chose_seed":false,"campfire_upgraded":0,"win_rate":0.0,"timestamp":1614018734,"path_taken":["M","?","?","?","?","E","?","E","T","E","M","?","R","M","R","BOSS"],"items_purchased_type":["Card","Card","Card"],"build_version":"2020-12-22","purchased_purges":1,"victory":false,"max_hp_per_floor":[75,75,75,75,75,75,75,75,75,75,75,75,75,75,75,75,75],"card_choices":[{"not_picked":["theSenshi:MoonPrincessHalation","theSenshi:MoonSpiralHeartAttack"],"picked":"theSenshi:TallSilhouette","floor":1},{"not_picked":["theSenshi:TallSilhouette","theSenshi:TuxedoMaskAssists"],"picked":"theSenshi:SailorMercuryAssists","floor":5},{"not_picked":["theSenshi:HesSoDreamy","theSenshi:SailorPlutoAssists"],"picked":"theSenshi:LunaWiseMentor","floor":6},{"not_picked":["theSenshi:SailorMarsAssists","theSenshi:YouCanTalk"],"picked":"theSenshi:MoonPrincessHalation","floor":8},{"not_picked":["theSenshi:RainbowMoonHeartAche","theSenshi:SchoolBag"],"picked":"theSenshi:NeptunesGrace","floor":10},{"not_picked":["theSenshi:SailorMercuryAssists","theSenshi:LateForSchool"],"picked":"theSenshi:SailorVenusAssists","floor":11},{"not_picked":["theSenshi:LunaSensingAllies","theSenshi:MoonKick"],"picked":"theSenshi:TuxedoSmokingBomber","floor":14}],"player_experience":199252,"relics_obtained":[{"floor":6,"key":"aspiration:EmptySkull"},{"floor":9,"key":"Replay:Baseball"},{"floor":10,"key":"theSenshi:RoseRelic"}],"event_choices":[{"damage_healed":0,"gold_gain":0,"player_choice":"Box","damage_taken":0,"relics_obtained":["White Beast Statue"],"max_hp_gain":0,"max_hp_loss":0,"event_name":"Big Fish","floor":3,"gold_loss":0,"cards_obtained":["Regret"]},{"damage_healed":0,"gold_gain":275,"player_choice":"Desecrate","damage_taken":0,"max_hp_gain":0,"max_hp_loss":0,"event_name":"Golden Shrine","floor":4,"gold_loss":0,"cards_obtained":["Regret"]},{"damage_healed":0,"gold_gain":0,"player_choice":"Upgraded","damage_taken":0,"max_hp_gain":0,"max_hp_loss":0,"event_name":"Upgrade Shrine","floor":12,"gold_loss":0,"cards_upgraded":["theSenshi:MoonPrincessHalation"]}],"is_beta":false,"boss_relics":[],"items_purged_floors":[7],"is_endless":false,"potions_floor_spawned":[1,5,6,8,10,11,14],"killed_by":"Slime Boss","ascension_level":0}}