{"host":"29uuqgkzqd703i93","time":1614029524,"event":{"mods":["BaseMod","Colored Powertips","Minty Spire (QoL Compilation)"],"gold_per_floor":[114,114,124,124,135,135,170,185,238,238,1,15,35,50,50,147,147,72,72,72,72,72,72,72,72,72,72,72,72,72,0,0,0,0,0,0,0,0,0,0,0,0,0,0,0,0,0,0,0,0,0],"floor_reached":50,"language":"ENG","playtime":2608,"items_purged":[],"score":548,"play_id":"1359f842-4879-446d-bf37-6fc5f8457e98","local_time":"20210222223204","is_ascension_mode":false,"campfire_choices":[{"data":"Neutralize","floor":6,"key":"SMITH"},{"data":"Blade Dance","floor":10,"key":"SMITH"},{"data":"Apotheosis","floor":15,"key":"SMITH"},{"floor":24,"key":"REST"},{"floor":30,"key":"REST"},{"data":"Infinite Blades","floor":32,"key":"SMITH"},{"floor":40,"key":"REST"},{"floor":45,"key":"REST"},{"data":"After Image","floor":49,"key":"SMITH"}],"circlet_count":0,"master_deck":["Strike_G","Strike_G","Strike_G","Strike_G","Defend_G","Defend_G","Defend_G","Defend_G","Defend_G","Survivor","Neutralize+1","Dash","Cloak And Dagger","Blade Dance+1","Infinite Blades+1","Apotheosis+1","Accuracy","Backstab","Outmaneuver","Cloak And Dagger","A Thousand Cuts","Heel Hook","Accuracy","Deflect+1","Blade Dance","Dodge and Roll","Leg Sweep+1","Caltrops","Footwork","After Image+1","Crippling Poison","Outmaneuver","Deflect+1","Blade Dance+1","Prepared+1","Escape Plan","Sucker Punch+1","Doubt"],"relics":["Ring of the Snake","MealTicket","Shuriken","Happy Flower","Strawberry","Ectoplasm","Potion Belt","Molten Egg 2","Sozu","Shovel","FossilizedHelix"],"acts_visited":["Exordium","TheCity","TheBeyond"],"potions_floor_usage":[23,23,33,42,42,42,42],"damage_taken":[{"damage":0,"enemies":"Jaw Worm","floor":1,"turns":3},{"damage":0,"enemies":"2 Louse","floor":3,"turns":2},{"damage":0,"enemies":"Small Slimes","floor":5,"turns":3},{"damage":8,"enemies":"Gremlin Nob","floor":7,"turns":5},{"damage":0,"enemies":"Looter","floor":8,"turns":3},{"damage":13,"enemies":"Lots of Slimes","floor":12,"turns":4},{"damage":3,"enemies":"Gremlin Gang","floor":13,"turns":4},{"damage":1,"enemies":"3 Louse","floor":14,"turns":3},{"damage":17,"enemies":"Hexaghost","floor":16,"turns":7},{"damage":16,"enemies":"2 Thieves","floor":18,"turns":4},{"damage":0,"enemies":"Chosen","floor":20,"turns":4},{"damage":6,"enemies":"Snecko","floor":21,"turns":4},{"damage":15,"enemies":"Snake Plant","floor":22,"turns":4},{"damage":9,"enemies":"Book of Stabbing","floor":23,"turns":4},{"damage":4,"enemies":"Shelled Parasite and Fungi","floor":25,"turns":3},{"damage":10,"enemies":"Sentry and Sphere","floor":28,"turns":3},{"damage":18,"enemies":"Snake Plant","floor":29,"turns":4},{"damage":13,"enemies":"Champ","floor":33,"turns":7},{"damage":3,"enemies":"3 Shapes","floor":35,"turns":3},{"damage":8,"enemies":"3 Darklings","floor":36,"turns":5},{"damage":19,"enemies":"Jaw Worm Horde","floor":37,"turns":3},{"damage":50,"enemies":"4 Shapes","floor":39,"turns":5},{"damage":0,"enemies":"Maw","floor":41,"turns":6},{"damage":0,"enemies":"Reptomancer","floor":42,"turns":6},{"damage":42,"enemies":"2 Orb Walkers","floor":46,"turns":5},{"damage":87,"enemies":"Time Eater","floor":50,"turns":12}],"seed_played":"2666401802137334570","potions_obtained":[{"floor":1,"key":"EssenceOfSteel"},{"floor":12,"key":"Strength Potion"},{"floor":14,"key":"LiquidBronze"},{"floor":23,"key":"Fruit Juice"},{"floor":25,"key":"EssenceOfSteel"},{"floor":28,"key":"FearPotion"}],"is_trial":false,"path_per_floor":["M","?","M","?","M","R","E","M","T","R","$","M","M","M","R","B",null,"M","?","M","M","M","E","R","M","T","?","M","M","R","$","R","B",null,"M","M","M","$","M","R","M","E","T","$","R","?","?","$","R","B"],"character_chosen":"THE_SILENT","items_purchased":["Apotheosis","Accuracy","DistilledChaos"],"campfire_rested":4,"item_purchase_floors":[11,11,31],"current_hp_per_floor":[70,70,70,63,63,63,55,55,62,62,77,64,61,60,60,43,77,61,61,61,55,40,31,54,50,50,50,40,22,45,60,60,47,77,74,66,47,62,12,35,35,40,40,55,79,37,82,82,82,0,0],"gold":0,"neow_bonus":"RANDOM_COMMON_RELIC","is_daily":false,"chose_seed":false,"campfire_upgraded":5,"win_rate":0.0,"timestamp":1614029524,"path_taken":["M","?","M","?","M","R","E","M","T","R","$","M","M","M","R","BOSS","M","?","M","M","M","E","R","?","T","?","M","M","R","$","R","BOSS","M","?","M","$","M","R","?","E","T","$","R","?","?","$","R","BOSS"],"items_purchased_type":["Card","Card","Potion"],"build_version":"2020-12-22","purchased_purges":0,"victory":false,"max_hp_per_floor":[70,70,70,70,70,70,70,70,77,77,77,77,77,77,77,77,77,77,77,77,77,77,77,77,77,77,77,77,77,77,77,77,77,77,77,77,77,77,77,77,77,82,82,82,82,82,82,82,82,82,82],"card_choices":[{"not_picked":["Eviscerate","Poisoned Stab"],"picked":"Dash","floor":1},{"not_picked":["Terror","Dagger Spray"],"picked":"Cloak And Dagger","floor":3},{"not_picked":["Poisoned Stab","Skewer","Reflex"],"picked":"SKIP","floor":5},{"not_picked":["PiercingWail","Escape Plan"],"picked":"Blade Dance","floor":7},{"not_picked":["Dagger Throw","Bane"],"picked":"Infinite Blades","floor":8},{"not_picked":["Quick Slash","Glass Knife"],"picked":"Backstab","floor":12},{"not_picked":["Endless Agony","Underhanded Strike"],"picked":"Outmaneuver","floor":13},{"not_picked":["All Out Attack","Poisoned Stab"],"picked":"Cloak And Dagger","floor":14},{"not_picked":["Wraith Form v2","Phantasmal Killer"],"picked":"A Thousand Cuts","floor":16},{"not_picked":["Slice","Bane"],"picked":"Heel Hook","floor":18},{"not_picked":["Masterful Stab","Catalyst"],"picked":"Deflect+1","floor":20},{"not_picked":["Bouncing Flask+1","Calculated Gamble+1"],"picked":"Blade Dance","floor":21},{"not_picked":["Eviscerate","Bane+1","Underhanded Strike"],"picked":"SKIP","floor":22},{"not_picked":["Prepared","Dagger Spray"],"picked":"Dodge and Roll","floor":23},{"not_picked":["Dash+1","All Out Attack+1"],"picked":"Leg Sweep+1","floor":25},{"not_picked":["Outmaneuver","Flechettes+1"],"picked":"Caltrops","floor":28},{"not_picked":["Leg Sweep+1","Deadly Poison"],"picked":"Footwork","floor":29},{"not_picked":["Burst","Wraith Form v2"],"picked":"After Image","floor":33},{"not_picked":["Flying Knee+1","Poisoned Stab+1"],"picked":"Crippling Poison","floor":35},{"not_picked":["Quick Slash+1","Riddle With Holes+1"],"picked":"Outmaneuver","floor":36},{"not_picked":["Concentrate","Eviscerate+1"],"picked":"Deflect+1","floor":37},{"not_picked":["Bane+1","Sucker Punch+1"],"picked":"Blade Dance+1","floor":39},{"not_picked":["Masterful Stab+1","Bane+1"],"picked":"Prepared+1","floor":41},{"not_picked":["Glass Knife+1","Finisher+1"],"picked":"Escape Plan","floor":42},{"not_picked":["Deadly Poison+1","Underhanded Strike+1"],"picked":"Sucker Punch+1","floor":46}],"player_experience":139201,"relics_obtained":[{"floor":7,"key":"Happy Flower"},{"floor":9,"key":"Strawberry"},{"floor":23,"key":"Potion Belt"},{"floor":26,"key":"Molten Egg 2"},{"floor":43,"key":"Shovel"},{"floor":46,"key":"FossilizedHelix"}],"event_choices":[{"damage_healed":0,"gold_gain":0,"player_choice":"Ignored","damage_taken":0,"max_hp_gain":0,"max_hp_loss":0,"event_name":"Shining Light","floor":2,"gold_loss":0},{"damage_healed":0,"gold_gain":0,"player_choice":"Success","damage_taken":7,"relics_obtained":["Shuriken"],"max_hp_gain":0,"max_hp_loss":0,"event_name":"Scrap Ooze","floor":4,"gold_loss":0},{"damage_healed":0,"gold_gain":0,"cards_transformed":["Strike_G"],"player_choice":"Transformed","damage_taken":0,"max_hp_gain":0,"max_hp_loss":0,"event_name":"Transmorgrifier","floor":19,"gold_loss":0,"cards_obtained":["Accuracy"]},{"damage_healed":0,"gold_gain":0,"player_choice":"Ignored","damage_taken":0,"max_hp_gain":0,"max_hp_loss":0,"event_name":"NoteForYourself","floor":27,"gold_loss":0},{"damage_healed":0,"gold_gain":0,"player_choice":"Fight","damage_taken":0,"max_hp_gain":0,"max_hp_loss":0,"event_name":"Mysterious Sphere","floor":46,"gold_loss":0},{"damage_healed":45,"gold_gain":0,"player_choice":"Heal","damage_taken":0,"max_hp_gain":0,"max_hp_loss":0,"event_name":"MindBloom","floor":47,"gold_loss":0,"cards_obtained":["Doubt"]}],"is_beta":false,"boss_relics":[{"not_picked":["HoveringKite","Empty Cage"],"picked":"Ectoplasm"},{"not_picked":["Busted Crown","Black Star"],"picked":"Sozu"}],"items_purged_floors":[],"is_endless":false,"potions_floor_spawned":[1,8,12,14,20,23,25,28,39,41,42],"killed_by":"Time Eater","ascension_level":0}}