{"host":"ln2g4yzjgztvghi1","time":1614032439,"event":{"mods":["Abigail Mod","Act Like it!","Aspiration","BaseMod","Beaked The Cultist","Better Altar","Better Note","Better Silent Start","Better Skull","Better Third Choice","Better Vampires","Block Reminder","Chen","Colored Map","Colored Powertips","Conspire","DeckTracker","Disable Question Mark Monsters","Downfall","Gensokyo","GifTheSpireLib","GungeonMod","Halation","Hermit","Hubris","Koishi","Marisa????????","Minty Spire (QoL Compilation)","Permanent Neow","Rare Cards Sparkle","Remilia??????","Replay The Spire","Shop Mod","StSLib","Stuff the Spire","Swap Starting Deck Mod","The Cursed","The Disciple","The Forsaken","The Judge","The Necromancer","The Servant 0.9.4"],"gold_per_floor":[116,129,139,152,184,184,195,211,211,227,227,246,265,58,58,153,153,168,185,200,110,110,110,110,385,385,396,396,396,413,443,443,443,443],"floor_reached":33,"language":"ENG","playtime":1586,"items_purged":[],"score":413,"play_id":"d55b39d5-1e5b-4483-8c5b-ca7336d3829c","local_time":"20210222232039","daily_mods":["Vintage"],"is_ascension_mode":false,"campfire_choices":[{"floor":6,"key":"REST"},{"data":"Pot Of Greed","floor":11,"key":"SMITH"},{"data":"Flex","floor":15,"key":"SMITH"},{"data":"conspire:Banana","floor":23,"key":"SMITH"},{"floor":29,"key":"REST"},{"floor":32,"key":"REST"}],"circlet_count":0,"master_deck":["Strike_R","Strike_R","Strike_R","Strike_R","Strike_R","Defend_R","Defend_R","Defend_R","Defend_R","Bash","Flex+1","Pot Of Greed+1","conspire:Banana+1","Regret","Heavy Blade"],"relics":["Burning Blood","ReplayTheSpireMod:Spearhead","Onion Ring","Lantern","Paper Frog","ReplayTheSpireMod:Ninjato","Strawberry","Grinning Jar","Chameleon Ring","DemoMod:Relodestone","InkBottle","theForsaken:Gavel","BargainBundle","StuffTheSpire:RubySignet","ReplayTheSpireMod:TigerMarble","halation:SelfBoilingWater","hubris:FruitBowl","Tiny Chest","Vajra","StuffTheSpire:CocoNut","Shuriken","MealTicket"],"acts_visited":["Exordium","TheCity"],"potions_floor_usage":[5,16,19,27],"damage_taken":[{"damage":9,"enemies":"2 Louse","floor":1,"turns":3},{"damage":0,"enemies":"Small Slimes","floor":2,"turns":3},{"damage":5,"enemies":"Jaw Worm","floor":3,"turns":2},{"damage":13,"enemies":"Gremlin Gang","floor":4,"turns":7},{"damage":20,"enemies":"conspire:MimicChest","floor":5,"turns":3},{"damage":0,"enemies":"2 Fungi Beasts","floor":7,"turns":2},{"damage":0,"enemies":"3 Louse","floor":8,"turns":3},{"damage":0,"enemies":"Blue Slaver","floor":10,"turns":3},{"damage":1,"enemies":"conspire:2 RoseBushes","floor":12,"turns":5},{"damage":0,"enemies":"Exordium Wildlife","floor":13,"turns":4},{"damage":37,"enemies":"Fading Forest","floor":16,"turns":11},{"damage":30,"enemies":"Shell Parasite","floor":18,"turns":5},{"damage":6,"enemies":"conspire:FuzzyDice","floor":19,"turns":5},{"damage":26,"enemies":"Snake Plant","floor":20,"turns":5},{"damage":21,"enemies":"conspire:HollyBat","floor":27,"turns":6},{"damage":13,"enemies":"Snecko","floor":30,"turns":3},{"damage":58,"enemies":"Gremlin Leader","floor":31,"turns":4},{"damage":57,"enemies":"Collector","floor":33,"turns":3}],"seed_played":"-7799285193243927282","potions_obtained":[{"floor":2,"key":"FearPotion"},{"floor":3,"key":"Fire Potion"},{"floor":4,"key":"SteroidPotion"},{"floor":10,"key":"Venom Potion"},{"floor":12,"key":"BloodPotion"},{"floor":20,"key":"Strength Potion"},{"floor":30,"key":"Adrenaline Potion"}],"is_trial":true,"path_per_floor":["M","M","M","M","?","R","M","M","T","M","R","M","M","$","R","B",null,"M","M","M","$","?","R","$","?","T","M","T","R","M","E","R","B"],"character_chosen":"IRONCLAD","items_purchased":["BargainBundle","conspire:Banana","hubris:FruitBowl","Tiny Chest"],"campfire_rested":3,"item_purchase_floors":[14,21,24,24],"current_hp_per_floor":[77,80,80,73,59,80,87,87,87,87,87,87,87,87,87,56,87,63,87,67,67,72,72,43,43,43,31,41,71,67,18,49,0,0],"gold":443,"neow_bonus":"","is_daily":false,"chose_seed":false,"campfire_upgraded":3,"win_rate":0.0,"timestamp":1614032439,"path_taken":["M","M","M","M","?","R","M","M","T","M","R","M","M","$","R","BOSS","M","M","M","$","?","R","?","?","T","M","?","R","?","E","R","BOSS"],"items_purchased_type":["Relic","Card","Relic","Relic"],"build_version":"2020-12-22","purchased_purges":0,"victory":false,"max_hp_per_floor":[80,80,80,80,80,80,87,87,87,87,87,87,87,87,87,87,87,87,87,87,87,87,87,87,87,87,90,100,100,103,106,106,112,112],"card_choices":[{"not_picked":["StuffTheSpire:RagingBull","ReplayTheSpireMod:Strike From Hell"],"picked":"Flex","floor":5},{"not_picked":["Armaments","Feel No Pain+1"],"picked":"Heavy Blade","floor":31}],"player_experience":305188,"relics_obtained":[{"floor":1,"key":"ReplayTheSpireMod:Spearhead"},{"floor":2,"key":"Onion Ring"},{"floor":3,"key":"Lantern"},{"floor":4,"key":"Paper Frog"},{"floor":5,"key":"ReplayTheSpireMod:Ninjato"},{"floor":7,"key":"Strawberry"},{"floor":8,"key":"Grinning Jar"},{"floor":9,"key":"Chameleon Ring"},{"floor":10,"key":"DemoMod:Relodestone"},{"floor":12,"key":"InkBottle"},{"floor":13,"key":"theForsaken:Gavel"},{"floor":18,"key":"StuffTheSpire:RubySignet"},{"floor":19,"key":"ReplayTheSpireMod:TigerMarble"},{"floor":20,"key":"halation:SelfBoilingWater"},{"floor":27,"key":"Vajra"},{"floor":28,"key":"StuffTheSpire:CocoNut"},{"floor":30,"key":"Shuriken"},{"floor":31,"key":"MealTicket"}],"event_choices":[{"cards_removed":["Pot Of Greed"],"damage_healed":5,"gold_gain":0,"player_choice":"Offered Special","damage_taken":0,"max_hp_gain":0,"max_hp_loss":0,"event_name":"Bonfire Elementals","floor":22,"gold_loss":0},{"damage_healed":0,"gold_gain":275,"player_choice":"Desecrate","damage_taken":0,"max_hp_gain":0,"max_hp_loss":0,"event_name":"Golden Shrine","floor":25,"gold_loss":0,"cards_obtained":["Regret"]}],"is_beta":false,"boss_relics":[{"not_picked":["Kintsugi","conspire:RunicOctahedron","Astrolabe"]}],"items_purged_floors":[],"is_endless":true,"potions_floor_spawned":[2,3,4,10,12,20,30],"killed_by":"Collector","ascension_level":0}}