{"host":"c6m2gd7h1328eiwi","time":1614007417,"event":{"mods":["Act Like it!","Aspiration","BaseMod","Better Skull","BetterRewards","Challenge The Spire","Colored Map","Conspire","Downfall","Elementarium","Energized Spire","GifTheSpireLib","Halation","Hubris","Mimic Mod","Minty Spire (QoL Compilation)","Quick Restart","Reliquary","Replay The Spire","Ruina","Spikes Relics","Spires And Sneckos","StSLib","The Jungle","Wandering Minibosses"],"gold_per_floor":[116,116,116,131,131,131,163,175,214,214,66,85,101,113,113,213,213,225,225,225,236,236,236,261,272,298,298,298],"floor_reached":27,"language":"ENG","playtime":1325,"items_purged":[],"score":258,"play_id":"0aea1364-cfdb-419b-bfb0-7992a6b40b11","local_time":"20210222082337","is_ascension_mode":false,"campfire_choices":[{"data":"Twin Strike","floor":6,"key":"SMITH"},{"data":"ReplayTheSpireMod:Strike From Hell","floor":10,"key":"SMITH"},{"data":"Sword Boomerang","floor":15,"key":"SMITH"}],"circlet_count":0,"master_deck":["Strike_R","Strike_R","Strike_R","Strike_R","Strike_R","Defend_R","Defend_R","Defend_R","Defend_R","Bash","Twin Strike+1","Dropkick","ReplayTheSpireMod:Strike From Hell+1","Sword Boomerang+1","Clash","Twin Strike","Cleave","Clash","Pommel Strike","Sword Boomerang+1"],"relics":["Black Blood","hubris:Reverence","Potion Belt","SpikesRelics:DaevaFist","Nloth\u0027s Gift","Replay:Wax Seal","MiniBlackHole"],"acts_visited":["Exordium","TheCity"],"potions_floor_usage":[16,16,16],"damage_taken":[{"damage":0,"enemies":"2 Louse","floor":1,"turns":1},{"damage":0,"enemies":"Cultist","floor":4,"turns":1},{"damage":0,"enemies":"Gremlin Nob","floor":7,"turns":1},{"damage":11,"enemies":"Jaw Worm","floor":8,"turns":2},{"damage":4,"enemies":"Blue Slaver","floor":9,"turns":6},{"damage":7,"enemies":"Blue Slaver","floor":12,"turns":2},{"damage":6,"enemies":"Lots of Slimes","floor":13,"turns":3},{"damage":0,"enemies":"Large Slime","floor":14,"turns":3},{"damage":26,"enemies":"The Guardian","floor":16,"turns":5},{"damage":14,"enemies":"Shell Parasite","floor":18,"turns":4},{"damage":0,"enemies":"Chosen","floor":21,"turns":4},{"damage":31,"enemies":"Gremlin Leader","floor":24,"turns":6},{"damage":42,"enemies":"Centurion and Healer","floor":25,"turns":5},{"damage":31,"enemies":"Snake Plant","floor":27,"turns":3}],"seed_played":"-7367053334320185448","potions_obtained":[{"floor":12,"key":"BlessingOfTheForge"},{"floor":13,"key":"SteroidPotion"},{"floor":14,"key":"PowerPotion"},{"floor":25,"key":"SteroidPotion"}],"is_trial":false,"path_per_floor":["M","?","?","M","?","R","E","M","MIM","R","$","M","M","M","R","B",null,"M","?","$","M","?","?","E","M","T","M"],"character_chosen":"IRONCLAD","items_purchased":["SpikesRelics:DaevaFist"],"campfire_rested":0,"item_purchase_floors":[11],"current_hp_per_floor":[80,62,67,73,73,73,79,74,76,76,76,75,75,80,80,60,80,78,78,78,80,80,80,61,31,31,0,0],"gold":298,"neow_bonus":"THREE_ENEMY_KILL","is_daily":false,"chose_seed":false,"campfire_upgraded":3,"win_rate":0.0,"timestamp":1614007417,"path_taken":["M","?","?","?","?","R","E","M","MIM","R","$","M","?","M","R","BOSS","M","?","$","?","?","?","E","M","T","?"],"items_purchased_type":["Relic"],"build_version":"2020-12-22","purchased_purges":0,"victory":false,"max_hp_per_floor":[80,80,80,80,80,80,80,80,80,80,80,80,80,80,80,80,80,80,80,80,80,80,80,80,80,80,80,80],"card_choices":[{"not_picked":["ReplayTheSpireMod:Strike From Hell","Thunderclap"],"picked":"Sword Boomerang","floor":1},{"not_picked":["True Grit","Second Wind"],"picked":"Twin Strike","floor":4},{"not_picked":["hubris:ReadiedAction","Bloodletting"],"picked":"Dropkick","floor":7},{"not_picked":["Searing Blow","BarbarianYell"],"picked":"ReplayTheSpireMod:Strike From Hell","floor":8},{"not_picked":["Heavy Blade","Feed"],"picked":"Sword Boomerang","floor":9},{"not_picked":["Thunderclap","Cleave"],"picked":"Clash","floor":12},{"not_picked":["Burning Pact","Whirlwind"],"picked":"Twin Strike","floor":13},{"not_picked":["Pummel","Intimidate"],"picked":"Cleave","floor":14},{"not_picked":["Warcry+1","ReplayTheSpireMod:Strike From Hell"],"picked":"Clash","floor":18},{"not_picked":["Shrug It Off","Body Slam"],"picked":"Pommel Strike","floor":21},{"not_picked":["Blood for Blood","Feel No Pain"],"picked":"Sword Boomerang+1","floor":24},{"not_picked":["Abandon","Replay:Many Hands","Offering"],"picked":"SKIP","floor":25}],"player_experience":14622,"relics_obtained":[{"floor":7,"key":"Potion Belt"},{"floor":24,"key":"Replay:Wax Seal"},{"floor":26,"key":"MiniBlackHole"}],"event_choices":[{"damage_healed":0,"gold_gain":0,"player_choice":"Success","damage_taken":18,"relics_obtained":["hubris:Reverence"],"max_hp_gain":0,"max_hp_loss":0,"event_name":"Scrap Ooze","floor":2,"gold_loss":0},{"cards_removed":["Sword Boomerang"],"damage_healed":5,"gold_gain":0,"player_choice":"Offered Common","damage_taken":0,"max_hp_gain":0,"max_hp_loss":0,"event_name":"Bonfire Elementals","floor":3,"gold_loss":0},{"cards_removed":["Sword Boomerang"],"damage_healed":5,"gold_gain":0,"player_choice":"Offered Special","damage_taken":0,"max_hp_gain":0,"max_hp_loss":0,"event_name":"Bonfire Elementals","floor":3,"gold_loss":0},{"damage_healed":0,"gold_gain":0,"player_choice":"Traded Relic","damage_taken":0,"relics_obtained":["Nloth\u0027s Gift"],"max_hp_gain":0,"max_hp_loss":0,"event_name":"N\u0027loth","floor":19,"relics_lost":["NeowsBlessing"],"gold_loss":0},{"damage_healed":0,"gold_gain":0,"player_choice":"Ignored","damage_taken":0,"max_hp_gain":0,"max_hp_loss":0,"event_name":"Beggar","floor":22,"gold_loss":0},{"damage_healed":0,"gold_gain":0,"player_choice":"Ignored","damage_taken":0,"max_hp_gain":0,"max_hp_loss":0,"event_name":"Vampires","floor":23,"gold_loss":0}],"is_beta":false,"boss_relics":[{"not_picked":["energizedSpire:RedRose","Velvet Choker"],"picked":"Black Blood"}],"items_purged_floors":[],"is_endless":false,"potions_floor_spawned":[12,13,14,25],"killed_by":"Snake Plant","ascension_level":0}}