{"host":"luxqpzmfgmumo25y","time":1614010583,"event":{"mods":["BaseMod","Colored Map","Colored Powertips","DeckTracker","Downfall","Googly Eyes","Minty Spire (QoL Compilation)","StSLib"],"gold_per_floor":[99,99,99,99,99,133,160,170,188,288,202,352,352,57,82,187,187,187,206,314,342,363,363,363,179,179,204,204,204,204,204,224,224,224,224],"floor_reached":33,"language":"ENG","playtime":1916,"items_purged":["downfall:Icky","hexamod:Strike"],"score":291,"play_id":"36499a03-f72a-485a-9a0e-87128a26bccf","local_time":"20210222171623","is_ascension_mode":false,"campfire_choices":[{"data":"hexamod:Sear","floor":1,"key":"SMITH"},{"data":"hexamod:Float","floor":13,"key":"SMITH"},{"data":"hexamod:HexaLevel","floor":18,"key":"SMITH"},{"floor":23,"key":"REST"},{"data":"hexamod:SoulSteal","floor":26,"key":"SMITH"},{"data":"hexamod:GhostflameInferno","floor":28,"key":"SMITH"},{"data":"hexamod:SearingWound","floor":30,"key":"SMITH"}],"circlet_count":0,"master_deck":["hexamod:Strike+1","hexamod:Strike+1","hexamod:Strike+1","hexamod:Defend+1","hexamod:Defend+1","hexamod:Defend+1","hexamod:Defend+1","hexamod:Sear+1","hexamod:Float+1","hexamod:HauntingEcho","hexamod:BurningTouch","hexamod:FirstSeal","hexamod:ThermalTransfer+1","hexamod:SecondSeal","hexamod:ThermalTransfer","hexamod:EmpoweredFlame","hexamod:GhostflameInferno+1","hexamod:SearingWound+1","hexamod:HexaLevel+1","hexamod:SoulSteal+1","hexamod:BurningTouch+1","hexamod:InspiringFlames","hexamod:Incineration","Writhe"],"relics":["hexamod:SpiritBrand","downfall:HeartsMalice","Bronze Scales","Eternal Feather","Whetstone","Sozu","Girya","Ornamental Fan","StoneCalendar","Pear"],"acts_visited":["Exordium","TheCity"],"potions_floor_usage":[11,16,16,33],"damage_taken":[{"damage":0,"enemies":"Cultist","floor":2,"turns":1},{"damage":0,"enemies":"2 Louse","floor":3,"turns":1},{"damage":0,"enemies":"Jaw Worm","floor":4,"turns":1},{"damage":20,"enemies":"3 Sentries","floor":6,"turns":6},{"damage":16,"enemies":"3 Louse","floor":8,"turns":2},{"damage":5,"enemies":"Exordium Thugs","floor":9,"turns":3},{"damage":0,"enemies":"downfall:FleeingMerchant","floor":11,"turns":4},{"damage":0,"enemies":"downfall:FleeingMerchant","floor":14,"turns":4},{"damage":0,"enemies":"Large Slime","floor":15,"turns":5},{"damage":0,"enemies":"SI_SHIV_ARCHETYPE","floor":16,"turns":4},{"damage":5,"enemies":"Chosen","floor":19,"turns":3},{"damage":48,"enemies":"Colosseum Nobs","floor":20,"turns":4},{"damage":15,"enemies":"Shell Parasite","floor":21,"turns":4},{"damage":10,"enemies":"Snake Plant","floor":22,"turns":3},{"damage":3,"enemies":"downfall:FleeingMerchant","floor":25,"turns":4},{"damage":22,"enemies":"Centurion and Healer","floor":27,"turns":5},{"damage":17,"enemies":"Cultist and Chosen","floor":32,"turns":5},{"damage":73,"enemies":"DF_ARCHETYPE_CLAW","floor":33,"turns":6}],"seed_played":"3943592483213126665","potions_obtained":[{"floor":6,"key":"BlessingOfTheForge"},{"floor":8,"key":"Regen Potion"},{"floor":15,"key":"hexamod:SoulburnPotion"},{"floor":16,"key":"Dexterity Potion"}],"is_trial":false,"path_per_floor":["R","M","M","M","?","E","T","M","M","?","$","?","R","$","M","B",null,"R","M","?","M","M","R","T","$","R","M","R","?","R","?","M","B"],"character_chosen":"THE_SPIRIT","items_purchased":["hexamod:SecondSeal","hexamod:EmpoweredFlame","hexamod:GhostflameInferno","hexamod:Incineration"],"campfire_rested":1,"item_purchase_floors":[11,14,14,25],"current_hp_per_floor":[70,70,70,70,67,54,54,45,47,47,68,68,70,70,70,70,70,70,65,24,16,13,46,46,50,62,47,59,69,80,80,70,0,0,0],"gold":224,"neow_bonus":"THREE_ENEMY_KILL","is_daily":false,"chose_seed":false,"campfire_upgraded":6,"win_rate":0.0,"timestamp":1614010583,"path_taken":["R","M","M","?","?","E","T","M","M","?","$","?","R","$","M","BOSS","R","M","?","M","M","R","T","$","R","M","R","?","R","?","M","BOSS"],"items_purchased_type":["Card","Card","Card","Card"],"build_version":"2020-12-22","purchased_purges":2,"victory":false,"max_hp_per_floor":[70,70,70,70,70,70,70,70,70,70,70,70,70,70,70,70,70,70,70,70,70,70,70,70,70,70,70,70,80,80,80,80,80,80,80],"card_choices":[{"not_picked":["hexamod:EtherealExpedition","hexamod:NightmareStrike"],"picked":"hexamod:HauntingEcho","floor":2},{"not_picked":["hexamod:RecurringNightmare","hexamod:BacktrackSmack"],"picked":"hexamod:BurningTouch","floor":3},{"not_picked":["hexamod:NightmareStrike","hexamod:DynamicBlow"],"picked":"hexamod:FirstSeal","floor":4},{"not_picked":["hexamod:SpectersWail","hexamod:Hexaguard"],"picked":"hexamod:ThermalTransfer","floor":6},{"not_picked":["hexamod:FirstSeal","hexamod:SkipABeat","hexamod:NightmareStrike"],"picked":"SKIP","floor":8},{"not_picked":["hexamod:SwordOfDarkness","hexamod:Hexaguard","hexamod:HeatMetal"],"picked":"SKIP","floor":9},{"not_picked":["hexamod:FastForward","hexamod:HeatMetal","hexamod:CatchUp"],"picked":"SKIP","floor":11},{"not_picked":["hexamod:Haunt","hexamod:PhantomCloak"],"picked":"hexamod:ThermalTransfer","floor":14},{"not_picked":["hexamod:HeatMetal","hexamod:PhantomCloak"],"picked":"hexamod:SearingWound","floor":15},{"not_picked":["hexamod:UnleashSpirits","hexamod:TimeOfNeed"],"picked":"hexamod:HexaLevel","floor":16},{"not_picked":["hexamod:HeatCrush+1","hexamod:Hexaguard"],"picked":"hexamod:SoulSteal","floor":19},{"not_picked":["hexamod:ThermalTransfer","hexamod:SoulSteal"],"picked":"hexamod:BurningTouch+1","floor":20},{"not_picked":["hexamod:EtherealExpedition","hexamod:ExtraCrispy+1"],"picked":"hexamod:InspiringFlames","floor":21},{"not_picked":["hexamod:BacktrackSmack","hexamod:HauntingEcho","hexamod:ShieldOfDarkness+1"],"picked":"SKIP","floor":22},{"not_picked":["hexamod:SwordOfDarkness+1","hexamod:GhostLash","hexamod:Hexaguard"],"picked":"SKIP","floor":25},{"not_picked":["hexamod:FirstSeal","hexamod:GhostLash+1","hexamod:TimeWarp"],"picked":"SKIP","floor":27},{"not_picked":["hexamod:SecondSeal","hexamod:NightmareStrike","hexamod:ExtraCrispy"],"picked":"SKIP","floor":32}],"player_experience":207531,"relics_obtained":[{"floor":6,"key":"Eternal Feather"},{"floor":7,"key":"Whetstone"},{"floor":20,"key":"Girya"},{"floor":20,"key":"Ornamental Fan"},{"floor":24,"key":"StoneCalendar"}],"event_choices":[{"damage_healed":0,"gold_gain":0,"player_choice":"Success","damage_taken":3,"relics_obtained":["Bronze Scales"],"max_hp_gain":0,"max_hp_loss":0,"event_name":"Scrap Ooze","floor":5,"gold_loss":0}],"is_beta":false,"boss_relics":[{"not_picked":["Busted Crown","SacredBark"],"picked":"Sozu"}],"items_purged_floors":[14,25],"is_endless":false,"potions_floor_spawned":[6,8,15,16,19,21,32],"killed_by":"DF_ARCHETYPE_CLAW","ascension_level":0}}