{"host":"nwjx7hbomubpmo86","time":1614019412,"event":{"mods":["AchievementEnabler","BaseMod","Better Note","Downfall","Hubris","Minty Spire (QoL Compilation)","Replay The Spire","StSLib","The Death Knight","slay the spire mod where everything is the same but ironclad has a cowboy hat"],"gold_per_floor":[115,133,147,97,97,97,97,97,97,129,129,155,155,173,173,273,273,291,304,323,340,357,386,399,399,447,447,722,737,747,765,765,865,865,880,930,950,1011,1026,1026,1060,1079,1079,1111,1111,1129,1129,1141,1141,1141],"floor_reached":51,"language":"ENG","playtime":2933,"items_purged":[],"score":934,"play_id":"3a58ab5f-617e-4dd6-8ad6-896ca650fdc5","local_time":"20210222194332","is_ascension_mode":true,"campfire_choices":[{"data":"DeathKnight:RuneStrike","floor":6,"key":"SMITH"},{"data":"DeathKnight:GargoyleSkin","floor":8,"key":"SMITH"},{"data":"DeathKnight:GargoyleSkin","floor":11,"key":"SMITH"},{"data":"DeathKnight:Pestilence","floor":15,"key":"SMITH"},{"data":"DeathKnight:Contagion","floor":27,"key":"SMITH"},{"data":"DeathKnight:Runesurge","floor":32,"key":"SMITH"},{"floor":40,"key":"RECALL"},{"floor":49,"key":"REST"}],"circlet_count":0,"master_deck":["DeathKnight:Strike_DeathKnight","DeathKnight:Strike_DeathKnight","DeathKnight:Strike_DeathKnight","DeathKnight:Defend_DeathKnight","DeathKnight:Defend_DeathKnight","DeathKnight:Defend_DeathKnight","DeathKnight:Defend_DeathKnight","DeathKnight:Defend_DeathKnight","DeathKnight:RuneTap+1","DeathKnight:RuneStrike+1","DeathKnight:GargoyleSkin+1","DeathKnight:HartStrike","DeathKnight:BoneShield","DeathKnight:GargoyleSkin+1","DeathKnight:Runesurge+1","DeathKnight:Pestilence+1","DeathKnight:UnholyExperiment","DeathKnight:IceboundArmor","DeathKnight:FesteringStrike","DeathKnight:FrosPresence+1","DeathKnight:Contagion+1","DeathKnight:UnholyFrenzy+1","Voices","Regret","DeathKnight:WraithWalk","DeathKnight:IceboundArmor","DeathKnight:Runesurge","DeathKnight:Contagion","DeathKnight:WraithWalk","ReplayTheSpireMod:Splinters","DeathKnight:Rot+1","DeathKnight:BoneShield+1","DeathKnight:FoulBulwark+1","DeathKnight:IcyTouch+1","DeathKnight:BloodTap+1","DeathKnight:UnholyFrenzy","DeathKnight:UnholyPresence+1"],"relics":["DeathKnight:BrokenRuneblade","hubris:Icosahedron","hubris:Towel","Singing Bowl","Blue Candle","Simple Rune","Painkiller Herb","Juzu Bracelet","Ring of Peace","Ring of Panic","DeathKnight:Shadowmourne","hubris:GlazedTorus","hubris:TinFlute","Art of War","Iron Hammer","hubris:DuctTape"],"acts_visited":["Exordium","TheCity","TheBeyond"],"potions_floor_usage":[12,12,20,21,22,23,23,24,30,31,31,33,33,36,39,41,42,42,42,48,50,50,50,50],"damage_taken":[{"damage":6,"enemies":"Cultist","floor":1,"turns":4},{"damage":3,"enemies":"Small Slimes","floor":2,"turns":5},{"damage":0,"enemies":"2 Louse","floor":3,"turns":3},{"damage":3,"enemies":"Lagavulin","floor":10,"turns":6},{"damage":5,"enemies":"Gremlin Nob","floor":12,"turns":4},{"damage":4,"enemies":"Large Slime","floor":14,"turns":8},{"damage":12,"enemies":"The Guardian","floor":16,"turns":7},{"damage":3,"enemies":"Chosen","floor":18,"turns":5},{"damage":3,"enemies":"Spheric Guardian","floor":19,"turns":6},{"damage":15,"enemies":"Cultist and Chosen","floor":20,"turns":6},{"damage":0,"enemies":"Snecko","floor":21,"turns":5},{"damage":3,"enemies":"Centurion and Healer","floor":22,"turns":6},{"damage":3,"enemies":"Gremlin Leader","floor":23,"turns":7},{"damage":3,"enemies":"Chosen and Byrds","floor":24,"turns":6},{"damage":7,"enemies":"Cultist and Chosen","floor":29,"turns":5},{"damage":7,"enemies":"Shelled Parasite and Fungi","floor":30,"turns":5},{"damage":0,"enemies":"Centurion and Healer","floor":31,"turns":5},{"damage":7,"enemies":"Automaton","floor":33,"turns":11},{"damage":16,"enemies":"3 Shapes","floor":35,"turns":4},{"damage":0,"enemies":"Mind Bloom Boss Battle","floor":36,"turns":5},{"damage":0,"enemies":"Orb Walker","floor":37,"turns":4},{"damage":4,"enemies":"Transient","floor":39,"turns":5},{"damage":0,"enemies":"Nemesis","floor":41,"turns":5},{"damage":1,"enemies":"4 Shapes","floor":42,"turns":3},{"damage":18,"enemies":"Giant Head","floor":44,"turns":6},{"damage":0,"enemies":"3 Darklings","floor":46,"turns":4},{"damage":15,"enemies":"Maw","floor":48,"turns":5},{"damage":32,"enemies":"hubris:GrandSnecko","floor":50,"turns":6}],"seed_played":"-7048462806612453008","potions_obtained":[{"floor":1,"key":"DistilledChaos"},{"floor":2,"key":"DistilledChaos"},{"floor":16,"key":"Energy Potion"},{"floor":20,"key":"Explosive Potion"},{"floor":22,"key":"DeathKnight:RimePotion"},{"floor":23,"key":"FearPotion"},{"floor":30,"key":"SkillPotion"},{"floor":33,"key":"hexamod:SoulburnPotion"},{"floor":35,"key":"DeathKnight:VirulencePotion"},{"floor":42,"key":"Venom Potion"},{"floor":48,"key":"FearPotion"}],"is_trial":false,"path_per_floor":["M","M","M","?","?","R","?","R","T","E","R","E","?","M","R","B",null,"?","?","?","?","?","E","?","?","T","T","?","?","?","?","T","B",null,"?","?","?","?","?","T","E","?","T","E","?","?","?","?","T","B",null],"character_chosen":"DEATH_KNIGHT","items_purchased":[],"campfire_rested":1,"item_purchase_floors":[],"current_hp_per_floor":[69,66,66,66,66,66,66,66,66,63,63,58,58,54,54,42,75,72,69,54,54,53,65,64,64,64,64,64,57,52,52,52,45,81,65,65,65,65,61,61,61,60,60,42,42,50,52,37,61,37],"gold":1141,"neow_bonus":"RANDOM_EVENT","is_daily":false,"chose_seed":false,"campfire_upgraded":6,"win_rate":0.0,"timestamp":1614019412,"path_taken":["M","?","M","?","?","R","?","R","T","E","R","E","?","M","R","BOSS","?","?","?","?","?","E","?","?","T","T","?","?","?","?","T","BOSS","?","?","?","?","?","T","E","?","T","E","?","?","?","?","T","BOSS"],"items_purchased_type":[],"build_version":"2020-12-22","purchased_purges":0,"victory":true,"max_hp_per_floor":[75,75,75,75,75,75,75,75,75,75,75,75,75,75,75,75,75,75,75,75,75,77,77,79,79,79,79,79,79,81,81,81,81,81,81,81,81,81,81,81,81,81,81,81,81,81,83,83,83,83],"card_choices":[{"not_picked":["DeathKnight:RaiseAlly","DeathKnight:RunicCorruption"],"picked":"DeathKnight:GargoyleSkin","floor":1},{"not_picked":["DeathKnight:BludPresence","DeathKnight:BloodEchoes"],"picked":"DeathKnight:HartStrike","floor":2},{"not_picked":["DeathKnight:Ossuary","DeathKnight:UnholyFrenzy"],"picked":"DeathKnight:BoneShield","floor":3},{"not_picked":["DeathKnight:Rot","DeathKnight:RuneShock"],"picked":"DeathKnight:GargoyleSkin","floor":10},{"not_picked":["DeathKnight:PathOfFrost","DeathKnight:BladedArmor"],"picked":"DeathKnight:Runesurge","floor":12},{"not_picked":["DeathKnight:DarkSuccor","DeathKnight:Simulacrum"],"picked":"DeathKnight:Pestilence","floor":14},{"not_picked":["DeathKnight:Razorice","DeathKnight:MarkOfBlood"],"picked":"DeathKnight:UnholyExperiment","floor":16},{"not_picked":["DeathKnight:BoneSpear+1","DeathKnight:MutagenicPlague"],"picked":"DeathKnight:IceboundArmor","floor":18},{"not_picked":["DeathKnight:Parry","DeathKnight:UnholyAssault"],"picked":"DeathKnight:FesteringStrike","floor":19},{"not_picked":["DeathKnight:BladedArmor+1","DeathKnight:RunicCorruption"],"picked":"DeathKnight:FrosPresence+1","floor":20},{"not_picked":["DeathKnight:Lichborne+1","DeathKnight:BludPresence"],"picked":"DeathKnight:Contagion","floor":21},{"not_picked":["DeathKnight:HornOfWinter","DeathKnight:UnholyFrenzy","DeathKnight:HartStrike"],"picked":"Singing Bowl","floor":22},{"not_picked":["DeathKnight:FesteringStrike","DeathKnight:Hysteria"],"picked":"DeathKnight:UnholyFrenzy+1","floor":23},{"not_picked":["DeathKnight:FesteringStrike","DeathKnight:RaiseAlly+1","DeathKnight:Culling+1"],"picked":"Singing Bowl","floor":24},{"not_picked":["DeathKnight:Runeguard","DeathKnight:Ossuary"],"picked":"DeathKnight:WraithWalk","floor":29},{"not_picked":["DeathKnight:FrostStrike","DeathKnight:Hysteria","DeathKnight:RaiseAlly+1"],"picked":"Singing Bowl","floor":30},{"not_picked":["DeathKnight:BloodStrike","DeathKnight:ThirstingStrike"],"picked":"DeathKnight:IceboundArmor","floor":31},{"not_picked":["DeathKnight:RunicDetonation","DeathKnight:BoneStorm"],"picked":"DeathKnight:Runesurge","floor":33},{"not_picked":["DeathKnight:BoneSpear+1","DeathKnight:DeathsAdvance+1"],"picked":"DeathKnight:Contagion","floor":35},{"not_picked":["DeathKnight:BoneShield","DeathKnight:ScourgeStrike"],"picked":"DeathKnight:Contagion+1","floor":36},{"not_picked":["DeathKnight:UnholyAssault","DeathKnight:HartStrike"],"picked":"DeathKnight:WraithWalk","floor":37},{"not_picked":["DeathKnight:RaiseAlly+1","DeathKnight:MutagenicPlague"],"picked":"DeathKnight:Rot+1","floor":38},{"not_picked":["DeathKnight:MutagenicPlague","DeathKnight:Parry+1"],"picked":"DeathKnight:BoneShield+1","floor":39},{"not_picked":["DeathKnight:Obliterate","DeathKnight:FrostStrike"],"picked":"DeathKnight:FoulBulwark+1","floor":41},{"not_picked":["DeathKnight:IceboundArmor+1","DeathKnight:BloodPact+1"],"picked":"DeathKnight:IcyTouch+1","floor":42},{"not_picked":["DeathKnight:DeathCoil+1","DeathKnight:UnholyPresence"],"picked":"DeathKnight:BloodTap+1","floor":44},{"not_picked":["DeathKnight:RaiseAlly","DeathKnight:HornOfWinter"],"picked":"DeathKnight:UnholyFrenzy","floor":46},{"not_picked":["Chrysalis","Panacea","Transmutation"],"picked":"Singing Bowl","floor":47},{"not_picked":["DeathKnight:BloodPact+1","DeathKnight:Hysteria"],"picked":"DeathKnight:UnholyPresence+1","floor":48}],"player_experience":578658,"relics_obtained":[{"floor":9,"key":"Singing Bowl"},{"floor":10,"key":"Blue Candle"},{"floor":12,"key":"Simple Rune"},{"floor":23,"key":"Juzu Bracelet"},{"floor":25,"key":"Ring of Peace"},{"floor":25,"key":"Ring of Panic"},{"floor":36,"key":"hubris:GlazedTorus"},{"floor":38,"key":"hubris:TinFlute"},{"floor":41,"key":"Art of War"},{"floor":43,"key":"Iron Hammer"},{"floor":44,"key":"hubris:DuctTape"}],"event_choices":[{"cards_removed":["DeathKnight:Strike_DeathKnight"],"damage_healed":0,"gold_gain":0,"player_choice":"Card Removal","damage_taken":0,"max_hp_gain":0,"max_hp_loss":0,"event_name":"The Cleric","floor":4,"gold_loss":50},{"cards_removed":["DeathKnight:Strike_DeathKnight"],"damage_healed":0,"gold_gain":0,"player_choice":"Offered Basic","damage_taken":0,"max_hp_gain":0,"max_hp_loss":0,"event_name":"Bonfire Elementals","floor":13,"gold_loss":0},{"damage_healed":0,"gold_gain":275,"player_choice":"Desecrate","damage_taken":0,"max_hp_gain":0,"max_hp_loss":0,"event_name":"Golden Shrine","floor":28,"gold_loss":0,"cards_obtained":["Regret"]},{"damage_healed":0,"gold_gain":0,"player_choice":"Fight","damage_taken":0,"max_hp_gain":0,"max_hp_loss":0,"event_name":"MindBloom","floor":36,"gold_loss":0},{"damage_healed":0,"gold_gain":0,"player_choice":"Ignored","damage_taken":0,"max_hp_gain":0,"max_hp_loss":0,"event_name":"Tomb of Lord Red Mask","floor":45,"gold_loss":0},{"damage_healed":0,"gold_gain":0,"player_choice":"Memory 1","damage_taken":0,"max_hp_gain":0,"max_hp_loss":0,"event_name":"SensoryStone","floor":47,"gold_loss":0}],"is_beta":false,"boss_relics":[{"not_picked":["hubris:VirtuousBlindfold","Busted Crown"],"picked":"Painkiller Herb"},{"not_picked":["Calling Bell","Replay:Grab Bag"],"picked":"DeathKnight:Shadowmourne"}],"items_purged_floors":[],"is_endless":false,"potions_floor_spawned":[1,2,16,20,22,23,30,33,35,36,41,42,46,48],"ascension_level":1}}