{"host":"sum4dy402bbv9y4o","time":1614013110,"event":{"mods":["Aspiration","BaseMod","Conspire","Highlight Path","Minty Spire (QoL Compilation)","StSLib"],"gold_per_floor":[119,119,119,44,55,55,83,42,123,152,168,184,20,34,34,108,108,118,137,137,8,8,24,24,24,24],"floor_reached":25,"language":"ENG","playtime":703,"items_purged":["conspire:GhostlyStrike"],"score":472,"play_id":"ab088dfc-14cf-43ed-8b64-0c7bfb8d2039","local_time":"20210222195830","is_ascension_mode":true,"campfire_choices":[{"data":"SashWhip","floor":6,"key":"SMITH"},{"data":"SashWhip","floor":15,"key":"SMITH"},{"floor":24,"key":"REST"}],"circlet_count":0,"master_deck":["AscendersBane","conspire:GhostlyStrike","conspire:GhostlyStrike","conspire:GhostlyDefend","conspire:GhostlyDefend","conspire:GhostlyDefend","Eruption","Vigilance","Wallop","SashWhip+1","Evaluate","FearNoEvil","EmptyFist","SashWhip+1","BowlingBash","Cleave","Adaptation","EmptyBody"],"relics":["PureWater","NeowsBlessing","aspiration:HiddenCompartment","Ornamental Fan","Bag of Preparation","Vajra","aspiration:IroncladSkillbook","aspiration:RitualStick"],"acts_visited":["Exordium","TheCity"],"potions_floor_usage":[10,16,19,23,23],"damage_taken":[{"damage":0,"enemies":"2 Louse","floor":1,"turns":1},{"damage":0,"enemies":"Jaw Worm","floor":5,"turns":1},{"damage":0,"enemies":"3 Sentries","floor":7,"turns":2},{"damage":15,"enemies":"Lagavulin","floor":10,"turns":6},{"damage":2,"enemies":"Small Slimes","floor":11,"turns":2},{"damage":0,"enemies":"2 Fungi Beasts","floor":12,"turns":2},{"damage":0,"enemies":"Gremlin Gang","floor":14,"turns":3},{"damage":10,"enemies":"Hexaghost","floor":16,"turns":8},{"damage":10,"enemies":"3 Byrds","floor":18,"turns":4},{"damage":16,"enemies":"Shell Parasite","floor":19,"turns":3},{"damage":12,"enemies":"Shelled Parasite and Fungi","floor":23,"turns":3},{"damage":33,"enemies":"Gremlin Leader","floor":25,"turns":2}],"seed_played":"-6833117439426126918","potions_obtained":[{"floor":1,"key":"BottledMiracle"},{"floor":7,"key":"SteroidPotion"},{"floor":14,"key":"BlessingOfTheForge"},{"floor":19,"key":"AttackPotion"}],"is_trial":false,"path_per_floor":["M","?","?","?","M","R","E","$","T","E","M","M","$","M","R","B",null,"M","M","?","$","?","M","R","E"],"character_chosen":"WATCHER","items_purchased":["FearNoEvil","Vajra","Block Potion"],"campfire_rested":1,"item_purchase_floors":[8,13,21],"current_hp_per_floor":[61,61,54,54,54,54,54,54,54,39,37,37,37,37,37,27,58,52,40,23,23,13,5,25,0,0],"gold":24,"neow_bonus":"THREE_ENEMY_KILL","is_daily":false,"chose_seed":false,"campfire_upgraded":2,"win_rate":0.0,"timestamp":1614013110,"path_taken":["M","?","?","?","?","R","E","$","T","E","M","M","$","M","R","BOSS","M","M","?","$","?","?","R","E"],"items_purchased_type":["Card","Relic","Potion"],"build_version":"2020-12-22","purchased_purges":1,"victory":false,"max_hp_per_floor":[68,68,68,68,68,68,68,68,68,68,68,68,68,68,68,68,68,68,68,68,68,68,68,68,68,68],"card_choices":[{"not_picked":["ClearTheMind","DeceiveReality"],"picked":"Wallop","floor":1},{"not_picked":["Study","Weave"],"picked":"SashWhip","floor":5},{"not_picked":["ClearTheMind","Study"],"picked":"Evaluate","floor":7},{"not_picked":["Nirvana","FlyingSleeves"],"picked":"EmptyFist","floor":10},{"not_picked":["Evaluate","SignatureMove"],"picked":"SashWhip","floor":11},{"not_picked":["CutThroughFate","ConjureBlade"],"picked":"BowlingBash","floor":12},{"not_picked":["BattleHymn","Evaluate","Sanctity"],"picked":"SKIP","floor":14},{"not_picked":["Evaluate","SignatureMove","Blood for Blood"],"picked":"Cleave","floor":18},{"not_picked":["ClearTheMind","ThirdEye","Searing Blow"],"picked":"Adaptation","floor":19},{"not_picked":["Perfected Strike+1","Prostrate","Fire Breathing"],"picked":"EmptyBody","floor":23}],"player_experience":3125422,"relics_obtained":[{"floor":7,"key":"aspiration:HiddenCompartment"},{"floor":9,"key":"Ornamental Fan"},{"floor":10,"key":"Bag of Preparation"}],"event_choices":[{"damage_healed":0,"gold_gain":0,"player_choice":"Agree","damage_taken":0,"max_hp_gain":0,"max_hp_loss":0,"event_name":"conspire:LoneGhost","floor":2,"gold_loss":0},{"cards_removed":["conspire:GhostlyDefend"],"damage_healed":0,"gold_gain":0,"player_choice":"Card Removal","damage_taken":7,"max_hp_gain":0,"max_hp_loss":0,"event_name":"Golden Wing","floor":3,"gold_loss":0},{"cards_removed":["conspire:GhostlyStrike"],"damage_healed":0,"gold_gain":0,"player_choice":"Card Removal","damage_taken":0,"max_hp_gain":0,"max_hp_loss":0,"event_name":"The Cleric","floor":4,"gold_loss":75},{"damage_healed":0,"gold_gain":0,"player_choice":"Damaged","damage_taken":10,"max_hp_gain":0,"max_hp_loss":0,"event_name":"Wheel of Change","floor":22,"gold_loss":0}],"is_beta":false,"boss_relics":[{"not_picked":["aspiration:FutureDiary","aspiration:SilentSkillbook"],"picked":"aspiration:IroncladSkillbook"}],"items_purged_floors":[21],"is_endless":false,"potions_floor_spawned":[1,7,14,19],"killed_by":"Gremlin Leader","ascension_level":20}}