{"host":"ju1b3c4x8n2jtjm7","time":1614030920,"event":{"mods":["AchievementEnabler","BaseMod","Colored Map","Colored Powertips","Downfall","Highlight Path","Minty Spire (QoL Compilation)","Quick Restart","Rare Cards Sparkle","Relic Stats","StSLib"],"gold_per_floor":[99,118,136,211,311,326,326,326,359,374,391,422,422,442,452,548,548,348,365,382,393,64,98,143,156,66,66,66,76,76,96,111,210,210,210,224,224,240,29,29,52,67,95,111,11,11,11,46,58,58,58,88,38,38,38,38],"floor_reached":57,"language":"ENG","playtime":15728,"items_purged":["Slimebound:Grow","downfall:Malfunctioning"],"score":1273,"play_id":"5b268b4e-3efe-44f4-b7be-a08cf9a443b4","local_time":"20210222225520","is_ascension_mode":false,"campfire_choices":[{"data":"Slimebound:Split","floor":1.0,"key":"SMITH"},{"data":"Slimebound:RollThrough","floor":18.0,"key":"SMITH"},{"data":"Slimebound:LeadByExample","floor":30.0,"key":"SMITH"},{"floor":35.0,"key":"RECALL"},{"data":"Slimebound:Teamwork","floor":45,"key":"SMITH"},{"data":"Slimebound:PressTheAttack","floor":47,"key":"SMITH"},{"data":"Slimebound:RallyTheTroops","floor":54,"key":"SMITH"}],"circlet_count":0,"master_deck":["Slimebound:Tackle","Slimebound:Split+1","Slimebound:RollThrough+1","Slimebound:SamplingLick","Slimebound:RollThrough+1","Slimebound:PressTheAttack+1","Slimebound:Repurpose","Slimebound:ComboTackle","Slimebound:Gluttony","Slimebound:FinishingTackle","Slimebound:LeadByExample+1","Slimebound:RallyTheTroops+1","Slimebound:LivingWall","Slimebound:RainOfGoop","Slimebound:SplitLeeching","Slimebound:SplitMire","Slimebound:Repurpose+1","Slimebound:Repurpose+1","Slimebound:PressTheAttack+1","Slimebound:SlimeSpikes+1","Slimebound:BestDefense+1","Slimebound:GoopSpray+1","Slimebound:LivingWall","Slimebound:LeechLife","Slimebound:LeechEnergy+1","Slimebound:ForwardTackle+1","Slimebound:SpikyOuterGoop","Slimebound:FormOfPuddle+1","Slimebound:Teamwork+1","Slimebound:FormOfPuddle+1","Slimebound:FormOfPuddle"],"relics":["Slimebound:AbsorbEndCombat","InkBottle","Gremlin Horn","Slimebound:TarBlob","downfall:HeartBlessingGreen","downfall:HeartBlessingBlue","Pocketwatch","Question Card","Lantern","Philosopher\u0027s Stone","PreservedInsect","Centennial Puzzle","Oddly Smooth Stone","Calipers","downfall:HeartBlessingRed","Bottled Tornado","Art of War"],"acts_visited":["Exordium","TheCity","TheBeyond","TheEnding"],"potions_floor_usage":[36,44,48,56],"damage_taken":[{"damage":3.0,"enemies":"Small Slimes","floor":2.0,"turns":3.0},{"damage":0.0,"enemies":"2 Louse","floor":3.0,"turns":2.0},{"damage":21.0,"enemies":"downfall:Heads","floor":5.0,"turns":5.0},{"damage":2.0,"enemies":"Jaw Worm","floor":6.0,"turns":4.0},{"damage":4.0,"enemies":"3 Sentries","floor":9.0,"turns":4.0},{"damage":2.0,"enemies":"Blue Slaver","floor":10.0,"turns":4.0},{"damage":22.0,"enemies":"Gremlin Gang","floor":11.0,"turns":4.0},{"damage":20.0,"enemies":"Gremlin Nob","floor":12.0,"turns":4.0},{"damage":1.0,"enemies":"2 Fungi Beasts","floor":14.0,"turns":2.0},{"damage":13.0,"enemies":"Exordium Thugs","floor":15.0,"turns":4.0},{"damage":0.0,"enemies":"IC_STATUS_ARCHETYPE","floor":16.0,"turns":5.0},{"damage":12.0,"enemies":"Spheric Guardian","floor":19.0,"turns":4.0},{"damage":7.0,"enemies":"Shell Parasite","floor":20.0,"turns":4.0},{"damage":25.0,"enemies":"Snake Plant","floor":21.0,"turns":3.0},{"damage":0.0,"enemies":"downfall:FleeingMerchant","floor":22.0,"turns":4.0},{"damage":43.0,"enemies":"Slavers","floor":23.0,"turns":5.0},{"damage":2.0,"enemies":"Cultist and Chosen","floor":25.0,"turns":5.0},{"damage":9.0,"enemies":"downfall:FleeingMerchant","floor":26.0,"turns":4.0},{"damage":4.0,"enemies":"Chosen and Byrds","floor":29.0,"turns":4.0},{"damage":1.0,"enemies":"3 Cultists","floor":31.0,"turns":3.0},{"damage":2.0,"enemies":"Snake Plant","floor":32.0,"turns":3.0},{"damage":11.0,"enemies":"SI_MIRROR_ARCHETYPE","floor":33.0,"turns":8.0},{"damage":0,"enemies":"3 Darklings","floor":36,"turns":3},{"damage":8,"enemies":"Orb Walker","floor":38,"turns":2},{"damage":14,"enemies":"downfall:FleeingMerchant","floor":39,"turns":3},{"damage":0,"enemies":"Spire Growth","floor":42,"turns":6},{"damage":29,"enemies":"Nemesis","floor":43,"turns":5},{"damage":16,"enemies":"3 Darklings","floor":44,"turns":4},{"damage":3,"enemies":"Giant Head","floor":48,"turns":6},{"damage":0,"enemies":"Jaw Worm Horde","floor":49,"turns":4},{"damage":26,"enemies":"WA_ARCHETYPE_DIVINITY","floor":50,"turns":11},{"damage":18,"enemies":"downfall:CharBossMerchant","floor":52,"turns":11},{"damage":0,"enemies":"downfall:NeowBoss","floor":55,"turns":29},{"damage":101,"enemies":"downfall:NeowBossFinal","floor":56,"turns":12}],"seed_played":"-5506795398813693997","potions_obtained":[{"floor":5.0,"key":"Slimebound:SpawnSlimePotion"},{"floor":9.0,"key":"EntropicBrew"},{"floor":10.0,"key":"PowerPotion"},{"floor":11.0,"key":"Dexterity Potion"},{"floor":12.0,"key":"Ancient Potion"},{"floor":19.0,"key":"Energy Potion"},{"floor":23.0,"key":"PowerPotion"},{"floor":29.0,"key":"GamblersBrew"},{"floor":31.0,"key":"Guardian:BlockOnCardUsePotion"},{"floor":32.0,"key":"hexamod:SoulburnPotion"},{"floor":42,"key":"BlessingOfTheForge"},{"floor":43,"key":"sneckomod:MuddlingPotion"},{"floor":49,"key":"FairyPotion"},{"floor":52,"key":"Explosive Potion"}],"is_trial":false,"path_per_floor":["R","M","M","?","?","M","T","?","E","M","M","E","?","M","M","B",null,"R","M","M","M","$","E","T","M","$","?","?","M","R","M","M","B",null,"R","M","?","M","$","?","T","M","E","M","R","?","R","E","M","B",null,"E","$","R","B","B",null],"character_chosen":"SLIMEBOUND","items_purchased":["Pocketwatch","PreservedInsect","Centennial Puzzle","Slimebound:SpikyOuterGoop","GamblersBrew","Energy Potion"],"campfire_rested":0,"item_purchase_floors":[22,39,39,39,39,53],"current_hp_per_floor":[71,71,71,71,53,57,57,57,53,53,37,25,25,26,15,23,71,81,69,70,53,59,24,24,28,27,27,27,31,31,36,36,33,81,81,81,81,77,69,69,69,81,76,80,80,80,80,81,81,60,81,81,81,81,81,24],"gold":38,"neow_bonus":"TEN_PERCENT_HP_BONUS","is_daily":false,"chose_seed":false,"campfire_upgraded":6,"win_rate":0.0,"timestamp":1614030920,"path_taken":["R","M","M","?","?","M","T","?","E","M","M","E","?","M","M","BOSS","R","M","M","M","$","E","T","M","$","?","?","M","R","M","M","BOSS","R","M","?","?","$","?","T","M","E","M","R","?","R","E","M","BOSS","E","$","R","BOSS","BOSS"],"items_purchased_type":["Relic","Relic","Relic","Card","Potion","Potion"],"build_version":"2020-12-22","purchased_purges":2,"victory":true,"max_hp_per_floor":[71,71,71,71,71,71,71,71,71,71,71,71,71,71,71,71,71,81,81,81,81,81,81,81,81,81,81,81,81,81,81,81,81,81,81,81,81,81,81,81,81,81,81,81,81,81,81,81,81,81,81,81,81,81,81,81],"relic_stats":{"Centennial Puzzle":[18],"Gremlin Horn":[18,18],"counters":[34,183],"PreservedInsect":247,"Art of War":[6],"Question Card":15,"obtain_stats":[{"Lantern":24,"Calipers":43,"Gremlin Horn":12,"downfall:HeartBlessingRed":45,"Oddly Smooth Stone":41,"downfall:HeartBlessingGreen":18,"PreservedInsect":39,"Bottled Tornado":48,"Question Card":23,"Slimebound:TarBlob":17,"Centennial Puzzle":39,"downfall:HeartBlessingBlue":18,"Philosopher\u0027s Stone":34,"Slimebound:AbsorbEndCombat":0,"Art of War":52,"InkBottle":9,"Pocketwatch":22},{"Lantern":16,"Calipers":27,"Gremlin Horn":8,"downfall:HeartBlessingRed":28,"Oddly Smooth Stone":25,"downfall:HeartBlessingGreen":11,"PreservedInsect":25,"Bottled Tornado":29,"Question Card":16,"Slimebound:TarBlob":11,"Centennial Puzzle":25,"downfall:HeartBlessingBlue":11,"Philosopher\u0027s Stone":22,"Slimebound:AbsorbEndCombat":0,"Art of War":32,"InkBottle":5,"Pocketwatch":15},{"Lantern":60,"Calipers":106,"Gremlin Horn":29,"downfall:HeartBlessingRed":110,"Oddly Smooth Stone":95,"downfall:HeartBlessingGreen":40,"PreservedInsect":95,"Bottled Tornado":116,"Question Card":60,"Slimebound:TarBlob":40,"Centennial Puzzle":95,"downfall:HeartBlessingBlue":40,"Philosopher\u0027s Stone":87,"Slimebound:AbsorbEndCombat":0,"Art of War":142,"InkBottle":18,"Pocketwatch":55}],"InkBottle":[61],"Pocketwatch":[185]},"card_choices":[{"not_picked":["Slimebound:ComboTackle","Slimebound:SplitBruiser"],"picked":"Slimebound:RollThrough","floor":2.0},{"not_picked":["Slimebound:SplitBruiser","Slimebound:TongueLash"],"picked":"Slimebound:SamplingLick","floor":3.0},{"not_picked":["Slimebound:SamplingLick","Slimebound:SplitAcid"],"picked":"Slimebound:RollThrough","floor":5.0},{"not_picked":["Slimebound:ComboTackle","Slimebound:Grow"],"picked":"Slimebound:Repurpose","floor":6.0},{"not_picked":["Slimebound:SplitBruiser","Slimebound:SlimeBrawl"],"picked":"Slimebound:ComboTackle","floor":9.0},{"not_picked":["Slimebound:HauntingLick","Slimebound:Chomp"],"picked":"Slimebound:Gluttony","floor":10.0},{"not_picked":["Slimebound:ProtectTheBoss","Slimebound:Schlurp"],"picked":"Slimebound:FinishingTackle","floor":11.0},{"not_picked":["Slimebound:SlimeBrawl","Slimebound:RollThrough"],"picked":"Slimebound:Grow","floor":12.0},{"not_picked":["Slimebound:LeechEnergy","Slimebound:FinishingTackle"],"picked":"Slimebound:LeadByExample","floor":14.0},{"not_picked":["Slimebound:LeechEnergy","Slimebound:Grow","Slimebound:GoopTackle"],"picked":"SKIP","floor":15.0},{"not_picked":["Slimebound:SelfFormingGoo","Slimebound:Overexert"],"picked":"Slimebound:RallyTheTroops","floor":16.0},{"not_picked":["Slimebound:SamplingLick","Slimebound:ComboTackle"],"picked":"Slimebound:LivingWall","floor":19.0},{"not_picked":["Slimebound:LeechingTouch","Slimebound:ViciousTackle"],"picked":"Slimebound:RainOfGoop","floor":20.0},{"not_picked":["Slimebound:ComboTackle+1","Slimebound:SlimeBrawl"],"picked":"Slimebound:SplitLeeching","floor":21.0},{"not_picked":["Slimebound:OneTwoCombo","Slimebound:LeechEnergy"],"picked":"Slimebound:SplitMire","floor":22.0},{"not_picked":["Slimebound:SlimeSpikes","Slimebound:SplitMire"],"picked":"Slimebound:Repurpose+1","floor":23.0},{"not_picked":["Slimebound:LeechEnergy","Slimebound:GoopTackle","Slimebound:PressTheAttack"],"picked":"Slimebound:Repurpose+1","floor":25.0},{"not_picked":["Slimebound:Repurpose","Slimebound:SplitMire","Slimebound:SplitAcid"],"picked":"Slimebound:PressTheAttack+1","floor":26.0},{"not_picked":["Slimebound:FormOfPuddle","Slimebound:SlimeBarrage","Slimebound:Schlurp"],"picked":"Slimebound:SlimeSpikes+1","floor":29.0},{"not_picked":["Slimebound:DisruptingSlam","Slimebound:SlimeSpikes","Slimebound:Chomp","Slimebound:ComboTackle"],"picked":"SKIP","floor":31.0},{"not_picked":["Slimebound:LivingWall+1","Slimebound:MegaLick","Slimebound:GoopTackle"],"picked":"Slimebound:BestDefense+1","floor":32.0},{"not_picked":["Slimebound:ComboTackle","Slimebound:HauntingLick+1","Slimebound:MegaLick"],"picked":"Slimebound:GoopSpray+1","floor":36},{"not_picked":["Slimebound:SplitMire","Slimebound:FlameTackle","Slimebound:SlimeSpikes"],"picked":"Slimebound:LeechEnergy+1","floor":38},{"not_picked":["Slimebound:FlameTackle","Slimebound:Schlurp+1","Slimebound:ViciousTackle+1"],"picked":"Slimebound:ForwardTackle+1","floor":39},{"not_picked":["Slimebound:LeechingTouch","Slimebound:HauntingLick+1","Slimebound:GoopTackle+1"],"picked":"Slimebound:FormOfPuddle+1","floor":42},{"not_picked":["Slimebound:Nibble+1","Slimebound:SplitMire","Slimebound:SplitAcid"],"picked":"Slimebound:Teamwork","floor":43},{"not_picked":["Slimebound:ViciousTackle","Slimebound:Grow+1","Slimebound:LeechEnergy"],"picked":"Slimebound:FormOfPuddle+1","floor":44},{"not_picked":["Slimebound:GoopSpray+1","Slimebound:SplitLeeching+1","Slimebound:SplitBruiser+1"],"picked":"Slimebound:FormOfPuddle","floor":48},{"not_picked":["Slimebound:ItLooksTasty","Slimebound:Grow","Slimebound:FinishingTackle+1","Slimebound:SplitLeeching+1"],"picked":"SKIP","floor":49},{"not_picked":["Slimebound:PressTheAttack","Slimebound:SlimeBrawl+1","Slimebound:MassFeed","Slimebound:SplitBruiser"],"picked":"SKIP","floor":52}],"player_experience":479933,"relics_obtained":[{"floor":9.0,"key":"InkBottle"},{"floor":12.0,"key":"Gremlin Horn"},{"floor":23.0,"key":"Question Card"},{"floor":24.0,"key":"Lantern"},{"floor":41,"key":"Oddly Smooth Stone"},{"floor":43,"key":"Calipers"},{"floor":48,"key":"Bottled Tornado"},{"floor":52,"key":"Art of War"}],"event_choices":[{"cards_removed":["Slimebound:CorrosiveSpit"],"damage_healed":0.0,"max_hp_gain":0.0,"max_hp_loss":0.0,"gold_gain":0.0,"event_name":"The Cleric","player_choice":"Card Removal","floor":13.0,"gold_loss":0.0,"damage_taken":0.0},{"cards_removed":["Slimebound:LevelUp"],"damage_healed":0,"gold_gain":0,"player_choice":"Removed Power","damage_taken":0,"max_hp_gain":0,"max_hp_loss":0,"event_name":"Falling","floor":40,"gold_loss":0}],"is_beta":false,"boss_relics":[{"not_picked":["Runic Pyramid","SacredBark"],"picked":"Slimebound:TarBlob"},{"not_picked":["Tiny House","Sozu"],"picked":"Philosopher\u0027s Stone"}],"items_purged_floors":[26,39],"is_endless":false,"potions_floor_spawned":[5,9,10,11,12,15,19,23,29,31,32,42,43,49,52],"ascension_level":0}}