{"host":"4xh8v5undae39mue","time":1614024590,"event":{"mods":["AchievementEnabler","BaseMod","Minty Spire (QoL Compilation)"],"gold_per_floor":[117,128,128,128,147,187,211,211,238,282,247,287,310,331,331,456,456,471,471,494,507,522,563,563,599,679,199,199,235,235,271,271,402,402,415,17,17,17,35,35,35],"floor_reached":40,"language":"ENG","playtime":5211,"items_purged":["Injury","Defend_P"],"score":612,"play_id":"93e8dd5a-4a07-4594-a0ff-73c850ae1c29","local_time":"20210222150950","is_ascension_mode":true,"campfire_choices":[{"floor":8,"key":"REST"},{"floor":15,"key":"REST"},{"floor":24,"key":"RECALL"},{"floor":28,"key":"REST"},{"floor":30,"key":"REST"},{"floor":32,"key":"REST"}],"circlet_count":0,"master_deck":["Strike_P","Strike_P","Strike_P","Strike_P","Defend_P","Defend_P","Defend_P","Eruption","Vigilance","Halt","Nirvana","ThirdEye","CutThroughFate","FollowUp","Meditate","EmptyBody","Tantrum","Alpha","ThirdEye","Adaptation","JustLucky","Weave+1","Devotion","Omniscience","LikeWater+1","Fasting2","Pray+1","ClearTheMind+1","DevaForm","Wireheading","Panache","Panacea","Panacea","Madness","Madness","FlurryOfBlows+1"],"relics":["Fusion Hammer","Golden Idol","Bronze Scales","Art of War","Smiling Mask","Yang","Cursed Key","Centennial Puzzle","Damaru","StrikeDummy","PreservedInsect","Juzu Bracelet","Boot","Regal Pillow","Philosopher\u0027s Stone","Orrery","Bag of Marbles"],"acts_visited":["Exordium","TheCity","TheBeyond"],"potions_floor_usage":[6,12,16,21,22,22,29,31,31,35,39],"damage_taken":[{"damage":0,"enemies":"Small Slimes","floor":1,"turns":3},{"damage":1,"enemies":"Jaw Worm","floor":2,"turns":2},{"damage":2,"enemies":"Cultist","floor":5,"turns":3},{"damage":48,"enemies":"Lagavulin","floor":6,"turns":8},{"damage":0,"enemies":"Large Slime","floor":7,"turns":8},{"damage":21,"enemies":"3 Sentries","floor":10,"turns":7},{"damage":3,"enemies":"Lagavulin","floor":12,"turns":7},{"damage":0,"enemies":"Looter","floor":13,"turns":3},{"damage":6,"enemies":"Gremlin Gang","floor":14,"turns":4},{"damage":2,"enemies":"The Guardian","floor":16,"turns":11},{"damage":22,"enemies":"Spheric Guardian","floor":18,"turns":4},{"damage":0,"enemies":"Chosen","floor":20,"turns":4},{"damage":10,"enemies":"Snake Plant","floor":21,"turns":4},{"damage":0,"enemies":"Shelled Parasite and Fungi","floor":22,"turns":3},{"damage":30,"enemies":"Gremlin Leader","floor":23,"turns":5},{"damage":9,"enemies":"Book of Stabbing","floor":25,"turns":6},{"damage":10,"enemies":"Slavers","floor":29,"turns":4},{"damage":5,"enemies":"Gremlin Leader","floor":31,"turns":4},{"damage":0,"enemies":"Collector","floor":33,"turns":6},{"damage":0,"enemies":"3 Shapes","floor":35,"turns":3},{"damage":10,"enemies":"3 Darklings","floor":39,"turns":5},{"damage":53,"enemies":"Reptomancer","floor":40,"turns":2}],"seed_played":"4035120063839339323","potions_obtained":[{"floor":5,"key":"Ancient Potion"},{"floor":6,"key":"FearPotion"},{"floor":12,"key":"Ambrosia"},{"floor":14,"key":"SkillPotion"},{"floor":16,"key":"DuplicationPotion"},{"floor":20,"key":"LiquidMemories"},{"floor":21,"key":"AttackPotion"},{"floor":29,"key":"LiquidMemories"},{"floor":33,"key":"AttackPotion"},{"floor":35,"key":"SteroidPotion"},{"floor":39,"key":"AttackPotion"}],"is_trial":false,"path_per_floor":["M","M","?","?","M","E","M","R","T","E","?","E","M","M","R","B",null,"M","?","M","M","M","E","R","E","T","$","R","E","R","E","R","B",null,"M","$","?","?","M","E"],"character_chosen":"WATCHER","items_purchased":["PreservedInsect","Juzu Bracelet","Block Potion","GamblersBrew","Orrery","Bag of Marbles","SkillPotion"],"campfire_rested":5,"item_purchase_floors":[27,27,27,27,36,36,36],"current_hp_per_floor":[72,71,53,72,70,22,22,43,43,22,40,37,37,31,52,50,72,50,82,82,72,72,42,42,33,33,33,57,47,71,66,82,82,82,82,82,72,62,52,0,0],"gold":35,"neow_bonus":"BOSS_RELIC","is_daily":false,"chose_seed":false,"campfire_upgraded":0,"win_rate":0.0,"timestamp":1614024590,"path_taken":["M","M","?","?","M","E","?","R","T","E","?","E","M","M","R","BOSS","M","?","M","M","?","E","R","E","T","$","R","E","R","E","R","BOSS","M","$","?","?","M","E"],"items_purchased_type":["Relic","Relic","Potion","Potion","Relic","Relic","Potion"],"build_version":"2020-12-22","purchased_purges":2,"victory":false,"max_hp_per_floor":[72,72,72,72,72,72,72,72,72,72,72,72,72,72,72,72,72,72,82,82,82,82,82,82,82,82,82,82,82,82,82,82,82,82,82,82,82,82,82,82,82],"card_choices":[{"not_picked":["WreathOfFlame","Protect"],"picked":"Halt","floor":1},{"not_picked":["Conclude","Vengeance"],"picked":"Nirvana","floor":2},{"not_picked":["Crescendo","FlurryOfBlows"],"picked":"ThirdEye","floor":5},{"not_picked":["Protect","FearNoEvil"],"picked":"CutThroughFate","floor":6},{"not_picked":["EmptyFist","PathToVictory"],"picked":"Devotion","floor":7},{"not_picked":["MentalFortress","CrushJoints"],"picked":"FollowUp","floor":10},{"not_picked":["WreathOfFlame","Halt"],"picked":"Meditate","floor":12},{"not_picked":["ThirdEye","Protect"],"picked":"EmptyBody","floor":13},{"not_picked":["TalkToTheHand","FollowUp"],"picked":"Tantrum","floor":14},{"not_picked":["MasterReality","Establishment"],"picked":"Alpha","floor":16},{"not_picked":["Crescendo","EmptyMind"],"picked":"ThirdEye","floor":18},{"not_picked":["BattleHymn","Tantrum"],"picked":"Adaptation","floor":20},{"not_picked":["Crescendo","CrushJoints+1","DeceiveReality"],"picked":"SKIP","floor":21},{"not_picked":["SandsOfTime+1","ThirdEye"],"picked":"JustLucky","floor":22},{"not_picked":["Brilliance","EmptyBody"],"picked":"Weave+1","floor":23},{"not_picked":["Tantrum","SignatureMove","ThirdEye"],"picked":"SKIP","floor":25},{"not_picked":["Swivel+1","BowlingBash"],"picked":"Devotion","floor":29},{"not_picked":["Consecrate+1","DeceiveReality+1","ThirdEye"],"picked":"SKIP","floor":31},{"not_picked":["MasterReality","Vault"],"picked":"Omniscience","floor":33},{"not_picked":["Halt+1","BowlingBash"],"picked":"LikeWater+1","floor":35},{"not_picked":["InnerPeace+1","Pray+1"],"picked":"Fasting2","floor":36},{"not_picked":["Halt","Prostrate"],"picked":"Pray+1","floor":36},{"not_picked":["Crescendo","Halt"],"picked":"ClearTheMind+1","floor":36},{"not_picked":["SashWhip+1","CutThroughFate+1"],"picked":"DevaForm","floor":36},{"not_picked":["FollowUp","Protect"],"picked":"Wireheading","floor":36},{"not_picked":["Panacea","Deep Breath"],"picked":"Panache","floor":37},{"not_picked":["The Bomb","Dramatic Entrance"],"picked":"Panacea","floor":37},{"not_picked":["Madness","Dramatic Entrance"],"picked":"Panacea","floor":37},{"not_picked":["Protect","Sanctity+1"],"picked":"FlurryOfBlows+1","floor":39}],"player_experience":241036,"relics_obtained":[{"floor":6,"key":"Bronze Scales"},{"floor":9,"key":"Art of War"},{"floor":10,"key":"Smiling Mask"},{"floor":12,"key":"Yang"},{"floor":23,"key":"Centennial Puzzle"},{"floor":25,"key":"Damaru"},{"floor":26,"key":"StrikeDummy"},{"floor":29,"key":"Boot"},{"floor":31,"key":"Regal Pillow"}],"event_choices":[{"damage_healed":0,"gold_gain":0,"player_choice":"Take Damage","damage_taken":18,"relics_obtained":["Golden Idol"],"max_hp_gain":0,"max_hp_loss":0,"event_name":"Golden Idol","floor":3,"gold_loss":0},{"damage_healed":19,"gold_gain":0,"player_choice":"Full Heal","damage_taken":0,"max_hp_gain":0,"max_hp_loss":0,"event_name":"Wheel of Change","floor":4,"gold_loss":0},{"damage_healed":18,"gold_gain":0,"player_choice":"Healed","damage_taken":0,"max_hp_gain":0,"max_hp_loss":0,"event_name":"The Cleric","floor":11,"gold_loss":35},{"cards_removed":["Devotion"],"damage_healed":22,"gold_gain":0,"player_choice":"Offered Rare","damage_taken":0,"max_hp_gain":10,"max_hp_loss":0,"event_name":"Bonfire Elementals","floor":19,"gold_loss":0},{"damage_healed":0,"gold_gain":0,"player_choice":"Memory 3","damage_taken":10,"max_hp_gain":0,"max_hp_loss":0,"event_name":"SensoryStone","floor":37,"gold_loss":0},{"damage_healed":0,"gold_gain":0,"player_choice":"Embrace Madness","damage_taken":10,"max_hp_gain":0,"max_hp_loss":0,"event_name":"Winding Halls","floor":38,"gold_loss":0,"cards_obtained":["Madness","Madness"]}],"is_beta":false,"boss_relics":[{"not_picked":["Tiny House","Ectoplasm"],"picked":"Cursed Key"},{"not_picked":["Empty Cage","Runic Pyramid"],"picked":"Philosopher\u0027s Stone"}],"items_purged_floors":[27,36],"is_endless":false,"potions_floor_spawned":[5,6,12,14,16,20,21,29,33,35,39],"killed_by":"Reptomancer","ascension_level":2}}