{"host":"ie50qk0ts9eskyyo","time":1614030864,"event":{"mods":["BaseMod","BetterRewards","Colored Map","Curses Come First","Downfall","Highlight Path","Hubris","Infinite Spire","Minty Spire (QoL Compilation)","Quick Restart","Reliquary","Replay The Spire","Shop Mod","StSLib","SuperFastMode","The Jungle"],"gold_per_floor":[113,127,141,141,66,66,86,117,117,142,154,154,17,44,44,147,147,163,163,38,57,57,85,85,103,181,191,224,243,262,276,276,379,379,394,394,444,444,459,487,487,487,512,527,563,513,525,330,330,330],"floor_reached":51,"language":"ENG","playtime":2516,"items_purged":["Amnesia","Strike_R","Strike_R","Strike_R","Languid","Spreading Infection","Defend_R+1"],"score":832,"play_id":"9c70502e-fa41-4ec6-a52b-e60570aaacd7","local_time":"20210222165424","is_ascension_mode":false,"campfire_choices":[{"data":"Seeing Red","floor":6.0,"key":"SMITH"},{"data":"Bash","floor":12.0,"key":"SMITH"},{"data":"Defend_R","floor":15.0,"key":"SMITH"},{"data":"Barricade","floor":24.0,"key":"SMITH"},{"data":"Life Link","floor":32,"key":"SMITH"},{"data":"Inflame","floor":41,"key":"SMITH"},{"floor":49,"key":"REST"}],"circlet_count":0,"master_deck":["Whirlwind+1","Seeing Red+1","Body Slam+1","True Grit+1","Shrug It Off+1","Barricade+1","Inflame+1","Thunderclap+1","infinitespire:OneForAll+1","Life Link+1","Inflame+1","Hemogenesis+1","Life Link+1","infinitespire:Fortify+1","Shrug It Off+1","Rampage+1"],"relics":["Burning Blood","Pondfish Scales","Lee\u0027s Waffle","infinitespire:CursedDice","hubris:Backtick","Molten Egg 2","ReplayTheSpireMod:Ring of Challenge","Mirror","Toxic Egg 2","Paper Frog","hubris:SlimyHat","infinitespire:Burning Sword","Black Blood","infinitespire:Lychee Nut","hubris:64BitClover","infinitespire:BottledMercury","Pen Nib","Kintsugi","Bag of Marbles","Du-Vu Doll","Tiny House","CeramicFish","reliquary:ExpiredCoupon","Smiling Mask","Replay:Baseball"],"acts_visited":["Exordium","TheCity","TheBeyond"],"potions_floor_usage":[30],"damage_taken":[{"damage":6.0,"enemies":"Cultist","floor":1.0,"turns":3.0},{"damage":0.0,"enemies":"2 Louse","floor":2.0,"turns":1.0},{"damage":0.0,"enemies":"Small Slimes","floor":3.0,"turns":1.0},{"damage":0.0,"enemies":"Exordium Thugs","floor":7.0,"turns":3.0},{"damage":28.0,"enemies":"Gremlin Nob","floor":8.0,"turns":4.0},{"damage":22.0,"enemies":"3 Sentries","floor":10.0,"turns":4.0},{"damage":0.0,"enemies":"Large Slime","floor":11.0,"turns":2.0},{"damage":37.0,"enemies":"Fading Forest","floor":16.0,"turns":11.0},{"damage":2.0,"enemies":"Spheric Guardian","floor":18.0,"turns":3.0},{"damage":3.0,"enemies":"2 Thieves","floor":21.0,"turns":3.0},{"damage":45.0,"enemies":"Book of Stabbing","floor":23.0,"turns":4.0},{"damage":0.0,"enemies":"3 Cultists","floor":25.0,"turns":3.0},{"damage":0.0,"enemies":"Cultist and Chosen","floor":27.0,"turns":3.0},{"damage":58.0,"enemies":"Nightmare","floor":28.0,"turns":8.0},{"damage":8.0,"enemies":"Chosen and Byrds","floor":29.0,"turns":5.0},{"damage":16,"enemies":"Shelled Parasite and Fungi","floor":30,"turns":4},{"damage":11,"enemies":"Cultist and Chosen","floor":31,"turns":4},{"damage":68,"enemies":"Automaton","floor":33,"turns":8},{"damage":15,"enemies":"3 Shapes","floor":35,"turns":2},{"damage":0,"enemies":"Orb Walker","floor":39,"turns":2},{"damage":34,"enemies":"Giant Head","floor":40,"turns":7},{"damage":3,"enemies":"Sphere and 2 Shapes","floor":44,"turns":3},{"damage":30,"enemies":"R_Hoarder","floor":45,"turns":6},{"damage":6,"enemies":"4 Shapes","floor":47,"turns":1},{"damage":19,"enemies":"infinitespire:MassOfShapes","floor":50,"turns":10}],"seed_played":"-4143701031430893301","potions_obtained":[{"floor":1.0,"key":"Ancient Potion"},{"floor":7.0,"key":"Fruit Juice"},{"floor":8.0,"key":"SmokeBomb"},{"floor":16.0,"key":"Adrenaline Potion"},{"floor":23.0,"key":"Guardian:BlockOnCardUsePotion"},{"floor":30,"key":"SpeedPotion"},{"floor":47,"key":"Reflective Coating"}],"is_trial":false,"path_per_floor":["M","M","M","?","$","R","M","E","T","E","M","R","$","T","R","B",null,"M","?","$","M","AVR","E","R","M","T","M","NM","M","M","M","R","B",null,"M","?","AVR","?","M","E","R","?","T","M","E","$","M","$","R","B",null],"character_chosen":"IRONCLAD","items_purchased":["Pondfish Scales","Lee\u0027s Waffle","Shrug It Off+1","Replay:Baseball"],"campfire_rested":1,"item_purchase_floors":[0,0,13,48],"current_hp_per_floor":[79,85,87,87,87,87,87,65,65,54,60,60,60,60,60,29,92,92,92,92,92,69,45,45,68,68,69,30,46,54,67,67,20,69,69,66,71,71,71,61,61,61,61,71,71,71,71,71,71,71],"gold":330,"neow_bonus":"","is_daily":false,"chose_seed":false,"campfire_upgraded":6,"win_rate":0.0,"timestamp":1614030864,"path_taken":["M","M","?","?","$","R","M","E","T","E","M","R","$","?","R","BOSS","M","?","$","M","AVR","E","R","M","T","M","NM","M","M","M","R","BOSS","M","?","AVR","?","M","E","R","?","T","M","E","$","M","$","R","BOSS"],"items_purchased_type":["Relic","Relic","Card","Relic"],"build_version":"2020-12-22","purchased_purges":7,"victory":true,"max_hp_per_floor":[87,87,87,87,87,87,87,87,87,92,92,92,92,92,92,92,92,92,92,92,92,69,69,69,69,69,69,69,69,69,69,69,69,69,69,66,71,71,71,71,71,71,71,71,71,71,71,71,71,71],"card_choices":[{"not_picked":["Clothesline+1","Headbutt+1"],"picked":"Whirlwind+1","floor":1.0},{"not_picked":["ReplayTheSpireMod:Strike From Hell+1","Thunderclap+1"],"picked":"Seeing Red","floor":2.0},{"not_picked":["Pommel Strike+1","Rage","Iron Wave+1"],"picked":"SKIP","floor":3.0},{"not_picked":["Run Through+1","Wild Strike+1","Thunderclap+1"],"picked":"SKIP","floor":7.0},{"not_picked":["hubris:ReadiedAction","Impervious"],"picked":"Body Slam+1","floor":8.0},{"not_picked":["Searing Blow+1","Pommel Strike+1","Anger+1"],"picked":"SKIP","floor":10.0},{"not_picked":["Anger+1","Clash+1"],"picked":"True Grit+1","floor":11.0},{"not_picked":["Fiend Fire+1","Brutality"],"picked":"Barricade","floor":16.0},{"not_picked":["Sentinel+1","Run Through+1"],"picked":"Inflame","floor":18.0},{"not_picked":["Warcry+1","Massacre+1","Searing Blow+1"],"picked":"SKIP","floor":21.0},{"not_picked":["Pommel Strike+1","hubris:ReadiedAction+1"],"picked":"Thunderclap+1","floor":23.0},{"not_picked":["Cleave+1","Rage+1","Replay:Many Hands+1"],"picked":"SKIP","floor":25.0},{"not_picked":["Shrug It Off+1","Clothesline+1"],"picked":"ReplayTheSpireMod:Corrosion Curse+1","floor":27.0},{"not_picked":["Dark Embrace","Anger+1"],"picked":"infinitespire:OneForAll+1","floor":28.0},{"not_picked":["Anger+1","Warcry+1","Run Through+1"],"picked":"SKIP","floor":29.0},{"not_picked":["Pommel Strike+1","Iron Wave+1"],"picked":"Life Link","floor":30},{"not_picked":["Wild Strike+1","Flex+1"],"picked":"Inflame","floor":31},{"not_picked":["Berserk","Exhume+1"],"picked":"Hemogenesis+1","floor":33},{"not_picked":["Clothesline+1","Searing Blow+1"],"picked":"Life Link+1","floor":35},{"not_picked":["Warcry+1","Havoc+1"],"picked":"Shrug It Off+1","floor":39},{"not_picked":["Pommel Strike+1","Carnage+1","Warcry+1"],"picked":"SKIP","floor":40},{"not_picked":["Replay:Undeath\u0027s Touch+1","Dual Wield+1","Headbutt+1"],"picked":"SKIP","floor":44},{"not_picked":["Searing Blow+1","Bludgeon+1"],"picked":"Rampage+1","floor":45},{"not_picked":["Perfected Strike+1","Twin Strike+1","Iron Wave+1"],"picked":"SKIP","floor":47}],"player_experience":120103,"relics_obtained":[{"floor":4.0,"key":"ReplayTheSpireMod:Ring of Challenge"},{"floor":8.0,"key":"Mirror"},{"floor":9.0,"key":"Toxic Egg 2"},{"floor":10.0,"key":"Paper Frog"},{"floor":14.0,"key":"hubris:SlimyHat"},{"floor":23.0,"key":"hubris:64BitClover"},{"floor":26.0,"key":"infinitespire:BottledMercury"},{"floor":28.0,"key":"Pen Nib"},{"floor":35,"key":"Bag of Marbles"},{"floor":40,"key":"CeramicFish"},{"floor":43,"key":"reliquary:ExpiredCoupon"},{"floor":45,"key":"Smiling Mask"}],"event_choices":[{"damage_healed":0.0,"max_hp_gain":0.0,"max_hp_loss":0.0,"gold_gain":0.0,"event_name":"NoteForYourself","player_choice":"Ignored","floor":19.0,"gold_loss":0.0,"damage_taken":0.0},{"damage_healed":0,"gold_gain":0,"player_choice":"Max HP","damage_taken":0,"max_hp_gain":0,"max_hp_loss":3,"event_name":"Winding Halls","floor":36,"gold_loss":0},{"cards_removed":["Bash"],"damage_healed":0,"gold_gain":0,"player_choice":"Removed Attack","damage_taken":0,"max_hp_gain":0,"max_hp_loss":0,"event_name":"Falling","floor":38,"gold_loss":0},{"damage_healed":0,"gold_gain":0,"player_choice":"Ignored","damage_taken":0,"max_hp_gain":0,"max_hp_loss":0,"event_name":"SecretPortal","floor":42,"gold_loss":0}],"is_beta":false,"boss_relics":[{"not_picked":["hubris:ScarierMask","Honey Jar"],"picked":"infinitespire:Burning Sword"},{"not_picked":["Fusion Hammer","Empty Cage"],"picked":"Kintsugi"}],"items_purged_floors":[5,13,20,22,37,46,48],"is_endless":false,"potions_floor_spawned":[1,7,8,16,21,23,25,29,30,31,40,45,47],"ascension_level":0}}