{"host":"8jwrv7sn1174lfer","time":1614005437,"event":{"mods":["BaseMod","Colored Map","Colored Powertips","Highlight Path","Minty Spire (QoL Compilation)","StSLib"],"gold_per_floor":[18,18,37,53,65,100,100,134,134,134,134],"floor_reached":10,"language":"ENG","playtime":593,"items_purged":[],"score":109,"play_id":"b76cded9-aa6c-4ff9-bc2d-3a239aefea4c","local_time":"20210222095037","is_ascension_mode":true,"campfire_choices":[{"data":"Crippling Poison","floor":7,"key":"SMITH"}],"circlet_count":0,"master_deck":["Strike_G","Strike_G","Strike_G","Strike_G","Defend_G","Defend_G","Defend_G","Survivor","Neutralize","Crippling Poison+1","Endless Agony","Flying Knee","Well Laid Plans","Burst","Dash"],"relics":["Ring of the Snake","Snake Skull","Dream Catcher","Bottled Lightning"],"acts_visited":["Exordium"],"potions_floor_usage":[5,6,8],"damage_taken":[{"damage":3,"enemies":"2 Louse","floor":1,"turns":2},{"damage":1,"enemies":"Jaw Worm","floor":3,"turns":3},{"damage":0,"enemies":"Small Slimes","floor":4,"turns":2},{"damage":0,"enemies":"2 Fungi Beasts","floor":5,"turns":2},{"damage":25,"enemies":"3 Sentries","floor":6,"turns":9},{"damage":18,"enemies":"Lagavulin","floor":8,"turns":9},{"damage":20,"enemies":"3 Sentries","floor":10,"turns":2}],"seed_played":"-1487661967262053691","potions_obtained":[{"floor":1,"key":"SkillPotion"},{"floor":4,"key":"BlessingOfTheForge"},{"floor":5,"key":"GhostInAJar"}],"is_trial":false,"path_per_floor":["M","?","M","M","M","E","R","E","T","E"],"character_chosen":"THE_SILENT","items_purchased":[],"campfire_rested":0,"item_purchase_floors":[],"current_hp_per_floor":[60,60,59,59,59,34,34,16,16,0,0],"gold":134,"neow_bonus":"TRANSFORM_TWO_CARDS","is_daily":false,"chose_seed":false,"campfire_upgraded":1,"win_rate":0.0,"timestamp":1614005437,"path_taken":["M","?","M","M","M","E","R","E","T","E"],"items_purchased_type":[],"build_version":"2020-12-22","purchased_purges":0,"victory":false,"max_hp_per_floor":[70,70,70,70,70,70,70,70,70,70,70],"card_choices":[{"not_picked":["Acrobatics","Outmaneuver","Blade Dance"],"picked":"SKIP","floor":1},{"not_picked":["Crippling Poison","Cloak And Dagger"],"picked":"Well Laid Plans","floor":3},{"not_picked":["Quick Slash","Prepared","Bane"],"picked":"SKIP","floor":4},{"not_picked":["Setup","Sucker Punch","Slice"],"picked":"SKIP","floor":5},{"not_picked":["Slice","Flying Knee"],"picked":"Burst","floor":6},{"not_picked":["Leg Sweep","Predator"],"picked":"Dash","floor":8}],"player_experience":663411,"relics_obtained":[{"floor":6,"key":"Snake Skull"},{"floor":8,"key":"Dream Catcher"},{"floor":9,"key":"Bottled Lightning"}],"event_choices":[{"damage_healed":0,"gold_gain":0,"cards_transformed":["Strike_G"],"player_choice":"Change","damage_taken":0,"max_hp_gain":0,"max_hp_loss":0,"event_name":"Living Wall","floor":2,"gold_loss":0,"cards_obtained":["Flying Knee"]}],"is_beta":false,"boss_relics":[],"items_purged_floors":[],"is_endless":false,"potions_floor_spawned":[1,4,5],"killed_by":"3 Sentries","ascension_level":8}}