{"host":"3n5xmnb54n2y5mb4","time":1614001331,"event":{"mods":["BaseMod","Colored Map","Colored Powertips","Minty Spire (QoL Compilation)","Permanent Neow","StSLib","Unceasing Turn Reminder","everything is the same but u backflip on backflip"],"gold_per_floor":[119,136,59,79,154,154,181,181,181,192,223,223,188,199,199,297,297,312,227,227,7,7,7],"floor_reached":22,"language":"ENG","playtime":646,"items_purged":[],"score":307,"play_id":"02993cf7-3ec9-41ff-82d5-5db2518b7858","local_time":"20210222084211","is_ascension_mode":true,"campfire_choices":[{"data":"True Grit","floor":6,"key":"SMITH"},{"floor":8,"key":"REST"},{"data":"Pommel Strike","floor":12,"key":"SMITH"},{"data":"Fire Breathing","floor":15,"key":"SMITH"}],"circlet_count":0,"master_deck":["AscendersBane","Strike_R","Strike_R","Defend_R","Defend_R","Defend_R","Defend_R","Bash","Fiend Fire","Rampage","Fire Breathing+1","True Grit+1","Pommel Strike+1","Reaper","Evolve","Evolve","Offering","Dual Wield+1","Clash+1","Bloodletting+1","Burning Pact+1","Rampage","Sentinel"],"relics":["Burning Blood","Smiling Mask","Shuriken","Strawberry","Astrolabe","Singing Bowl"],"acts_visited":["Exordium","TheCity"],"potions_floor_usage":[7,16,22],"damage_taken":[{"damage":1,"enemies":"Cultist","floor":1,"turns":4},{"damage":4,"enemies":"2 Louse","floor":2,"turns":3},{"damage":7,"enemies":"Small Slimes","floor":4,"turns":2},{"damage":32,"enemies":"Gremlin Nob","floor":7,"turns":4},{"damage":3,"enemies":"3 Louse","floor":10,"turns":4},{"damage":26,"enemies":"3 Sentries","floor":11,"turns":5},{"damage":18,"enemies":"Large Slime","floor":14,"turns":6},{"damage":71,"enemies":"The Guardian","floor":16,"turns":13},{"damage":49,"enemies":"2 Thieves","floor":18,"turns":4},{"damage":41,"enemies":"Shell Parasite","floor":22,"turns":3}],"seed_played":"6690490250669028161","potions_obtained":[{"floor":1,"key":"ElixirPotion"},{"floor":4,"key":"AttackPotion"},{"floor":7,"key":"Swift Potion"},{"floor":14,"key":"DistilledChaos"},{"floor":16,"key":"Ancient Potion"}],"is_trial":false,"path_per_floor":["M","M","$","M","?","R","E","R","T","M","E","R","?","M","R","B",null,"M","?","?","$","M"],"character_chosen":"IRONCLAD","items_purchased":["Fire Breathing","Rampage","Sentinel","Fruit Juice"],"campfire_rested":1,"item_purchase_floors":[3,21,21,21],"current_hp_per_floor":[77,79,79,78,67,67,41,65,65,68,59,59,80,74,74,9,68,35,35,35,35,0,0],"gold":7,"neow_bonus":"ONE_RANDOM_RARE_CARD","is_daily":false,"chose_seed":false,"campfire_upgraded":3,"win_rate":0.0,"timestamp":1614001331,"path_taken":["M","M","?","M","?","R","E","R","T","M","E","R","?","M","R","BOSS","M","?","?","$","M"],"items_purchased_type":["Card","Card","Card","Potion"],"build_version":"2020-12-22","purchased_purges":0,"victory":false,"max_hp_per_floor":[80,80,80,80,80,80,80,80,80,80,87,87,87,87,87,87,87,87,87,87,87,92,92],"card_choices":[{"not_picked":["Anger","Iron Wave"],"picked":"Rampage","floor":1},{"not_picked":["Iron Wave","Thunderclap","Heavy Blade"],"picked":"SKIP","floor":2},{"not_picked":["Intimidate","Heavy Blade"],"picked":"True Grit","floor":4},{"not_picked":["Heavy Blade","Clothesline"],"picked":"Pommel Strike","floor":7},{"not_picked":["Metallicize","Combust"],"picked":"Reaper","floor":10},{"not_picked":["Dropkick","Iron Wave"],"picked":"Evolve","floor":11},{"not_picked":["Burning Pact","Anger"],"picked":"Evolve","floor":14},{"not_picked":["Berserk","Feed"],"picked":"Offering","floor":16},{"not_picked":["Twin Strike","Body Slam"],"picked":"Burning Pact+1","floor":18}],"player_experience":994662,"relics_obtained":[{"floor":7,"key":"Smiling Mask"},{"floor":9,"key":"Shuriken"},{"floor":11,"key":"Strawberry"}],"event_choices":[{"damage_healed":0,"gold_gain":75,"player_choice":"Gather Gold","damage_taken":11,"max_hp_gain":0,"max_hp_loss":0,"event_name":"World of Goop","floor":5,"gold_loss":0},{"damage_healed":21,"gold_gain":0,"player_choice":"Healed","damage_taken":0,"max_hp_gain":0,"max_hp_loss":0,"event_name":"The Cleric","floor":13,"gold_loss":35},{"damage_healed":0,"gold_gain":0,"player_choice":"Obtained Relic","damage_taken":0,"relics_obtained":["Singing Bowl"],"max_hp_gain":0,"max_hp_loss":0,"event_name":"Addict","floor":19,"gold_loss":85},{"damage_healed":0,"gold_gain":0,"player_choice":"Ignored","damage_taken":0,"max_hp_gain":0,"max_hp_loss":0,"event_name":"Beggar","floor":20,"gold_loss":0}],"is_beta":false,"boss_relics":[{"not_picked":["Black Star","Busted Crown"],"picked":"Astrolabe"}],"items_purged_floors":[],"is_endless":false,"potions_floor_spawned":[1,4,7,14,16],"killed_by":"Shell Parasite","ascension_level":12}}