{"host":"c44ey07ufggfw2m8","time":1614037543,"event":{"mods":["2.2 Compatiblity","BaseMod","Colored Map","DeckTracker","Hermit","Highlight Path","Keyboard Shortcuts","Minty Spire (QoL Compilation)","Permanent Neow","Quick Restart","Replay The Spire","StSLib","SuperFastMode","The Cursed","UnlockEverythingMod"],"gold_per_floor":[116,116,41,61,75,75,87,107,107,117,117,130,60,77,77,77,77],"floor_reached":16,"language":"KOR","playtime":566,"items_purged":["Pain"],"score":96,"play_id":"ed45b075-70bb-47a5-b9aa-ad28fdf4e63d","local_time":"20210223084543","is_ascension_mode":false,"campfire_choices":[{"data":"Zap","floor":6,"key":"SMITH"},{"data":"ReplayTheSpireMod:Calculation Training","floor":11,"key":"SMITH"},{"floor":15,"key":"REST"}],"circlet_count":0,"master_deck":["Strike_B","Strike_B","Strike_B","Defend_B","Defend_B","Defend_B","Zap+1","Dualcast","Leap","ReplayTheSpireMod:Calculation Training+1","Gash","Coolheaded","Loop","ReplayTheSpireMod:Reroute Power","Glacier","Creative AI","Hologram"],"relics":["Cracked Core","WarpedTongs","HornCleat"],"acts_visited":["Exordium"],"potions_floor_usage":[16],"damage_taken":[{"damage":7,"enemies":"Small Slimes","floor":1,"turns":3},{"damage":0,"enemies":"Cultist","floor":4,"turns":4},{"damage":7,"enemies":"2 Louse","floor":5,"turns":2},{"damage":0,"enemies":"2 Fungi Beasts","floor":7,"turns":3},{"damage":11,"enemies":"Exordium Wildlife","floor":8,"turns":3},{"damage":10,"enemies":"Large Slime","floor":10,"turns":6},{"damage":0,"enemies":"Looter","floor":12,"turns":3},{"damage":0,"enemies":"3 Louse","floor":14,"turns":3},{"damage":37,"enemies":"Slime Boss","floor":16,"turns":14}],"seed_played":"-3196838071945551978","potions_obtained":[{"floor":1,"key":"SneckoOil"},{"floor":7,"key":"Weak Potion"},{"floor":14,"key":"Languid Potion"}],"is_trial":false,"path_per_floor":["M","?","$","M","M","R","M","M","T","M","R","M","$","M","R","B"],"character_chosen":"DEFECT","items_purchased":["Creative AI"],"campfire_rested":1,"item_purchase_floors":[13],"current_hp_per_floor":[47,47,47,47,40,40,40,29,29,19,19,19,19,19,41,4,4],"gold":77,"neow_bonus":"REMOVE_TWO","is_daily":false,"chose_seed":false,"campfire_upgraded":2,"win_rate":0.0,"timestamp":1614037543,"path_taken":["M","?","$","M","M","R","M","M","T","?","R","M","?","M","R","BOSS"],"items_purchased_type":["Card"],"build_version":"2020-12-22","purchased_purges":1,"victory":false,"max_hp_per_floor":[75,75,75,75,75,75,75,75,75,75,75,75,75,75,75,75,75],"card_choices":[{"not_picked":["ReplaySort","Heatsinks"],"picked":"Leap","floor":1},{"not_picked":["Leap","Beam Cell"],"picked":"ReplayTheSpireMod:Calculation Training","floor":4},{"not_picked":["BasicCrystalCard","Reinforced Body"],"picked":"Gash","floor":5},{"not_picked":["ReplaySolidLightProjector","Conserve Battery"],"picked":"Coolheaded","floor":7},{"not_picked":["Stack","Leap"],"picked":"Loop","floor":8},{"not_picked":["Fusion","Rip and Tear"],"picked":"ReplayTheSpireMod:Reroute Power","floor":10},{"not_picked":["Cold Snap","BasicCrystalCard"],"picked":"Glacier","floor":12},{"not_picked":["Stack","Leap"],"picked":"Hologram","floor":14}],"player_experience":139317,"relics_obtained":[{"floor":9,"key":"HornCleat"}],"event_choices":[{"damage_healed":0,"gold_gain":0,"player_choice":"Rummage","damage_taken":0,"relics_obtained":["WarpedTongs"],"max_hp_gain":0,"max_hp_loss":0,"event_name":"Accursed Blacksmith","floor":2,"gold_loss":0,"cards_obtained":["Pain"]}],"is_beta":false,"boss_relics":[],"items_purged_floors":[3],"is_endless":false,"potions_floor_spawned":[1,7,14],"killed_by":"Slime Boss","ascension_level":0}}