{"host":"gm50ke85n5jz306u","time":1614029987,"event":{"mods":["AchievementEnabler","AlwaysNeverKeys","Aspiration","BaseMod","Bestiary","Better Altar","Better Match","Better Note","Better Sensory Stone","Better Skull","Better Third Choice","Better Vampires","Better-Laid Plans","BetterRewards","Colored Powertips","Curses Come First","DNKmod","Defuse TimeMaze Blight","Disable Question Mark Monsters","Displayed Cursed Tome","Downfall","Emptier Cage","Extra Virgin Snecko Oil","Filter the Spire","Friendly Minions","Gremlin Skip","Hermit","Hubris","Hyrulean Relics","Ironclad Rager","Jorbs\u0027s Wanderer Trilogy","Koishi","Lobotomy","Marisa????????","Marked Mod","Minty Spire (QoL Compilation)","Permanent Neow","Poor People Problems","Quick Restart","Reimu??????","Relic Filter Mod","Relic Sorter","Remilia??????","Remove Card Discount Mod","Reorder Act Four","Replay The Spire","Shop Mod","StSLib","Synergy Search","Td1madao Mod","The Administrix","The Animator","The Blue Laboratory","The Bug Knight","The Construct","The Cursed","The Disciple","The Hierophant","The Necromancer","The Poker Player","The Runesmith","The Senshi","The Servant 0.9.4","Thieving Mod","Transform Curses","WarShipGirlsR/????R mod","Youmu??????"],"gold_per_floor":[10015,10029,10029,10048,9318,9318,9332,9359,9359,9359,8743,8743,8743,8755,8755,8853,8853,8871,8889,8900,8917,8202,8202,8215,7519,7596,7596,7596,7596,7596,7612,7612,7716,7716,7727,7747,7842,7842,7842],"floor_reached":38,"language":"ENG","playtime":4392,"items_purged":["Runesmith:CraftFirestone","Runesmith:Strike_RS","Runesmith:CraftSpiculum","Runesmith:MetallurgicalResearch","Runesmith:Strike_RS","Runesmith:CraftVitae","Runesmith:HeatExchange","Runesmith:Strike_RS","Runesmith:Defend_RS"],"score":376,"play_id":"ae0ed770-077c-45c6-9477-21ca7af73398","local_time":"20210222223947","is_ascension_mode":false,"campfire_choices":[{"data":"Runesmith:Firestorm","floor":6.0,"key":"SMITH"},{"data":"Runesmith:Fortify","floor":12.0,"key":"SMITH"},{"data":"Runesmith:HammerThrow","floor":15.0,"key":"SMITH"},{"data":"Runesmith:LithiumIon","floor":23.0,"key":"SMITH"},{"data":"Runesmith:PerfectChisel","floor":27.0,"key":"SMITH"},{"data":"Runesmith:PoweredAnvil","floor":29.0,"key":"SMITH"}],"circlet_count":0,"master_deck":["Runesmith:Strike_RS+1","Runesmith:Defend_RS","Runesmith:Defend_RS","Runesmith:Defend_RS","Runesmith:Fortify+1","Runesmith:Firestorm+1","Runesmith:CraftMagma+1","Runesmith:HeatExchange+1","Runesmith:HeatExchange+1","Runesmith:HammerThrow+1","Runesmith:LithiumIon+1","Runesmith:MetallurgicalResearch+1","Runesmith:PerfectChisel+1","Runesmith:EarthShield+1","Runesmith:PoweredAnvil+1","Runesmith:LithiumIon+1","Runesmith:DuctTape","Runesmith:CraftMagma+1","Runesmith:GoWithTheFlow","Runesmith:HeatedChisel","Runesmith:HammerThrow+1"],"relics":["Runesmith:BrokenRuby","Snack Pack","InkBottle","MerchantsRug","Pondfish Scales","aspiration:HummingbirdHeart","Strawberry","Blood Vial","theSenshi:FeatherClipsRelic","Medical Kit","aspiration:RitualDagger","Toxic Egg 2","ClockworkSouvenir","ReplayTheSpireMod:Shallot","ReplayTheSpireMod:TigerMarble","Nloth\u0027s Gift"],"acts_visited":["Exordium","TheCity","TheBeyond"],"potions_floor_usage":[],"damage_taken":[{"damage":0.0,"enemies":"2 Louse","floor":1.0,"turns":3.0},{"damage":5.0,"enemies":"Jaw Worm","floor":2.0,"turns":5.0},{"damage":2.0,"enemies":"Cultist","floor":4.0,"turns":5.0},{"damage":2.0,"enemies":"Blue Slaver","floor":7.0,"turns":5.0},{"damage":10.0,"enemies":"3 Sentries","floor":8.0,"turns":6.0},{"damage":1.0,"enemies":"Large Slime","floor":14.0,"turns":4.0},{"damage":31.0,"enemies":"Fading Forest","floor":16.0,"turns":11.0},{"damage":15.0,"enemies":"2 Thieves","floor":18.0,"turns":4.0},{"damage":31.0,"enemies":"Chosen","floor":19.0,"turns":5.0},{"damage":22.0,"enemies":"Snecko","floor":20.0,"turns":5.0},{"damage":28.0,"enemies":"3 Cultists","floor":21.0,"turns":4.0},{"damage":40.0,"enemies":"Shelled Parasite and Fungi","floor":24.0,"turns":7.0},{"damage":21.0,"enemies":"Centurion and Healer","floor":31.0,"turns":5.0},{"damage":31.0,"enemies":"Collector","floor":33.0,"turns":7.0},{"damage":51.0,"enemies":"3 Shapes","floor":35.0,"turns":5.0},{"damage":17.0,"enemies":"3 Darklings","floor":36.0,"turns":4.0},{"damage":46,"enemies":"Spire Growth","floor":38,"turns":5}],"seed_played":"6310192524586027147","potions_obtained":[{"floor":1.0,"key":"EssenceOfSteel"},{"floor":20.0,"key":"LifebloodPotion"},{"floor":33.0,"key":"Guardian:BlockOnCardUsePotion"},{"floor":36.0,"key":"PowerPotion"}],"is_trial":false,"path_per_floor":["M","M","?","M","$","R","M","E","T","?","$","R","?","M","R","B",null,"M","M","M","M","$","R","M","$","T","R","?","R","?","M","R","B",null,"M","M","?","M"],"character_chosen":"RUNESMITH_CLASS","items_purchased":["Blood Vial","theSenshi:FeatherClipsRelic","Medical Kit","MerchantsRug","Runesmith:HeatExchange","Pondfish Scales","aspiration:HummingbirdHeart","Runesmith:CraftSpiculum","Toxic Egg 2","Runesmith:MetallurgicalResearch+1","Whetstone","Energy Potion","Fruit Juice","ClockworkSouvenir","ReplayTheSpireMod:Shallot","ReplayTheSpireMod:TigerMarble","Runesmith:EarthShield+1","Runesmith:PoweredAnvil","Runesmith:HeatExchange"],"campfire_rested":0,"item_purchase_floors":[5,5,5,5,5,11,11,11,22,22,22,22,22,25,25,25,25,25,25],"current_hp_per_floor":[70,65,54,52,52,52,58,56,56,56,56,56,56,63,63,52,77,68,49,39,21,21,21,82,82,82,82,82,82,82,82,82,82,82,44,50,30,0,0],"gold":7842,"neow_bonus":"DSIX","is_daily":false,"chose_seed":false,"campfire_upgraded":6,"win_rate":0.0,"timestamp":1614029987,"path_taken":["M","M","?","M","$","R","M","E","T","?","?","R","?","M","R","BOSS","M","M","M","M","$","R","?","$","T","R","?","R","?","?","R","BOSS","M","M","?","M"],"items_purchased_type":["Relic","Relic","Relic","Relic","Card","Relic","Relic","Card","Relic","Card","Relic","Potion","Potion","Relic","Relic","Relic","Card","Card","Card"],"build_version":"2020-12-22","purchased_purges":9,"victory":false,"max_hp_per_floor":[70,70,77,77,77,77,77,77,77,77,77,77,77,77,77,77,77,77,77,77,77,77,77,82,82,82,82,82,82,82,82,82,82,82,82,82,82,82,82],"card_choices":[{"not_picked":["Runesmith:ShiftingStrike","Runesmith:EarthShield"],"picked":"Runesmith:Firestorm","floor":1.0},{"not_picked":["Runesmith:HammerTime","Runesmith:HeatedChisel"],"picked":"Runesmith:CraftMagma","floor":2.0},{"not_picked":["Runesmith:Electrocute","Runesmith:Overpower","Runesmith:Discharge"],"picked":"SKIP","floor":4.0},{"not_picked":["Runesmith:BackupBattery","Runesmith:ShiftingStrike","Runesmith:ChiselStab"],"picked":"SKIP","floor":7.0},{"not_picked":["Runesmith:ShiftingStrike","aspiration:UnbridledHammer"],"picked":"Runesmith:HeatExchange","floor":8.0},{"not_picked":["Runesmith:CraftMagma","Runesmith:Duplicate"],"picked":"Runesmith:HammerThrow","floor":14.0},{"not_picked":["Runesmith:CraftPrismatica","Runesmith:Duplicate"],"picked":"Runesmith:MetallurgicalResearch","floor":16.0},{"not_picked":["Runesmith:NanitesCloud","Runesmith:Firewall","Runesmith:Grindstone+1"],"picked":"SKIP","floor":18.0},{"not_picked":["Runesmith:CraftMagma","Runesmith:ElementalConversion+1"],"picked":"Runesmith:LithiumIon","floor":19.0},{"not_picked":["Runesmith:ChargedHammer+1","Runesmith:StaticCage"],"picked":"Runesmith:CraftVitae","floor":20.0},{"not_picked":["Runesmith:ShiftingStrike","Runesmith:MakeshiftArmor","Runesmith:CraftMagma"],"picked":"SKIP","floor":21.0},{"not_picked":["Runesmith:ChaoticBlast+1","Runesmith:HeatExchange"],"picked":"Runesmith:PerfectChisel","floor":24.0},{"not_picked":["Runesmith:BackupBattery+1","Runesmith:StaticCage+1"],"picked":"Runesmith:LithiumIon","floor":31.0},{"not_picked":["Runesmith:GenerateForcefield+1","Runesmith:Duplicate+1"],"picked":"Runesmith:DuctTape","floor":33.0},{"not_picked":["Runesmith:HammerTime","Runesmith:GenerateForcefield+1"],"picked":"Runesmith:CraftMagma+1","floor":35.0},{"not_picked":["aspiration:UnbridledHammer+1","Runesmith:Grindstone+1"],"picked":"Runesmith:GoWithTheFlow","floor":36.0},{"not_picked":["Runesmith:Overpower","Runesmith:RuneHurl+1"],"picked":"Runesmith:HeatedChisel","floor":37.0},{"not_picked":["Runesmith:Refine+1","Runesmith:Grindstone+1"],"picked":"Runesmith:HammerThrow+1","floor":37.0}],"player_experience":402408,"relics_obtained":[{"floor":8.0,"key":"Snack Pack"},{"floor":26.0,"key":"InkBottle"}],"event_choices":[{"damage_healed":0.0,"max_hp_gain":0.0,"max_hp_loss":0.0,"gold_gain":0.0,"event_name":"betterThird:BetterScrap","player_choice":"Relic ","floor":3.0,"gold_loss":0.0,"damage_taken":18.0,"cards_obtained":["Demonic Infusion"]},{"damage_healed":0.0,"max_hp_gain":0.0,"max_hp_loss":0.0,"gold_gain":0.0,"event_name":"Accursed Blacksmith","player_choice":"Forge","floor":10.0,"gold_loss":0.0,"damage_taken":0.0,"cards_upgraded":["Runesmith:CraftMagma"]},{"damage_healed":0.0,"max_hp_gain":0.0,"max_hp_loss":0.0,"gold_gain":0.0,"event_name":"Upgrade Shrine","player_choice":"Upgraded","floor":13.0,"gold_loss":0.0,"damage_taken":0.0,"cards_upgraded":["Runesmith:HeatExchange"]},{"damage_healed":0.0,"max_hp_gain":0.0,"max_hp_loss":0.0,"gold_gain":0.0,"event_name":"betterNote:BetterNote","player_choice":"Ignored","floor":28.0,"gold_loss":0.0,"damage_taken":0.0,"cards_obtained":["Dramatic Entrance"]},{"damage_healed":0.0,"max_hp_gain":0.0,"max_hp_loss":0.0,"gold_gain":0.0,"event_name":"N\u0027loth","player_choice":"Traded Relic","floor":30.0,"relics_lost":["aspiration:DSix"],"gold_loss":0.0,"damage_taken":0.0,"relics_obtained":["Nloth\u0027s Gift"]}],"is_beta":false,"boss_relics":[{"not_picked":["Runic Pyramid","SlaversCollar"],"picked":"aspiration:RitualDagger"},{"not_picked":["hubris:BlackHole","hubris:GrandSneckoEye","hubris:CrackedHourglass"]}],"items_purged_floors":[11,11,22,22,22,25,25,25,25],"is_endless":false,"potions_floor_spawned":[1,7,14,16,20,24,33,36],"killed_by":"Spire Growth","ascension_level":0}}