{"host":"dq2d9inx7yjdstkp","time":1614014563,"event":{"mods":["AchievementEnabler","BaseMod","Colored Map","DeckTracker","Minty Spire (QoL Compilation)","Permanent Neow","Quick Restart","StSLib"],"gold_per_floor":[113,127,127,127,77,77,111,111,111,186,32,32,65,79,79,210,210,223,223,237,256,156,189,114,114,114,114,127,145,145,145,157,293,305,330,362,374,409,437,449,501,267,267,292,316,329,329,329,329],"floor_reached":50,"language":"KOR","playtime":1954,"items_purged":["Strike_R","Strike_R","Strike_R"],"score":875,"play_id":"da8ed5af-d4ae-41b5-a75a-49eae6ce911f","local_time":"20210223022243","is_ascension_mode":false,"campfire_choices":[{"data":"Apotheosis","floor":6,"key":"SMITH"},{"data":"Bash","floor":8,"key":"SMITH"},{"floor":15,"key":"REST"},{"floor":27,"key":"REST"},{"floor":32,"key":"REST"},{"floor":40,"key":"REST"}],"circlet_count":0,"master_deck":["Strike_R","Defend_R","Defend_R","Bash+1","Apotheosis+1","Clash","Pummel+1","Pummel+1","Flex","Impervious","Heavy Blade+1","Warcry+1","Pommel Strike+1","Writhe","Writhe","Demon Form+1","Dropkick+1","Pain","Flex+1","Anger+1","Reaper+1","Warcry","Shame","Shrug It Off","Battle Trance","Warcry+1","Writhe"],"relics":["Burning Blood","Golden Idol","Oddly Smooth Stone","Molten Egg 2","Vajra","Darkstone Periapt","Cursed Key","Strawberry","Frozen Egg 2","Enchiridion","MawBank","Fusion Hammer","WarpedTongs","Pen Nib","Shuriken"],"acts_visited":["Exordium","TheCity","TheBeyond"],"potions_floor_usage":[33,33,38,44,49,49,49],"damage_taken":[{"damage":6,"enemies":"Cultist","floor":1,"turns":3},{"damage":0,"enemies":"Small Slimes","floor":2,"turns":3},{"damage":4,"enemies":"Lagavulin","floor":7,"turns":6},{"damage":6,"enemies":"Gremlin Nob","floor":13,"turns":3},{"damage":11,"enemies":"Jaw Worm","floor":14,"turns":2},{"damage":36,"enemies":"The Guardian","floor":16,"turns":7},{"damage":0,"enemies":"Spheric Guardian","floor":18,"turns":3},{"damage":1,"enemies":"Chosen","floor":20,"turns":3},{"damage":0,"enemies":"Snecko","floor":21,"turns":4},{"damage":18,"enemies":"Gremlin Leader","floor":23,"turns":5},{"damage":12,"enemies":"3 Cultists","floor":28,"turns":3},{"damage":12,"enemies":"Snake Plant","floor":29,"turns":3},{"damage":124,"enemies":"Automaton","floor":33,"turns":9},{"damage":4,"enemies":"Orb Walker","floor":35,"turns":2},{"damage":27,"enemies":"3 Darklings","floor":36,"turns":3},{"damage":13,"enemies":"Transient","floor":38,"turns":5},{"damage":21,"enemies":"Spire Growth","floor":39,"turns":4},{"damage":43,"enemies":"Giant Head","floor":41,"turns":7},{"damage":42,"enemies":"Sphere and 2 Shapes","floor":44,"turns":5},{"damage":13,"enemies":"Jaw Worm Horde","floor":45,"turns":5},{"damage":25,"enemies":"Transient","floor":46,"turns":5},{"damage":66,"enemies":"Donu and Deca","floor":49,"turns":4}],"seed_played":"-7493833099784639062","potions_obtained":[{"floor":1,"key":"BloodPotion"},{"floor":2,"key":"BloodPotion"},{"floor":14,"key":"DistilledChaos"},{"floor":20,"key":"BloodPotion"},{"floor":33,"key":"Strength Potion"},{"floor":35,"key":"Fire Potion"},{"floor":41,"key":"DistilledChaos"},{"floor":44,"key":"Strength Potion"}],"is_trial":false,"path_per_floor":["M","M","?","?","?","R","E","R","T","?","$","T","E","M","R","B",null,"M","?","M","M","$","E","?","?","T","R","M","M","?","?","R","B",null,"M","M","?","M","M","R","E","$","T","M","M","M","?","?","B",null],"character_chosen":"IRONCLAD","items_purchased":["Pummel+1","LiquidMemories","Warcry"],"campfire_rested":4,"item_purchase_floors":[11,42,42],"current_hp_per_floor":[72,72,72,54,54,54,56,56,56,45,45,45,45,40,61,31,72,72,72,72,72,72,67,67,67,73,85,79,73,57,63,90,8,91,91,70,76,69,54,83,46,46,52,49,54,35,67,67,41],"gold":329,"neow_bonus":"RANDOM_COLORLESS_2","is_daily":false,"chose_seed":false,"campfire_upgraded":2,"win_rate":0.0,"timestamp":1614014563,"path_taken":["M","?","?","?","?","R","E","R","T","?","$","?","E","M","R","BOSS","M","?","M","M","?","E","?","?","T","R","?","M","?","?","R","BOSS","M","M","?","M","M","R","E","$","T","M","?","M","?","?","BOSS"],"items_purchased_type":["Card","Potion","Card"],"build_version":"2020-12-22","purchased_purges":3,"victory":true,"max_hp_per_floor":[72,72,72,72,72,72,72,72,72,72,72,72,72,72,72,72,72,72,72,72,72,72,79,79,79,85,85,85,85,85,91,91,91,91,91,91,97,97,97,97,97,97,103,103,103,103,109,109,109],"card_choices":[{"not_picked":["Chrysalis","Panache"],"picked":"Apotheosis","floor":0},{"not_picked":["Sever Soul","Armaments"],"picked":"Clash","floor":1},{"not_picked":["Shrug It Off","True Grit","Thunderclap"],"picked":"SKIP","floor":2},{"not_picked":["Clothesline","Body Slam","Flex"],"picked":"SKIP","floor":7},{"not_picked":["Seeing Red","Armaments"],"picked":"Pummel+1","floor":13},{"not_picked":["Carnage+1","Blood for Blood+1"],"picked":"Flex","floor":14},{"not_picked":["Berserk","Barricade"],"picked":"Impervious","floor":16},{"not_picked":["Feel No Pain","Body Slam+1"],"picked":"Heavy Blade+1","floor":18},{"not_picked":["Twin Strike+1","Headbutt+1","Anger+1"],"picked":"SKIP","floor":20},{"not_picked":["Ghostly Armor","Flex"],"picked":"Warcry+1","floor":21},{"not_picked":["Second Wind","Perfected Strike+1"],"picked":"Pommel Strike+1","floor":23},{"not_picked":["Metallicize+1","Carnage+1","True Grit+1"],"picked":"SKIP","floor":28},{"not_picked":["True Grit","Flex","Bloodletting"],"picked":"SKIP","floor":29},{"not_picked":["Brutality+1","Impervious"],"picked":"Demon Form+1","floor":33},{"not_picked":["Perfected Strike+1","Carnage+1","Dual Wield+1"],"picked":"SKIP","floor":35},{"not_picked":["Headbutt+1","Sever Soul+1"],"picked":"Dropkick+1","floor":36},{"not_picked":["Shrug It Off","Clash+1"],"picked":"Flex+1","floor":38},{"not_picked":["Flame Barrier+1","Rupture+1"],"picked":"Anger+1","floor":39},{"not_picked":["Clothesline+1","Ghostly Armor"],"picked":"Reaper+1","floor":41},{"not_picked":["Cleave+1","Perfected Strike+1"],"picked":"Shrug It Off","floor":44},{"not_picked":["True Grit","Cleave+1"],"picked":"Battle Trance","floor":45},{"not_picked":["Flex","Dark Embrace+1"],"picked":"Warcry+1","floor":46}],"player_experience":3603,"relics_obtained":[{"floor":7,"key":"Oddly Smooth Stone"},{"floor":9,"key":"Molten Egg 2"},{"floor":12,"key":"Vajra"},{"floor":13,"key":"Darkstone Periapt"},{"floor":23,"key":"Strawberry"},{"floor":26,"key":"Frozen Egg 2"},{"floor":30,"key":"Enchiridion"},{"floor":41,"key":"Pen Nib"},{"floor":43,"key":"Shuriken"}],"event_choices":[{"cards_removed":["Defend_R"],"damage_healed":0,"gold_gain":0,"player_choice":"Forget","damage_taken":0,"max_hp_gain":0,"max_hp_loss":0,"event_name":"Living Wall","floor":3,"gold_loss":0},{"damage_healed":0,"gold_gain":0,"player_choice":"Take Damage","damage_taken":18,"relics_obtained":["Golden Idol"],"max_hp_gain":0,"max_hp_loss":0,"event_name":"Golden Idol","floor":4,"gold_loss":0},{"cards_removed":["Strike_R"],"damage_healed":0,"gold_gain":0,"player_choice":"Card Removal","damage_taken":0,"max_hp_gain":0,"max_hp_loss":0,"event_name":"The Cleric","floor":5,"gold_loss":50},{"damage_healed":0,"gold_gain":75,"player_choice":"Gather Gold","damage_taken":11,"max_hp_gain":0,"max_hp_loss":0,"event_name":"World of Goop","floor":10,"gold_loss":0},{"damage_healed":0,"gold_gain":0,"player_choice":"Ignored","damage_taken":0,"max_hp_gain":0,"max_hp_loss":0,"event_name":"N\u0027loth","floor":19,"gold_loss":0},{"cards_removed":["Defend_R"],"damage_healed":0,"gold_gain":0,"player_choice":"Gave Gold","damage_taken":0,"max_hp_gain":0,"max_hp_loss":0,"event_name":"Beggar","floor":24,"gold_loss":75},{"damage_healed":0,"gold_gain":0,"player_choice":"Ignored","damage_taken":0,"max_hp_gain":0,"max_hp_loss":0,"event_name":"Ghosts","floor":25,"gold_loss":0},{"damage_healed":0,"gold_gain":0,"player_choice":"Obtained Book","damage_taken":16,"max_hp_gain":0,"max_hp_loss":0,"event_name":"Cursed Tome","floor":30,"gold_loss":0},{"damage_healed":0,"gold_gain":0,"player_choice":"Opened","damage_taken":0,"relics_obtained":["MawBank"],"max_hp_gain":0,"max_hp_loss":0,"event_name":"The Mausoleum","floor":31,"gold_loss":0,"cards_obtained":["Writhe"]},{"damage_healed":0,"gold_gain":0,"player_choice":"Rummage","damage_taken":0,"relics_obtained":["WarpedTongs"],"max_hp_gain":0,"max_hp_loss":0,"event_name":"Accursed Blacksmith","floor":37,"gold_loss":0,"cards_obtained":["Pain"]},{"damage_healed":26,"gold_gain":0,"player_choice":"Writhe","damage_taken":0,"max_hp_gain":0,"max_hp_loss":0,"event_name":"Winding Halls","floor":47,"gold_loss":0,"cards_obtained":["Writhe"]},{"damage_healed":0,"gold_gain":0,"player_choice":"Took Portal","damage_taken":0,"max_hp_gain":0,"max_hp_loss":0,"event_name":"SecretPortal","floor":48,"gold_loss":0}],"is_beta":false,"boss_relics":[{"not_picked":["Black Star","Busted Crown"],"picked":"Cursed Key"},{"not_picked":["Snecko Eye","SlaversCollar"],"picked":"Fusion Hammer"}],"items_purged_floors":[11,22,42],"is_endless":false,"potions_floor_spawned":[1,2,14,16,20,29,33,35,41,44],"ascension_level":0}}