{"host":"gzz35fplm60aw28t","time":1614016876,"event":{"mods":["AchievementEnabler","BaseMod","Colored Powertips","DeckTracker","Minty Spire (QoL Compilation)","SuperFastMode"],"gold_per_floor":[110,123,140,35,35,35,64,64,64,64,82,111,146,156,156,261,261,272,272,289,289,306,306,331,331,331,365,14,14,41,59,59,155,155,169,169,179,179,192,192,221,248,337,349,361,386,413,457,469,481],"floor_reached":51,"language":"ENG","playtime":4532,"items_purged":["Strike_R"],"score":788,"play_id":"d9dcc0d6-9d12-47f7-bcb6-ed680f3aab62","local_time":"20210222190116","is_ascension_mode":true,"campfire_choices":[{"data":"Armaments","floor":6,"key":"SMITH"},{"data":"Flame Barrier","floor":8,"key":"SMITH"},{"data":"Bash","floor":10,"key":"SMITH"},{"data":"Headbutt","floor":15,"key":"SMITH"},{"data":"RitualDagger","floor":23,"key":"SMITH"},{"data":"Fire Breathing","floor":25,"key":"SMITH"},{"floor":32,"key":"REST"},{"data":"Shockwave","floor":40,"key":"SMITH"},{"data":"Immolate","floor":44,"key":"SMITH"},{"data":"Limit Break","floor":49,"key":"SMITH"}],"circlet_count":0,"master_deck":["Strike_R","Strike_R","Strike_R","Defend_R","Defend_R","Defend_R","Defend_R","Bash+1","Battle Trance","Headbutt+1","Flame Barrier+1","Armaments+1","Fire Breathing+1","Inflame","Limit Break+1","Disarm","Writhe","RitualDagger+1","Evolve+1","Decay","Searing Blow","Feel No Pain+1","Immolate+1","Armaments+1","Sever Soul+1","Shockwave+1","Clumsy","Writhe","Disarm+1"],"relics":["Burning Blood","NeowsBlessing","Gremlin Horn","Anchor","Odd Mushroom","Toy Ornithopter","Cursed Key","Du-Vu Doll","Smiling Mask","Frozen Egg 2","Darkstone Periapt","Oddly Smooth Stone","Bronze Scales","Omamori","Calling Bell","Tiny Chest","Letter Opener","Magic Flower","WarpedTongs","MawBank","Eternal Feather","Orichalcum","Bag of Preparation"],"acts_visited":["Exordium","TheCity","TheBeyond"],"potions_floor_usage":[33,33,48,48,50,50],"damage_taken":[{"damage":0,"enemies":"Small Slimes","floor":1,"turns":1},{"damage":0,"enemies":"Cultist","floor":2,"turns":1},{"damage":0,"enemies":"2 Louse","floor":3,"turns":1},{"damage":21,"enemies":"3 Sentries","floor":7,"turns":6},{"damage":0,"enemies":"Exordium Wildlife","floor":11,"turns":3},{"damage":2,"enemies":"The Mushroom Lair","floor":12,"turns":5},{"damage":7,"enemies":"Lagavulin","floor":13,"turns":5},{"damage":5,"enemies":"Exordium Thugs","floor":14,"turns":5},{"damage":23,"enemies":"The Guardian","floor":16,"turns":15},{"damage":5,"enemies":"Shell Parasite","floor":18,"turns":6},{"damage":7,"enemies":"2 Thieves","floor":20,"turns":4},{"damage":8,"enemies":"Shelled Parasite and Fungi","floor":22,"turns":5},{"damage":16,"enemies":"Gremlin Leader","floor":24,"turns":7},{"damage":42,"enemies":"Slavers","floor":27,"turns":6},{"damage":18,"enemies":"Gremlin Leader","floor":30,"turns":5},{"damage":4,"enemies":"Chosen and Byrds","floor":31,"turns":4},{"damage":69,"enemies":"Champ","floor":33,"turns":13},{"damage":14,"enemies":"Orb Walker","floor":35,"turns":5},{"damage":3,"enemies":"3 Darklings","floor":37,"turns":5},{"damage":12,"enemies":"Sphere and 2 Shapes","floor":39,"turns":4},{"damage":32,"enemies":"Reptomancer","floor":41,"turns":6},{"damage":20,"enemies":"Writhing Mass","floor":42,"turns":6},{"damage":30,"enemies":"Maw","floor":46,"turns":8},{"damage":30,"enemies":"Spire Growth","floor":47,"turns":6},{"damage":50,"enemies":"Giant Head","floor":48,"turns":9},{"damage":44,"enemies":"Awakened One","floor":50,"turns":11}],"seed_played":"3675772199551585606","potions_obtained":[{"floor":1,"key":"Fire Potion"},{"floor":7,"key":"Dexterity Potion"},{"floor":11,"key":"ColorlessPotion"},{"floor":14,"key":"BloodPotion"},{"floor":20,"key":"FairyPotion"},{"floor":33,"key":"HeartOfIron"},{"floor":39,"key":"Swift Potion"},{"floor":41,"key":"BloodPotion"},{"floor":48,"key":"DuplicationPotion"}],"is_trial":false,"path_per_floor":["M","M","M","$","?","R","E","R","T","R","M","?","E","M","R","B",null,"M","?","M","?","M","R","E","R","T","E","$","$","E","M","R","B",null,"M","?","M","?","M","R","E","M","T","R","T","M","M","E","R","B",null],"character_chosen":"IRONCLAD","items_purchased":["Armaments","Fire Breathing","Oddly Smooth Stone","Bronze Scales"],"campfire_rested":1,"item_purchase_floors":[4,4,28,28],"current_hp_per_floor":[80,80,80,80,80,80,65,65,65,65,71,75,74,75,75,58,80,80,80,79,73,71,71,61,61,61,25,25,25,13,15,39,30,80,75,75,80,80,77,77,54,43,49,64,70,49,28,30,45,26],"gold":493,"neow_bonus":"THREE_ENEMY_KILL","is_daily":false,"chose_seed":false,"campfire_upgraded":9,"win_rate":0.0,"timestamp":1614016876,"path_taken":["M","M","M","$","?","R","E","R","T","R","?","?","E","M","R","BOSS","M","?","M","?","M","R","E","R","T","E","?","$","E","?","R","BOSS","M","?","?","?","M","R","E","M","T","R","?","M","?","E","R","BOSS"],"items_purchased_type":["Card","Card","Relic","Relic"],"build_version":"2020-12-22","purchased_purges":1,"victory":true,"max_hp_per_floor":[80,80,80,80,80,80,80,80,80,80,80,80,80,80,80,80,80,80,80,80,80,80,80,80,80,80,80,80,80,80,80,80,80,80,80,80,80,80,80,80,80,80,86,86,92,92,92,92,92,92],"card_choices":[{"not_picked":["Heavy Blade","Havoc"],"picked":"Battle Trance","floor":1},{"not_picked":["Sword Boomerang","True Grit"],"picked":"Headbutt","floor":2},{"not_picked":["Uppercut","Shockwave"],"picked":"Flame Barrier","floor":3},{"not_picked":["Thunderclap","Flex","Clothesline"],"picked":"SKIP","floor":7},{"not_picked":["Clash","Armaments","Heavy Blade"],"picked":"SKIP","floor":11},{"not_picked":["Heavy Blade","Iron Wave"],"picked":"Inflame","floor":12},{"not_picked":["Thunderclap","Fire Breathing","Cleave"],"picked":"SKIP","floor":13},{"not_picked":["Flex","Combust","Pommel Strike"],"picked":"SKIP","floor":14},{"not_picked":["Brutality","Corruption"],"picked":"Limit Break","floor":16},{"not_picked":["Dropkick+1","Sentinel+1"],"picked":"Disarm","floor":18},{"not_picked":["Flex","Warcry","Blood for Blood"],"picked":"SKIP","floor":20},{"not_picked":["Headbutt","Body Slam","Sword Boomerang"],"picked":"SKIP","floor":22},{"not_picked":["Burning Pact+1","Pummel"],"picked":"Evolve+1","floor":24},{"not_picked":["Rupture+1","Cleave"],"picked":"Searing Blow","floor":27},{"not_picked":["Havoc","Rupture+1"],"picked":"Feel No Pain+1","floor":30},{"not_picked":["Dropkick","Reckless Charge+1","Perfected Strike+1"],"picked":"SKIP","floor":31},{"not_picked":["Brutality+1","Demon Form+1"],"picked":"Immolate","floor":33},{"not_picked":["Bloodletting+1","Evolve+1"],"picked":"Armaments+1","floor":35},{"not_picked":["Shrug It Off+1","Headbutt"],"picked":"Sever Soul+1","floor":37},{"not_picked":["Shrug It Off+1","Havoc"],"picked":"Shockwave","floor":39},{"not_picked":["Iron Wave","Wild Strike+1","Hemokinesis+1"],"picked":"SKIP","floor":41},{"not_picked":["Cleave+1","Perfected Strike","Anger"],"picked":"SKIP","floor":42},{"not_picked":["Headbutt+1","Body Slam","Havoc"],"picked":"SKIP","floor":46},{"not_picked":["Anger","Perfected Strike","Flex+1"],"picked":"SKIP","floor":47},{"not_picked":["Reaper","Sword Boomerang+1"],"picked":"Disarm+1","floor":48}],"player_experience":44076,"relics_obtained":[{"floor":7,"key":"Gremlin Horn"},{"floor":9,"key":"Anchor"},{"floor":12,"key":"Odd Mushroom"},{"floor":13,"key":"Toy Ornithopter"},{"floor":24,"key":"Smiling Mask"},{"floor":26,"key":"Frozen Egg 2"},{"floor":27,"key":"Darkstone Periapt"},{"floor":30,"key":"Omamori"},{"floor":34,"key":"Tiny Chest"},{"floor":34,"key":"Letter Opener"},{"floor":34,"key":"Magic Flower"},{"floor":41,"key":"MawBank"},{"floor":43,"key":"Eternal Feather"},{"floor":45,"key":"Orichalcum"},{"floor":48,"key":"Bag of Preparation"}],"event_choices":[{"cards_removed":["Strike_R"],"damage_healed":0,"gold_gain":0,"player_choice":"Offered Basic","damage_taken":0,"max_hp_gain":0,"max_hp_loss":0,"event_name":"Bonfire Elementals","floor":5,"gold_loss":0},{"damage_healed":0,"gold_gain":0,"player_choice":"Fought Mushrooms","damage_taken":0,"max_hp_gain":0,"max_hp_loss":0,"event_name":"Mushrooms","floor":12,"gold_loss":0},{"damage_healed":0,"gold_gain":0,"player_choice":"Opened","damage_taken":0,"relics_obtained":["Du-Vu Doll"],"max_hp_gain":0,"max_hp_loss":0,"event_name":"The Mausoleum","floor":19,"gold_loss":0,"cards_obtained":["Writhe"]},{"damage_healed":0,"gold_gain":0,"player_choice":"Joined the Cult","damage_taken":6,"max_hp_gain":0,"max_hp_loss":0,"event_name":"Nest","floor":21,"gold_loss":0,"cards_obtained":["RitualDagger"]},{"damage_healed":0,"gold_gain":0,"player_choice":"Rummage","damage_taken":0,"relics_obtained":["WarpedTongs"],"max_hp_gain":0,"max_hp_loss":0,"event_name":"Accursed Blacksmith","floor":36,"gold_loss":0,"cards_obtained":["Pain"]},{"damage_healed":0,"gold_gain":0,"player_choice":"Ignored","damage_taken":0,"max_hp_gain":0,"max_hp_loss":0,"event_name":"Tomb of Lord Red Mask","floor":38,"gold_loss":0}],"is_beta":false,"boss_relics":[{"not_picked":["Astrolabe","Coffee Dripper"],"picked":"Cursed Key"},{"not_picked":["Tiny House","Sozu"],"picked":"Calling Bell"}],"items_purged_floors":[28],"is_endless":false,"potions_floor_spawned":[1,7,11,14,20,24,30,33,39,41,42,48],"ascension_level":1}}