{"host":"8a72fthmlk1o8pdb","time":1614023151,"event":{"mods":["AchievementEnabler","Aspiration","Astrologer","Bard","BaseMod","Beaked The Cultist","Better Altar","Better Match","Better Note","Better Sensory Stone","Better Skull","Better Third Choice","ChefMod","Colored Map","Colored Powertips","Dark Map","Downfall","Friendly Minions","GifTheSpireLib","Googly Eyes","Gremlin Mod","Hermit","Hubris","JesterMod","Jorbs\u0027s Wanderer Trilogy","Marisa????????","Melee Mod","Minty Spire (QoL Compilation)","Monster B Gone","Permanent Neow","Pikachu Mod","Random Character Button","Rare Cards Sparkle","Relic Filter Mod","Relic Stats","Reliquary","Robot Space Explorer","Shade Mod","Shop Mod","Smile Girya","Somnambulant","Spire Arcade","Spire Birthday Party","StSLib","The Animator","The Blue Laboratory","The Construct","The Cursed","The Disciple","The Edgeheg","The Hayseed","The Hierophant","The Juggle","The Jungle","The Marked","The Mystic","The Necromancer","The Poker Player","The Problem Sleuth","The Runesmith","The Showman","TheBandit","TheFirefly","TheVacant","everything is the same but u backflip on backflip","thorton"],"gold_per_floor":[119,68,78,78,28,28,39,39,120,120,45,64,64,82,82,185,185,185,203,6,17,17,17,31,31,31,31,31],"floor_reached":27,"language":"ENG","playtime":872,"items_purged":["Strike_R","Strike_R"],"score":223,"play_id":"636fe1f8-5f7e-4382-9402-3c5b82af6440","local_time":"20210222114551","is_ascension_mode":true,"campfire_choices":[{"data":"Searing Blow","floor":6,"key":"SMITH"},{"data":"Searing Blow+1","floor":10,"key":"SMITH"},{"data":"Searing Blow+2","floor":13,"key":"SMITH"},{"data":"Searing Blow+3","floor":15,"key":"SMITH"},{"data":"Fire Breathing","floor":23,"key":"SMITH"},{"data":"Searing Blow+4","floor":25,"key":"SMITH"}],"circlet_count":0,"master_deck":["Strike_R","Strike_R+1","Defend_R","Defend_R+1","Defend_R","Defend_R","Bash","Searing Blow+5","Pommel Strike","True Grit","Flex","Anger","Feed","Rage","True Grit+1","Fire Breathing+1"],"relics":["Burning Blood","hubris:TenFootPole","hubris:GrandSneckoEye","hubris:SphereOfDissonance"],"acts_visited":["Exordium","TheCity"],"potions_floor_usage":[16,18,19,21],"damage_taken":[{"damage":6,"enemies":"Cultist","floor":1,"turns":3},{"damage":8,"enemies":"2 Louse","floor":3,"turns":2},{"damage":0,"enemies":"Jaw Worm","floor":7,"turns":2},{"damage":4,"enemies":"Blue Slaver","floor":12,"turns":3},{"damage":2,"enemies":"3 Louse","floor":14,"turns":3},{"damage":74,"enemies":"Hexaghost","floor":16,"turns":8},{"damage":0,"enemies":"2 Thieves","floor":18,"turns":1},{"damage":0,"enemies":"Spheric Guardian","floor":19,"turns":2},{"damage":25,"enemies":"Cultist and Chosen","floor":21,"turns":6},{"damage":19,"enemies":"Snake Plant","floor":24,"turns":4},{"damage":31,"enemies":"Gremlin Leader","floor":27,"turns":2}],"seed_played":"5097966705385551002","potions_obtained":[{"floor":4,"key":"Fire Potion"},{"floor":4,"key":"blueLaboratory:HorrorPotion"},{"floor":4,"key":"SmokeBomb"},{"floor":12,"key":"blueLaboratory:ConflagurationPotion"},{"floor":14,"key":"SteroidPotion"},{"floor":16,"key":"SmokeBomb"},{"floor":21,"key":"SpeedPotion"}],"is_trial":false,"path_per_floor":["M","$","M","?","$","R","M","T","T","R","$","M","R","M","R","B",null,"M","M","$","M","?","R","M","R","T","E"],"character_chosen":"IRONCLAD","items_purchased":["True Grit","Anger","True Grit","Fire Breathing"],"campfire_rested":0,"item_purchase_floors":[2,5,20,20],"current_hp_per_floor":[80,80,78,78,78,78,80,80,80,80,80,80,80,80,80,12,80,80,80,80,61,40,40,30,30,30,0,0],"gold":31,"neow_bonus":"TRANSFORM_CARD","is_daily":false,"chose_seed":false,"campfire_upgraded":6,"win_rate":0.0,"timestamp":1614023151,"path_taken":["M","$","M","?","?","R","M","?","T","R","?","?","R","M","R","BOSS","M","M","$","M","?","R","?","R","T","E"],"items_purchased_type":["Card","Card","Card","Card"],"build_version":"2020-12-22","purchased_purges":2,"victory":false,"max_hp_per_floor":[80,80,80,80,80,80,80,80,80,80,80,80,80,80,80,80,80,80,80,80,80,80,80,83,83,83,83,83],"relic_stats":{"counters":[11,36],"obtain_stats":[{"hubris:SphereOfDissonance":26,"hubris:TenFootPole":8,"hubris:GrandSneckoEye":17,"Burning Blood":0},{"hubris:SphereOfDissonance":10,"hubris:TenFootPole":3,"hubris:GrandSneckoEye":6,"Burning Blood":0},{"hubris:SphereOfDissonance":34,"hubris:TenFootPole":7,"hubris:GrandSneckoEye":21,"Burning Blood":0}],"Burning Blood":38},"card_choices":[{"not_picked":["Headbutt","Thunderclap"],"picked":"Pommel Strike","floor":1},{"not_picked":["Twin Strike","Sword Boomerang"],"picked":"Flex","floor":3},{"not_picked":["Pummel","Sword Boomerang","Dark Embrace"],"picked":"SKIP","floor":7},{"not_picked":["Second Wind","Perfected Strike","Metallicize"],"picked":"SKIP","floor":12},{"not_picked":["Wild Strike","Seeing Red","Armaments"],"picked":"SKIP","floor":14},{"not_picked":["Bludgeon","Berserk"],"picked":"Feed","floor":16},{"not_picked":["Bloodletting","Shrug It Off"],"picked":"Rage","floor":19},{"not_picked":["Sword Boomerang","Headbutt","Sentinel"],"picked":"SKIP","floor":21},{"not_picked":["Sword Boomerang+1","Wild Strike","Anger"],"picked":"SKIP","floor":24}],"player_experience":263156,"relics_obtained":[{"floor":8,"key":"hubris:TenFootPole"},{"floor":26,"key":"hubris:SphereOfDissonance"}],"event_choices":[{"damage_healed":0,"gold_gain":0,"player_choice":"Got Potions","damage_taken":0,"max_hp_gain":0,"max_hp_loss":0,"event_name":"Lab","floor":4,"gold_loss":0},{"damage_healed":0,"gold_gain":0,"player_choice":"UP UP UP ","damage_taken":49,"relics_obtained":[],"max_hp_gain":0,"max_hp_loss":0,"event_name":"betterSkull:BetterSkull","floor":22,"gold_loss":0,"cards_upgraded":["Strike_R","Defend_R","True Grit"]}],"is_beta":false,"boss_relics":[{"not_picked":["jesterMod:MachoBrace","aspiration:BardSkillbook"],"picked":"hubris:GrandSneckoEye"}],"items_purged_floors":[11,20],"is_endless":false,"potions_floor_spawned":[7,12,14,16,18,21],"killed_by":"Gremlin Leader","ascension_level":2}}