{"host":"aq6zgkax5kiz71xp","time":1614037615,"event":{"mods":["BaseMod","Bestiary","Minty Spire (QoL Compilation)","Quick Restart","StSLib","The Cursed","The Runesmith"],"gold_per_floor":[16,33,33,33,48,48,73,73,100,118,118,138,172,184,184,284,284,298,397,397,178,178,178,88,126,126,160,188,188,208,227,227,341,341,361,361,361,98,148,148,179,179,205,224,258,268,268,143,143,143,143],"floor_reached":50,"language":"ZHS","playtime":2704,"items_purged":["Defend_B","Defend_B","Defend_B"],"score":772,"play_id":"ad522700-f327-43be-919d-e5b80c2140b6","local_time":"20210223074655","is_ascension_mode":true,"campfire_choices":[{"data":"Creative AI","floor":6.0,"key":"SMITH"},{"data":"Buffer","floor":8.0,"key":"SMITH"},{"data":"Force Field","floor":11.0,"key":"SMITH"},{"floor":15.0,"key":"REST"},{"data":"Seek","floor":23.0,"key":"SMITH"},{"floor":29,"key":"REST"},{"floor":32,"key":"REST"},{"data":"Force Field","floor":40,"key":"SMITH"},{"data":"White Noise","floor":42,"key":"SMITH"},{"data":"Turbo","floor":49,"key":"SMITH"}],"circlet_count":0,"master_deck":["Zap","Dualcast","Creative AI+1","Buffer+1","Hello World","Turbo+1","Force Field+1","Turbo+1","Seek+1","Force Field+1","White Noise+1","White Noise+1","Echo Form","Master of Strategy"],"relics":["Cracked Core","PreservedInsect","Oddly Smooth Stone","Akabeko","Runesmith:UraniumAnvil","Medical Kit","CeramicFish","Shuriken","Pear","Busted Crown","Girya","Mummified Hand","Orichalcum"],"acts_visited":["Exordium","TheCity","TheBeyond"],"potions_floor_usage":[25,25,25,41,46,46],"damage_taken":[{"damage":7.0,"enemies":"Jaw Worm","floor":1.0,"turns":4.0},{"damage":6.0,"enemies":"Cultist","floor":2.0,"turns":3.0},{"damage":14.0,"enemies":"Small Slimes","floor":5.0,"turns":4.0},{"damage":13.0,"enemies":"Lagavulin","floor":7.0,"turns":8.0},{"damage":5.0,"enemies":"Looter","floor":10.0,"turns":3.0},{"damage":0.0,"enemies":"Exordium Wildlife","floor":12.0,"turns":6.0},{"damage":0.0,"enemies":"3 Sentries","floor":13.0,"turns":3.0},{"damage":0.0,"enemies":"2 Fungi Beasts","floor":14.0,"turns":4.0},{"damage":10.0,"enemies":"Slime Boss","floor":16.0,"turns":8.0},{"damage":25.0,"enemies":"3 Byrds","floor":18.0,"turns":4.0},{"damage":23,"enemies":"Slavers","floor":25,"turns":4},{"damage":25,"enemies":"Book of Stabbing","floor":27,"turns":6},{"damage":8,"enemies":"Shell Parasite","floor":28,"turns":6},{"damage":2,"enemies":"Sentry and Sphere","floor":30,"turns":6},{"damage":18,"enemies":"3 Cultists","floor":31,"turns":6},{"damage":0,"enemies":"Champ","floor":33,"turns":10},{"damage":30,"enemies":"3 Shapes","floor":35,"turns":5},{"damage":0,"enemies":"Mind Bloom Boss Battle","floor":39,"turns":5},{"damage":0,"enemies":"Nemesis","floor":41,"turns":5},{"damage":0,"enemies":"Orb Walker","floor":44,"turns":4},{"damage":0,"enemies":"Giant Head","floor":45,"turns":9},{"damage":11,"enemies":"Sphere and 2 Shapes","floor":46,"turns":4},{"damage":48,"enemies":"Awakened One","floor":50,"turns":3}],"seed_played":"2769677442790621004","potions_obtained":[{"floor":1.0,"key":"Strength Potion"},{"floor":2.0,"key":"Weak Potion"},{"floor":7.0,"key":"FocusPotion"},{"floor":12.0,"key":"ColorlessPotion"},{"floor":16.0,"key":"Dexterity Potion"},{"floor":18.0,"key":"PowerPotion"},{"floor":31,"key":"Explosive Potion"},{"floor":33,"key":"Swift Potion"},{"floor":35,"key":"Swift Potion"},{"floor":41,"key":"Ancient Potion"}],"is_trial":false,"path_per_floor":["M","M","?","$","M","R","E","R","T","M","R","M","E","M","R","B",null,"M","?","?","$","?","R","?","E","T","E","M","R","M","M","R","B",null,"M","?","?","$","?","R","E","R","T","M","E","M","?","$","R","B"],"character_chosen":"DEFECT","items_purchased":["Medical Kit","Master of Strategy"],"campfire_rested":3,"item_purchase_floors":[21,38],"current_hp_per_floor":[68,62,75,75,61,61,48,48,48,43,43,43,43,43,65,55,75,50,50,50,50,50,50,50,27,27,12,4,29,27,9,34,34,85,55,55,55,55,55,55,55,55,55,55,55,44,44,44,44,0,0],"gold":143,"neow_bonus":"TRANSFORM_TWO_CARDS","is_daily":false,"chose_seed":false,"campfire_upgraded":7,"win_rate":0.0,"timestamp":1614037615,"path_taken":["M","M","?","$","M","R","E","R","T","M","R","M","E","?","R","BOSS","M","?","?","?","?","R","?","E","T","E","?","R","M","M","R","BOSS","M","?","?","$","?","R","E","R","T","?","E","M","?","$","R","BOSS"],"items_purchased_type":["Relic","Card"],"build_version":"2020-12-22","purchased_purges":3,"victory":false,"max_hp_per_floor":[75,75,75,75,75,75,75,75,75,75,75,75,75,75,75,75,75,75,75,75,75,75,75,75,75,75,85,85,85,85,85,85,85,85,85,85,85,85,85,85,85,85,85,85,85,85,85,85,85,85,85],"card_choices":[{"not_picked":["Beam Cell","Reprogram"],"picked":"Hello World","floor":1.0},{"not_picked":["Coolheaded","Cold Snap"],"picked":"Turbo","floor":2.0},{"not_picked":["Compile Driver","Rebound"],"picked":"Force Field","floor":5.0},{"not_picked":["Darkness","Stack","Cold Snap"],"picked":"SKIP","floor":7.0},{"not_picked":["Ball Lightning","Compile Driver"],"picked":"Turbo","floor":10.0},{"not_picked":["Sunder","All For One","Beam Cell"],"picked":"SKIP","floor":12.0},{"not_picked":["Conserve Battery","Undo","Ball Lightning"],"picked":"SKIP","floor":13.0},{"not_picked":["Ball Lightning","Scrape","Gash"],"picked":"SKIP","floor":14.0},{"not_picked":["Meteor Strike","Machine Learning"],"picked":"Seek","floor":16.0},{"not_picked":["Scrape","Sweeping Beam","Reinforced Body"],"picked":"SKIP","floor":18.0},{"not_picked":["Aggregate","Redo"],"picked":"Force Field","floor":25},{"not_picked":["Conserve Battery","Cold Snap+1","Hologram"],"picked":"SKIP","floor":27},{"not_picked":["Conserve Battery","Melter"],"picked":"White Noise+1","floor":28},{"not_picked":["Rebound","Fusion"],"picked":"White Noise","floor":30},{"not_picked":["Hologram+1","Conserve Battery","Reinforced Body"],"picked":"SKIP","floor":31},{"not_picked":["Buffer","Meteor Strike"],"picked":"Echo Form","floor":33},{"not_picked":["Conserve Battery+1"],"picked":"SKIP","floor":35},{"not_picked":["Streamline"],"picked":"SKIP","floor":41},{"not_picked":["Rip and Tear"],"picked":"SKIP","floor":44},{"not_picked":["Tempest+1"],"picked":"SKIP","floor":45},{"not_picked":["Conserve Battery"],"picked":"SKIP","floor":46}],"player_experience":465012,"relics_obtained":[{"floor":7.0,"key":"PreservedInsect"},{"floor":9.0,"key":"Oddly Smooth Stone"},{"floor":13.0,"key":"Akabeko"},{"floor":25,"key":"CeramicFish"},{"floor":26,"key":"Shuriken"},{"floor":27,"key":"Pear"},{"floor":39,"key":"Girya"},{"floor":41,"key":"Mummified Hand"},{"floor":45,"key":"Orichalcum"}],"event_choices":[{"damage_healed":13.0,"max_hp_gain":0.0,"max_hp_loss":0.0,"gold_gain":0.0,"event_name":"Wheel of Change","player_choice":"Full Heal","floor":3.0,"gold_loss":0.0,"damage_taken":0.0},{"damage_healed":0.0,"max_hp_gain":0.0,"max_hp_loss":0.0,"gold_gain":99.0,"event_name":"Nest","player_choice":"Stole From Cult","floor":19.0,"gold_loss":0.0,"damage_taken":0.0},{"cards_removed":["Strike_B"],"damage_healed":0.0,"max_hp_gain":0.0,"max_hp_loss":0.0,"gold_gain":0.0,"event_name":"Back to Basics","player_choice":"Elegance","floor":20.0,"gold_loss":0.0,"damage_taken":0.0},{"damage_healed":0.0,"max_hp_gain":0.0,"max_hp_loss":0.0,"gold_gain":0.0,"event_name":"Ghosts","player_choice":"Ignored","floor":22.0,"gold_loss":0.0,"damage_taken":0.0},{"cards_removed":["Strike_B"],"damage_healed":0.0,"max_hp_gain":0.0,"max_hp_loss":0.0,"gold_gain":0.0,"event_name":"Designer","player_choice":"Upgrade and Remove","floor":24.0,"gold_loss":90.0,"damage_taken":0.0,"cards_upgraded":["Turbo"]},{"damage_healed":0,"gold_gain":0,"player_choice":"Ignored","damage_taken":0,"max_hp_gain":0,"max_hp_loss":0,"event_name":"Tomb of Lord Red Mask","floor":36,"gold_loss":0},{"damage_healed":0,"gold_gain":0,"player_choice":"Ignored","damage_taken":0,"max_hp_gain":0,"max_hp_loss":0,"event_name":"Mysterious Sphere","floor":37,"gold_loss":0},{"damage_healed":0,"gold_gain":0,"player_choice":"Fight","damage_taken":0,"max_hp_gain":0,"max_hp_loss":0,"event_name":"MindBloom","floor":39,"gold_loss":0},{"cards_removed":["Strike_B"],"damage_healed":0,"gold_gain":0,"player_choice":"Removed Attack","damage_taken":0,"max_hp_gain":0,"max_hp_loss":0,"event_name":"Falling","floor":47,"gold_loss":0}],"is_beta":false,"boss_relics":[{"not_picked":["Nuclear Battery","Snecko Eye"],"picked":"Runesmith:UraniumAnvil"},{"not_picked":["Runic Dome","Empty Cage"],"picked":"Busted Crown"}],"items_purged_floors":[21,38,48],"is_endless":false,"potions_floor_spawned":[1,2,7,12,16,18,31,33,35,41],"killed_by":"Awakened One","ascension_level":3}}