{"host":"xjj3c712op3vq4z0","time":1614016103,"event":{"mods":["BaseMod","Challenge The Spire","Curses Come First","Highlight Path","Minty Spire (QoL Compilation)","Permanent Neow","Relic Stats","StSLib"],"gold_per_floor":[113,125,125,300,21,55,55,83,107,107,107,35,53,84,84,186,186,186,186,186,198,211,239,62,107,107,107,155,155,155,171,171,274,274,294,204,60,114,144,144,158,212,212,212,0,54,67,97,97,97,97,97,97,146,146,146],"floor_reached":55,"language":"ENG","playtime":2594,"items_purged":["Doubt"],"score":1086,"play_id":"3acbd495-c677-4a28-aa0f-fbd3d3196c33","local_time":"20210222184823","is_ascension_mode":true,"campfire_choices":[{"data":"Eruption","floor":7.0,"key":"SMITH"},{"data":"Vault","floor":10.0,"key":"SMITH"},{"data":"WindmillStrike","floor":15.0,"key":"SMITH"},{"data":"Blasphemy","floor":27.0,"key":"SMITH"},{"data":"ForeignInfluence","floor":30.0,"key":"SMITH"},{"data":"Omniscience","floor":32.0,"key":"SMITH"},{"data":"TalkToTheHand","floor":40.0,"key":"SMITH"},{"data":"ThirdEye","floor":44.0,"key":"SMITH"},{"floor":49.0,"key":"RECALL"},{"data":"DeusExMachina","floor":52.0,"key":"SMITH"}],"circlet_count":0,"master_deck":["Strike_P","Strike_P","Defend_P","Defend_P","Defend_P","Defend_P","Eruption+1","Vigilance+1","Conclude","WindmillStrike+1","Protect+1","Vault+1","BattleHymn","SashWhip","TalkToTheHand+1","WindmillStrike+1","Tantrum","Blasphemy+1","ForeignInfluence+1","Omniscience+1","HandOfGreed","Tantrum","DeusExMachina+1","Doubt","ThirdEye+1"],"relics":["NeowsBlessing","ClockworkSouvenir","MealTicket","CaptainsWheel","Strawberry","Oddly Smooth Stone","Busted Crown","MutagenicStrength","Nloth\u0027s Gift","Frozen Egg 2","Potion Belt","TungstenRod","Nilry\u0027s Codex","Cursed Key","Sling","Anchor","Letter Opener","Red Mask","Bottled Lightning","White Beast Statue"],"acts_visited":["TheCity","TheBeyond","TheEnding"],"potions_floor_usage":[54,55,55,55],"damage_taken":[{"damage":0.0,"enemies":"Jaw Worm","floor":1.0,"turns":1.0},{"damage":0.0,"enemies":"Small Slimes","floor":2.0,"turns":1.0},{"damage":0.0,"enemies":"Gremlin Nob","floor":6.0,"turns":1.0},{"damage":8.0,"enemies":"3 Sentries","floor":8.0,"turns":3.0},{"damage":7.0,"enemies":"2 Louse","floor":13.0,"turns":2.0},{"damage":0.0,"enemies":"Gremlin Nob","floor":14.0,"turns":3.0},{"damage":1.0,"enemies":"Slime Boss","floor":16.0,"turns":4.0},{"damage":0.0,"enemies":"2 Thieves","floor":18.0,"turns":2.0},{"damage":0.0,"enemies":"Chosen","floor":21.0,"turns":2.0},{"damage":4.0,"enemies":"Shelled Parasite and Fungi","floor":22.0,"turns":4.0},{"damage":0.0,"enemies":"Slavers","floor":23.0,"turns":4.0},{"damage":6.0,"enemies":"Book of Stabbing","floor":25.0,"turns":5.0},{"damage":14.0,"enemies":"Gremlin Leader","floor":28.0,"turns":7.0},{"damage":0.0,"enemies":"Snecko","floor":31.0,"turns":2.0},{"damage":1.0,"enemies":"Champ","floor":33.0,"turns":6.0},{"damage":0.0,"enemies":"3 Shapes","floor":35.0,"turns":1.0},{"damage":0.0,"enemies":"3 Darklings","floor":39.0,"turns":3.0},{"damage":0.0,"enemies":"Transient","floor":41.0,"turns":6.0},{"damage":0.0,"enemies":"Reptomancer","floor":42.0,"turns":2.0},{"damage":1.0,"enemies":"Nemesis","floor":46.0,"turns":4.0},{"damage":0.0,"enemies":"Maw","floor":47.0,"turns":6.0},{"damage":0.0,"enemies":"Sphere and 2 Shapes","floor":48.0,"turns":4.0},{"damage":18.0,"enemies":"Time Eater","floor":50.0,"turns":4.0},{"damage":18,"enemies":"Shield and Spear","floor":54,"turns":5},{"damage":85,"enemies":"The Heart","floor":55,"turns":5}],"seed_played":"-1771384081520913072","potions_obtained":[{"floor":2.0,"key":"StancePotion"},{"floor":6.0,"key":"Dexterity Potion"},{"floor":13.0,"key":"SmokeBomb"},{"floor":22.0,"key":"EntropicBrew"},{"floor":28.0,"key":"FairyPotion"},{"floor":33.0,"key":"Strength Potion"},{"floor":35.0,"key":"BlessingOfTheForge"},{"floor":42.0,"key":"FearPotion"},{"floor":47.0,"key":"PowerPotion"},{"floor":54,"key":"SpeedPotion"}],"is_trial":false,"path_per_floor":["M","M","?","?","$","E","R","E","T","R","?","$","M","E","R","B",null,"M","?","?","M","M","E","$","E","T","R","E","?","R","M","R","B",null,"M","?","$","T","M","R","M","E","T","R","?","E","M","M","R","B",null,"R","$","E","B"],"character_chosen":"WATCHER","items_purchased":["ClockworkSouvenir","Protect","TalkToTheHand","HandOfGreed","Sling"],"campfire_rested":0,"item_purchase_floors":[5,5,12,24,37],"current_hp_per_floor":[72,72,58,58,58,58,58,50,57,57,57,72,65,65,65,64,75,75,75,75,75,71,71,79,73,73,73,59,47,47,47,47,46,71,71,71,79,79,79,79,79,79,79,79,79,78,78,78,78,60,74,74,79,61,0,0],"gold":146,"neow_bonus":"THREE_ENEMY_KILL","is_daily":false,"chose_seed":false,"campfire_upgraded":9,"win_rate":0.0,"timestamp":1614016103,"path_taken":["M","M","?","?","$","E","R","E","T","R","?","?","M","E","R","BOSS","M","?","?","M","?","E","?","E","T","R","E","?","R","?","R","BOSS","M","?","$","?","M","R","M","E","T","R","?","E","M","M","R","BOSS","R","$","E","BOSS"],"items_purchased_type":["Relic","Card","Card","Card","Relic"],"build_version":"2020-12-22","purchased_purges":1,"victory":false,"max_hp_per_floor":[72,72,72,72,72,72,72,72,79,79,79,79,79,79,79,79,79,79,79,79,79,79,79,79,79,79,79,79,79,79,79,79,79,79,79,79,79,79,79,79,79,79,79,79,79,79,79,79,79,79,79,79,79,79,79,79],"relic_stats":{"Busted Crown":30,"counters":[25,87],"MealTicket":36,"Nloth\u0027s Gift":1,"Letter Opener":[15],"Cursed Key":1,"obtain_stats":[{"Potion Belt":25,"NeowsBlessing":0,"Nilry\u0027s Codex":29,"Oddly Smooth Stone":14,"Letter Opener":42,"Frozen Egg 2":23,"Cursed Key":34,"Sling":37,"White Beast Statue":54,"ClockworkSouvenir":5,"CaptainsWheel":8,"Anchor":38,"Busted Crown":17,"Strawberry":9,"MutagenicStrength":19,"MealTicket":6,"Nloth\u0027s Gift":20,"Red Mask":45,"Bottled Lightning":46,"PureWater":0,"TungstenRod":28},{"Potion Belt":12,"NeowsBlessing":0,"Nilry\u0027s Codex":13,"Oddly Smooth Stone":6,"Letter Opener":19,"Frozen Egg 2":11,"Cursed Key":15,"Sling":16,"White Beast Statue":24,"ClockworkSouvenir":2,"CaptainsWheel":4,"Anchor":16,"Busted Crown":7,"Strawberry":4,"MutagenicStrength":8,"MealTicket":3,"Nloth\u0027s Gift":8,"Red Mask":19,"Bottled Lightning":20,"PureWater":0,"TungstenRod":13},{"Potion Belt":32,"NeowsBlessing":0,"Nilry\u0027s Codex":39,"Oddly Smooth Stone":11,"Letter Opener":59,"Frozen Egg 2":27,"Cursed Key":47,"Sling":48,"White Beast Statue":82,"ClockworkSouvenir":2,"CaptainsWheel":6,"Anchor":48,"Busted Crown":15,"Strawberry":6,"MutagenicStrength":17,"MealTicket":3,"Nloth\u0027s Gift":17,"Red Mask":59,"Bottled Lightning":63,"PureWater":0,"TungstenRod":39}],"TungstenRod":23},"card_choices":[{"not_picked":["PathToVictory","BowlingBash"],"picked":"Conclude","floor":1.0},{"not_picked":["EmptyFist","ClearTheMind"],"picked":"WindmillStrike","floor":2.0},{"not_picked":["ReachHeaven","FollowUp"],"picked":"Vault","floor":6.0},{"not_picked":["JustLucky","Halt"],"picked":"BattleHymn","floor":8.0},{"not_picked":["Crescendo","Consecrate"],"picked":"WindmillStrike","floor":13.0},{"not_picked":["PathToVictory","FollowUp"],"picked":"Tantrum","floor":14.0},{"not_picked":["Alpha","Vault"],"picked":"Blasphemy","floor":16.0},{"not_picked":["FlyingSleeves"],"picked":"SKIP","floor":21.0},{"not_picked":[],"picked":"ForeignInfluence","floor":22.0},{"not_picked":[],"picked":"Omniscience","floor":23.0},{"not_picked":["BowlingBash+1"],"picked":"SKIP","floor":25.0},{"not_picked":[],"picked":"Tantrum","floor":28.0},{"not_picked":["Halt+1"],"picked":"SKIP","floor":31.0},{"not_picked":[],"picked":"DeusExMachina","floor":33.0},{"not_picked":["Consecrate+1"],"picked":"SKIP","floor":35.0},{"not_picked":["Halt"],"picked":"SKIP","floor":39.0},{"not_picked":["PathToVictory"],"picked":"SKIP","floor":41.0},{"not_picked":[],"picked":"ThirdEye","floor":42.0},{"not_picked":["SignatureMove"],"picked":"SKIP","floor":46.0},{"not_picked":["Evaluate"],"picked":"SKIP","floor":47.0},{"not_picked":["Halt+1"],"picked":"SKIP","floor":48.0},{"not_picked":["SignatureMove+1"],"picked":"SKIP","floor":54}],"player_experience":685220,"relics_obtained":[{"floor":6.0,"key":"MealTicket"},{"floor":8.0,"key":"CaptainsWheel"},{"floor":9.0,"key":"Strawberry"},{"floor":14.0,"key":"Oddly Smooth Stone"},{"floor":23.0,"key":"Frozen Egg 2"},{"floor":25.0,"key":"Potion Belt"},{"floor":28.0,"key":"TungstenRod"},{"floor":29.0,"key":"Nilry\u0027s Codex"},{"floor":38.0,"key":"Anchor"},{"floor":42.0,"key":"Letter Opener"},{"floor":46.0,"key":"Bottled Lightning"},{"floor":54,"key":"White Beast Statue"}],"event_choices":[{"damage_healed":0.0,"max_hp_gain":0.0,"max_hp_loss":0.0,"gold_gain":0.0,"event_name":"Shining Light","player_choice":"Entered Light","floor":3.0,"gold_loss":0.0,"damage_taken":14.0,"cards_upgraded":["WindmillStrike","Vigilance"]},{"damage_healed":0.0,"max_hp_gain":0.0,"max_hp_loss":0.0,"gold_gain":175.0,"event_name":"Liars Game","player_choice":"AGREE","floor":4.0,"gold_loss":0.0,"damage_taken":0.0,"cards_obtained":["Doubt"]},{"damage_healed":0.0,"max_hp_gain":0.0,"max_hp_loss":0.0,"gold_gain":0.0,"cards_transformed":["Strike_P"],"event_name":"Living Wall","player_choice":"Change","floor":11.0,"gold_loss":0.0,"damage_taken":0.0,"cards_obtained":["SashWhip"]},{"damage_healed":0.0,"max_hp_gain":0.0,"max_hp_loss":0.0,"gold_gain":0.0,"event_name":"Drug Dealer","player_choice":"Inject Mutagens","floor":19.0,"gold_loss":0.0,"damage_taken":0.0,"relics_obtained":["MutagenicStrength"]},{"damage_healed":0.0,"max_hp_gain":0.0,"max_hp_loss":0.0,"gold_gain":0.0,"event_name":"N\u0027loth","player_choice":"Traded Relic","floor":20.0,"relics_lost":["PureWater"],"gold_loss":0.0,"damage_taken":0.0,"relics_obtained":["Nloth\u0027s Gift"]},{"damage_healed":0.0,"max_hp_gain":0.0,"max_hp_loss":0.0,"gold_gain":0.0,"event_name":"Cursed Tome","player_choice":"Obtained Book","floor":29.0,"gold_loss":0.0,"damage_taken":16.0},{"cards_removed":["Strike_P"],"damage_healed":0.0,"max_hp_gain":0.0,"max_hp_loss":0.0,"gold_gain":0.0,"event_name":"Designer","player_choice":"Upgrade and Remove","floor":36.0,"gold_loss":90.0,"damage_taken":0.0,"cards_upgraded":["Protect"]},{"damage_healed":0.0,"max_hp_gain":0.0,"max_hp_loss":0.0,"gold_gain":0.0,"event_name":"Tomb of Lord Red Mask","player_choice":"Paid","floor":45.0,"gold_loss":212.0,"damage_taken":0.0,"relics_obtained":["Red Mask"]}],"is_beta":false,"boss_relics":[{"not_picked":["VioletLotus","Fusion Hammer"],"picked":"Busted Crown"},{"not_picked":["Calling Bell","Astrolabe"],"picked":"Cursed Key"}],"items_purged_floors":[5],"is_endless":false,"potions_floor_spawned":[2,6,13,22,28,33,35,42,47,54],"killed_by":"The Heart","ascension_level":5}}