{"host":"ymmeoa1x24ihslbm","time":1614014522,"event":{"mods":["AchievementEnabler","BaseMod","Colored Map","Colored Powertips","Defuse TimeMaze Blight","Highlight Path","Minty Spire (QoL Compilation)","Permanent Neow","Quick Restart","StSLib","The Senshi","Unceasing Turn Reminder"],"gold_per_floor":[119,138,138,138,138,476,476,476,476],"floor_reached":8,"language":"ENG","playtime":409,"items_purged":[],"score":76,"play_id":"01d4f324-9f02-42ac-8179-2fcf099315b8","local_time":"20210222182202","is_ascension_mode":true,"campfire_choices":[{"data":"theSenshi:MoonHealingEscalation","floor":7.0,"key":"SMITH"}],"circlet_count":0,"master_deck":["theSenshi:SailorKick","theSenshi:SailorKick","theSenshi:SailorKick","theSenshi:SailorKick","theSenshi:SailorBlock","theSenshi:SailorBlock","theSenshi:SailorBlock","theSenshi:SailorBlock","theSenshi:RoseThrow","theSenshi:MoonPrismPowerMakeUp","theSenshi:StarlightHoneymoonTherapyKiss","theSenshi:MoonHealingEscalation+1","theSenshi:VenusGlamour","theSenshi:SailorChibiMoonAssists"],"relics":["theSenshi:TransformationBroochRelic","Golden Idol","Calipers","Old Coin"],"acts_visited":["Exordium"],"potions_floor_usage":[8],"damage_taken":[{"damage":4.0,"enemies":"Jaw Worm","floor":1.0,"turns":4.0},{"damage":12.0,"enemies":"2 Louse","floor":2.0,"turns":9.0},{"damage":50.0,"enemies":"Gremlin Nob","floor":6.0,"turns":5.0},{"damage":8,"enemies":"3 Sentries","floor":8,"turns":3}],"seed_played":"-1622190160935743943","potions_obtained":[{"floor":1.0,"key":"SneckoOil"}],"is_trial":false,"path_per_floor":["M","M","?","?","$","E","R","E"],"character_chosen":"THE_SENSHI","items_purchased":[],"campfire_rested":0,"item_purchase_floors":[],"current_hp_per_floor":[64,72,54,47,47,2,2,4,4],"gold":476,"neow_bonus":"ONE_RANDOM_RARE_CARD","is_daily":false,"chose_seed":false,"campfire_upgraded":1,"win_rate":0.0,"timestamp":1614014522,"path_taken":["M","M","?","?","?","E","R","E"],"items_purchased_type":[],"build_version":"2020-12-22","purchased_purges":0,"victory":false,"max_hp_per_floor":[75,75,75,75,75,75,75,75,75],"card_choices":[{"not_picked":["theSenshi:OdangoHead","theSenshi:MoonPunch"],"picked":"theSenshi:MoonHealingEscalation","floor":1.0},{"not_picked":["theSenshi:SchoolBag","theSenshi:EncouragingSpeech"],"picked":"theSenshi:VenusGlamour","floor":2.0},{"not_picked":["theSenshi:VenusGlamour","theSenshi:Sidestep"],"picked":"theSenshi:SailorChibiMoonAssists","floor":6.0}],"player_experience":765692,"relics_obtained":[{"floor":6.0,"key":"Old Coin"}],"event_choices":[{"damage_healed":0.0,"max_hp_gain":0.0,"max_hp_loss":0.0,"gold_gain":0.0,"event_name":"Golden Idol","player_choice":"Take Damage","floor":3.0,"gold_loss":0.0,"damage_taken":18.0,"relics_obtained":["Golden Idol"]},{"damage_healed":0.0,"max_hp_gain":0.0,"max_hp_loss":0.0,"gold_gain":0.0,"event_name":"Scrap Ooze","player_choice":"Success","floor":4.0,"gold_loss":0.0,"damage_taken":7.0,"relics_obtained":["Calipers"]}],"is_beta":false,"boss_relics":[],"items_purged_floors":[],"is_endless":false,"potions_floor_spawned":[1],"killed_by":"3 Sentries","ascension_level":8}}