{"host":"ymmeoa1x24ihslbm","time":1614010609,"event":{"mods":["AchievementEnabler","BaseMod","CatGirl Mod","Colored Map","Colored Powertips","Defuse TimeMaze Blight","Hermit","Highlight Path","HornydragonMod","Hyrulean Relics","Minty Spire (QoL Compilation)","Permanent Neow","Quick Restart","Rare Cards Sparkle","Relic Sorter","Replay The Spire","Robot Space Explorer","Shapeshifter Mod","Shop Mod","StSLib","The Marked","TheSurvivalist"],"gold_per_floor":[211,211,211,221,232,264,264,229,229,263,263,281,281,297,297,392,392,392],"floor_reached":17,"language":"ENG","playtime":4446,"items_purged":[],"score":165,"play_id":"0e5cb78d-85d4-4fb0-8b3d-9f7ea750f8ef","local_time":"20210222171649","is_ascension_mode":false,"campfire_choices":[{"data":"theMarked:ResourceFulStrike","floor":7.0,"key":"SMITH"},{"data":"theMarked:Heritage","floor":11.0,"key":"SMITH"},{"data":"theMarked:Pokerface","floor":13,"key":"SMITH"},{"data":"theMarked:KeepCalmAndFight","floor":15,"key":"SMITH"}],"circlet_count":0,"master_deck":["theMarked:Strike","theMarked:Strike","theMarked:Strike","theMarked:Strike","theMarked:Strike","theMarked:Defend","theMarked:Defend","theMarked:Defend+1","theMarked:Defend","theMarked:SoldierOfQuellstein+1","theMarked:ResourceFulStrike+1","theMarked:OneWithTheBlade+1","theMarked:BanishingStrike","theMarked:BanishingStrike","theMarked:Heritage+1","theMarked:Pokerface+1","theMarked:KeepCalmAndFight+1","theMarked:Toughness"],"relics":["theMarked:ArtifactOfAir","Pear","Garlic","War Paint","SacredBark"],"acts_visited":["Exordium","TheCity"],"potions_floor_usage":[16,16],"damage_taken":[{"damage":6.0,"enemies":"Jaw Worm","floor":1.0,"turns":3.0},{"damage":5.0,"enemies":"Small Slimes","floor":4.0,"turns":4.0},{"damage":0.0,"enemies":"Cultist","floor":5.0,"turns":3.0},{"damage":16.0,"enemies":"Lagavulin","floor":6.0,"turns":6.0},{"damage":11.0,"enemies":"3 Sentries","floor":10.0,"turns":7.0},{"damage":1.0,"enemies":"2 Fungi Beasts","floor":12.0,"turns":2.0},{"damage":1,"enemies":"3 Louse","floor":14,"turns":2},{"damage":6,"enemies":"Hexaghost","floor":16,"turns":7}],"seed_played":"-4983421750287566123","potions_obtained":[{"floor":3.0,"key":"DistilledChaos"},{"floor":3.0,"key":"Reflective Coating"},{"floor":3.0,"key":"Strength Potion"},{"floor":14,"key":"FearPotion"}],"is_trial":false,"path_per_floor":["M","?","?","M","M","E","R","?","T","E","R","M","R","M","R","B",null],"character_chosen":"THE_DEFAULT","items_purchased":[],"campfire_rested":0,"item_purchase_floors":[],"current_hp_per_floor":[66,66,66,61,61,55,55,75,75,64,64,63,63,62,62,56,82,82],"gold":392,"neow_bonus":"HUNDRED_GOLD","is_daily":false,"chose_seed":false,"campfire_upgraded":4,"win_rate":0.0,"timestamp":1614010609,"path_taken":["M","?","?","M","?","E","R","?","T","E","R","M","R","M","R","BOSS"],"items_purchased_type":[],"build_version":"2020-12-22","purchased_purges":0,"victory":false,"max_hp_per_floor":[72,72,72,72,72,82,82,82,82,82,82,82,82,82,82,82,82,82],"card_choices":[{"not_picked":["theMarked:Improvise","theMarked:RepellingDischarge"],"picked":"theMarked:ResourceFulStrike","floor":1.0},{"not_picked":["theMarked:ResourceFulStrike","theMarked:EmpowerWeapon"],"picked":"theMarked:OneWithTheBlade","floor":4.0},{"not_picked":["theMarked:TwofoldDefense","theMarked:ContemptForTheProud"],"picked":"theMarked:BanishingStrike","floor":5.0},{"not_picked":["theMarked:Snap","theMarked:OneWithTheBlade"],"picked":"theMarked:BanishingStrike","floor":6.0},{"not_picked":["theMarked:EmpowerWeapon","theMarked:WardOff"],"picked":"theMarked:Heritage","floor":10.0},{"not_picked":["theMarked:Aftermath","theMarked:ChainLightning"],"picked":"theMarked:Pokerface","floor":12},{"not_picked":["theMarked:OneWithTheBlade","theMarked:ContemptForTheProud"],"picked":"theMarked:KeepCalmAndFight","floor":14},{"not_picked":["theMarked:ThrowWeapon","theMarked:DispelDoubt"],"picked":"theMarked:Toughness","floor":16}],"player_experience":799954,"relics_obtained":[{"floor":6.0,"key":"Pear"},{"floor":9.0,"key":"Garlic"},{"floor":10.0,"key":"War Paint"}],"event_choices":[{"damage_healed":0.0,"max_hp_gain":0.0,"max_hp_loss":0.0,"gold_gain":0.0,"event_name":"Living Wall","player_choice":"Grow","floor":2.0,"gold_loss":0.0,"damage_taken":0.0,"cards_upgraded":["theMarked:SoldierOfQuellstein"]},{"damage_healed":0.0,"max_hp_gain":0.0,"max_hp_loss":0.0,"gold_gain":0.0,"event_name":"Lab","player_choice":"Got Potions","floor":3.0,"gold_loss":0.0,"damage_taken":0.0},{"damage_healed":20.0,"max_hp_gain":0.0,"max_hp_loss":0.0,"gold_gain":0.0,"event_name":"The Cleric","player_choice":"Healed","floor":8.0,"gold_loss":35.0,"damage_taken":0.0}],"is_beta":false,"boss_relics":[{"not_picked":["Pandora\u0027s Box","Kintsugi"],"picked":"SacredBark"}],"items_purged_floors":[],"is_endless":false,"potions_floor_spawned":[6,14],"ascension_level":0}}