{"host":"qp7xs8nuzfsyommi","time":1614025461,"event":{"mods":["2.2 Compatiblity","BaseMod","Colored Powertips","DeckTracker","Highlight Path","Minty Spire (QoL Compilation)","Permanent Neow","Quick Restart","StSLib","Weighted Paths"],"gold_per_floor":[359,377,394,41,41,41,70,70,93,93,122,122,139,166,166,241,241,261,51,51,67,83,83,93,111,136,136,336,347,377,387,387,466,466,478,60,85,100,120,149,149,149,176,176,187,187,235,255,255,255,255,255,255,3,28,28,28],"floor_reached":56,"language":"ENG","playtime":4185,"items_purged":["Writhe","Hello World"],"score":1859,"play_id":"8615d92a-4ca9-4a7a-8879-a25772722419","local_time":"20210222152421","is_ascension_mode":true,"campfire_choices":[{"data":"Streamline","floor":6.0,"key":"SMITH"},{"data":"Zap","floor":8.0,"key":"SMITH"},{"floor":12.0,"key":"REST"},{"floor":15.0,"key":"RECALL"},{"data":"Hologram","floor":23.0,"key":"SMITH"},{"data":"Turbo","floor":27.0,"key":"SMITH"},{"data":"Go for the Eyes","floor":32.0,"key":"SMITH"},{"data":"Hologram","floor":41.0,"key":"SMITH"},{"data":"Defragment","floor":44.0,"key":"SMITH"},{"data":"Double Energy","floor":46.0,"key":"SMITH"},{"data":"Multi-Cast","floor":49.0,"key":"SMITH"},{"floor":53.0,"key":"REST"}],"circlet_count":0,"master_deck":["AscendersBane","Zap+1","Dualcast+1","Conserve Battery+1","Streamline+1","Self Repair","Chill","Self Repair","Cold Snap+1","Genetic Algorithm","Barrage","Core Surge","Chill+1","Doom and Gloom","Hologram+1","Turbo+1","Go for the Eyes+1","Compile Driver","All For One+1","Compile Driver","Multi-Cast+1","FTL","Gash","Apotheosis","Swift Strike","Chill","Defragment+1","Hologram+1","Beam Cell+1","Double Energy+1","Turbo","Capacitor"],"relics":["Cracked Core","War Paint","Pen Nib","Blood Vial","Pocketwatch","Toy Ornithopter","Empty Cage","Omamori","Torii","Potion Belt","Matryoshka","Pandora\u0027s Box","Membership Card","Ice Cream","Oddly Smooth Stone","Whetstone","Anchor","Nunchaku","Pantograph","Cauldron","Bottled Lightning"],"acts_visited":["Exordium","TheCity","TheBeyond","TheEnding"],"potions_floor_usage":[55,55,56],"damage_taken":[{"damage":1.0,"enemies":"Cultist","floor":1.0,"turns":3.0},{"damage":6.0,"enemies":"2 Louse","floor":2.0,"turns":4.0},{"damage":0.0,"enemies":"Jaw Worm","floor":3.0,"turns":3.0},{"damage":8.0,"enemies":"Lagavulin","floor":7.0,"turns":7.0},{"damage":9.0,"enemies":"Gremlin Nob","floor":11.0,"turns":3.0},{"damage":6.0,"enemies":"Gremlin Gang","floor":13.0,"turns":6.0},{"damage":12.0,"enemies":"Lagavulin","floor":14.0,"turns":6.0},{"damage":27.0,"enemies":"The Guardian","floor":16.0,"turns":11.0},{"damage":13.0,"enemies":"Shell Parasite","floor":18.0,"turns":5.0},{"damage":12.0,"enemies":"Spheric Guardian","floor":21.0,"turns":4.0},{"damage":13.0,"enemies":"Snake Plant","floor":22.0,"turns":4.0},{"damage":0.0,"enemies":"Centurion and Healer","floor":24.0,"turns":7.0},{"damage":0.0,"enemies":"Sentry and Sphere","floor":25.0,"turns":5.0},{"damage":16.0,"enemies":"Snake Plant","floor":29.0,"turns":5.0},{"damage":25.0,"enemies":"Book of Stabbing","floor":30.0,"turns":6.0},{"damage":13.0,"enemies":"Shelled Parasite and Fungi","floor":31.0,"turns":7.0},{"damage":17.0,"enemies":"Champ","floor":33.0,"turns":12.0},{"damage":27.0,"enemies":"Orb Walker","floor":35.0,"turns":4.0},{"damage":15.0,"enemies":"Mind Bloom Boss Battle","floor":37.0,"turns":6.0},{"damage":7.0,"enemies":"3 Shapes","floor":38.0,"turns":4.0},{"damage":11.0,"enemies":"3 Darklings","floor":39.0,"turns":5.0},{"damage":16.0,"enemies":"Nemesis","floor":40.0,"turns":7.0},{"damage":1.0,"enemies":"Sphere and 2 Shapes","floor":45.0,"turns":4.0},{"damage":0.0,"enemies":"Writhing Mass","floor":48.0,"turns":4.0},{"damage":46.0,"enemies":"Donu and Deca","floor":50.0,"turns":7.0},{"damage":53.0,"enemies":"Time Eater","floor":51.0,"turns":8.0},{"damage":62,"enemies":"Shield and Spear","floor":55,"turns":5},{"damage":122,"enemies":"The Heart","floor":56,"turns":8}],"seed_played":"2876019375683082382","potions_obtained":[{"floor":1.0,"key":"BlessingOfTheForge"},{"floor":3.0,"key":"Fire Potion"},{"floor":14.0,"key":"Weak Potion"},{"floor":18.0,"key":"Regen Potion"},{"floor":22.0,"key":"SkillPotion"},{"floor":30.0,"key":"PowerPotion"},{"floor":31.0,"key":"BlessingOfTheForge"},{"floor":35.0,"key":"Energy Potion"},{"floor":39.0,"key":"Energy Potion"},{"floor":45.0,"key":"FearPotion"},{"floor":54.0,"key":"Fruit Juice"},{"floor":54.0,"key":"GamblersBrew"},{"floor":54.0,"key":"EssenceOfSteel"},{"floor":54.0,"key":"SteroidPotion"}],"is_trial":false,"path_per_floor":["M","M","M","$","?","R","E","R","T","?","E","R","M","E","R","B",null,"M","$","?","M","M","R","M","M","T","R","?","M","E","M","R","B",null,"M","$","?","M","M","E","R","?","T","R","M","R","T","M","R","B","B",null,"R","$","E","B"],"character_chosen":"DEFECT","items_purchased":["War Paint","Chill","Self Repair","Omamori","Doom and Gloom","Membership Card","Apotheosis","Swift Strike","FairyPotion","Pantograph","Cauldron","Turbo"],"campfire_rested":2,"item_purchase_floors":[4,4,4,19,19,36,36,36,36,54,54,54],"current_hp_per_floor":[63,57,57,57,50,50,59,59,59,38,45,66,71,71,71,58,68,71,71,71,71,58,58,71,71,71,71,71,69,70,71,71,71,71,51,51,63,71,71,69,69,69,69,69,70,70,70,71,71,45,21,59,71,76,39,0,0],"gold":28,"neow_bonus":"TWO_FIFTY_GOLD","is_daily":false,"chose_seed":false,"campfire_upgraded":9,"win_rate":0.0,"timestamp":1614025461,"path_taken":["M","M","M","$","?","R","E","R","T","?","E","R","M","E","R","BOSS","M","$","?","?","M","R","?","M","T","R","?","?","E","M","R","BOSS","M","$","?","M","M","E","R","?","T","R","M","R","?","?","R","BOSS","BOSS","R","$","E","BOSS"],"items_purchased_type":["Relic","Card","Card","Relic","Card","Relic","Card","Card","Potion","Relic","Relic","Card"],"build_version":"2020-12-22","purchased_purges":2,"victory":false,"max_hp_per_floor":[71,71,71,71,71,71,71,71,71,71,71,71,71,71,71,71,71,71,71,71,71,71,71,71,71,71,71,71,71,71,71,71,71,71,71,71,71,71,71,71,71,71,71,71,71,71,71,71,71,71,71,71,71,76,76,76,76],"card_choices":[{"not_picked":["Redo","Fusion"],"picked":"Conserve Battery","floor":1.0},{"not_picked":["Hello World","Steam"],"picked":"Streamline","floor":2.0},{"not_picked":["Sweeping Beam","Redo"],"picked":"Self Repair","floor":3.0},{"not_picked":["Steam","Sunder"],"picked":"Cold Snap","floor":7.0},{"not_picked":["Steam Power","Sunder"],"picked":"Genetic Algorithm","floor":11.0},{"not_picked":["Conserve Battery","Beam Cell"],"picked":"Barrage","floor":13.0},{"not_picked":["Scrape","Blizzard","Steam"],"picked":"SKIP","floor":14.0},{"not_picked":["Fission","Amplify"],"picked":"Core Surge","floor":16.0},{"not_picked":["Coolheaded","Heatsinks"],"picked":"Chill+1","floor":18.0},{"not_picked":["Stack","Cold Snap"],"picked":"Hologram","floor":21.0},{"not_picked":["Genetic Algorithm","Stack","Ball Lightning"],"picked":"SKIP","floor":22.0},{"not_picked":["Blizzard","Rebound"],"picked":"Turbo","floor":24.0},{"not_picked":["Sweeping Beam","Hello World","Stack"],"picked":"SKIP","floor":25.0},{"not_picked":["Conserve Battery","Chaos","Double Energy"],"picked":"SKIP","floor":29.0},{"not_picked":["Turbo","Rebound+1"],"picked":"Go for the Eyes","floor":30.0},{"not_picked":["Barrage","Defragment"],"picked":"Compile Driver","floor":31.0},{"not_picked":["Rainbow","Buffer"],"picked":"All For One","floor":33.0},{"not_picked":["Conserve Battery","Compile Driver"],"picked":"Gash","floor":35.0},{"not_picked":["Reinforced Body+1","Leap+1"],"picked":"Chill","floor":37.0},{"not_picked":["Redo","Turbo"],"picked":"Defragment","floor":38.0},{"not_picked":["Stack","Lockon"],"picked":"Hologram","floor":39.0},{"not_picked":["Defragment+1","Sweeping Beam"],"picked":"Beam Cell+1","floor":40.0},{"not_picked":["Multi-Cast","Beam Cell"],"picked":"Double Energy","floor":45.0},{"not_picked":["Reprogram+1","Ball Lightning+1","Steam Power"],"picked":"SKIP","floor":48.0},{"not_picked":["Hologram","Hyperbeam"],"picked":"Capacitor","floor":55}],"player_experience":1478382,"relics_obtained":[{"floor":7.0,"key":"Pen Nib"},{"floor":9.0,"key":"Blood Vial"},{"floor":11.0,"key":"Pocketwatch"},{"floor":14.0,"key":"Toy Ornithopter"},{"floor":20.0,"key":"Torii"},{"floor":26.0,"key":"Potion Belt"},{"floor":30.0,"key":"Matryoshka"},{"floor":37.0,"key":"Ice Cream"},{"floor":40.0,"key":"Oddly Smooth Stone"},{"floor":43.0,"key":"Whetstone"},{"floor":47.0,"key":"Anchor"},{"floor":47.0,"key":"Nunchaku"},{"floor":55,"key":"Bottled Lightning"}],"event_choices":[{"cards_removed":["Strike_B"],"damage_healed":0.0,"max_hp_gain":0.0,"max_hp_loss":0.0,"gold_gain":0.0,"event_name":"Golden Wing","player_choice":"Card Removal","floor":5.0,"gold_loss":0.0,"damage_taken":7.0},{"damage_healed":0.0,"max_hp_gain":0.0,"max_hp_loss":0.0,"gold_gain":0.0,"event_name":"Shining Light","player_choice":"Entered Light","floor":10.0,"gold_loss":0.0,"damage_taken":21.0,"cards_upgraded":["Strike_B","Defend_B"]},{"damage_healed":0.0,"max_hp_gain":0.0,"max_hp_loss":0.0,"gold_gain":0.0,"event_name":"Wheel of Change","player_choice":"Relic","floor":20.0,"gold_loss":0.0,"damage_taken":0.0},{"damage_healed":0.0,"max_hp_gain":0.0,"max_hp_loss":0.0,"gold_gain":200.0,"event_name":"Wheel of Change","player_choice":"Gold","floor":28.0,"gold_loss":0.0,"damage_taken":0.0},{"damage_healed":0.0,"max_hp_gain":0.0,"max_hp_loss":0.0,"gold_gain":0.0,"event_name":"MindBloom","player_choice":"Fight","floor":37.0,"gold_loss":0.0,"damage_taken":0.0},{"cards_removed":["Reprogram"],"damage_healed":0.0,"max_hp_gain":0.0,"max_hp_loss":0.0,"gold_gain":0.0,"event_name":"Falling","player_choice":"Removed Skill","floor":42.0,"gold_loss":0.0,"damage_taken":0.0}],"is_beta":false,"boss_relics":[{"not_picked":["Philosopher\u0027s Stone","Fusion Hammer"],"picked":"Empty Cage"},{"not_picked":["Runic Dome","Nuclear Battery"],"picked":"Pandora\u0027s Box"}],"items_purged_floors":[4,36],"is_endless":false,"potions_floor_spawned":[1,3,14,18,22,30,31,35,39,45],"killed_by":"The Heart","ascension_level":20}}