{"host":"gm50ke85n5jz306u","time":1614017010,"event":{"mods":["AchievementEnabler","AlwaysNeverKeys","Aspiration","BaseMod","Bestiary","Better Altar","Better Match","Better Note","Better Sensory Stone","Better Skull","Better Third Choice","Better Vampires","Better-Laid Plans","BetterRewards","Colored Powertips","Curses Come First","DNKmod","Defuse TimeMaze Blight","Disable Question Mark Monsters","Displayed Cursed Tome","Downfall","Emptier Cage","Extra Virgin Snecko Oil","Filter the Spire","Friendly Minions","Gremlin Skip","Hermit","Hubris","Hyrulean Relics","Ironclad Rager","Jorbs\u0027s Wanderer Trilogy","Koishi","Lobotomy","Marisa????????","Marked Mod","Minty Spire (QoL Compilation)","Permanent Neow","Poor People Problems","Quick Restart","Reimu??????","Relic Filter Mod","Relic Sorter","Remilia??????","Remove Card Discount Mod","Reorder Act Four","Replay The Spire","Shop Mod","StSLib","Synergy Search","Td1madao Mod","The Administrix","The Animator","The Blue Laboratory","The Bug Knight","The Construct","The Cursed","The Disciple","The Hierophant","The Necromancer","The Poker Player","The Runesmith","The Senshi","The Servant 0.9.4","Thieving Mod","Transform Curses","WarShipGirlsR/????R mod","Youmu??????"],"gold_per_floor":[9996,9332,9351,9037,9037,9075,9075,9075,9098,9098,9130,9130,9168,9213,9213,9308,9308,9336,9376,8992,9020,9040,9040,9053,9070,9070,9070,9098,9115,9134,8971,8971,9075,9075,9118,9118,8827,8882,8784,8804,8815,8986,8986,9094,9094,9135,9135,9135,9135,9135],"floor_reached":51,"language":"ENG","playtime":4727,"items_purged":["hierophant:LocustPlague","hierophant:Punish","hierophant:ChurchCoffers","hierophant:CoinFling","hierophant:Doubloon","hierophant:Strike_Hierophant","hierophant:Strike_Hierophant","hierophant:Strike_Hierophant","hierophant:Strike_Hierophant","hierophant:Defend_Hierophant","hierophant:Defend_Hierophant","hierophant:Defend_Hierophant","hierophant:Defend_Hierophant","hierophant:EyeForCoin+1","hierophant:Endure+1","hierophant:Glossolalia+1","hierophant:PassingBell+1","hierophant:RustyCrate+1","hierophant:Remorse","hierophant:RustyCrate+1"],"score":853,"play_id":"f854247b-8a03-48c4-b20d-a65c87eb7718","local_time":"20210222190329","is_ascension_mode":false,"campfire_choices":[{"data":"hierophant:Glossolalia","floor":7.0,"key":"SMITH"},{"data":"Dramatic Entrance","floor":10.0,"key":"SMITH"},{"data":"hierophant:CursedGold","floor":12.0,"key":"SMITH"},{"data":"hierophant:Charity","floor":15.0,"key":"SMITH"},{"data":"hierophant:Charity","floor":23.0,"key":"SMITH"},{"data":"hierophant:Generosity","floor":27.0,"key":"SMITH"},{"data":"hierophant:Remorse","floor":32,"key":"SMITH"},{"data":"hierophant:Generosity","floor":45,"key":"SMITH"},{"floor":49,"key":"REST"}],"circlet_count":0,"master_deck":["Dramatic Entrance+1","hierophant:CursedGold+1","hierophant:Doubloon+1","hierophant:Doubloon+1","hierophant:Doubloon+1","hierophant:Doubloon+1","hierophant:Doubloon+1","hierophant:Doubloon+1","hierophant:Charity+1","hierophant:Doubloon+1","hierophant:Doubloon+1","hierophant:Doubloon+1","hierophant:Dazzle+1","hierophant:Doubloon+1","hierophant:Charity+1","hierophant:Doubloon+1","hierophant:Doubloon+1","hierophant:Doubloon+1","hierophant:Doubloon+1","hierophant:Remorse+1","hierophant:Doubloon+1","hierophant:Doubloon+1","hierophant:Generosity+1","hierophant:Doubloon+1","hierophant:Charity+1","hierophant:Doubloon+1","hierophant:Doubloon+1","hierophant:Doubloon+1","hierophant:Generosity+1","hierophant:Doubloon+1","hierophant:Doubloon+1","hierophant:Doubloon+1","hierophant:Doubloon+1","hierophant:Doubloon+1","hierophant:Doubloon+1"],"relics":["hierophant:PropheticMaskRelic","Shuriken","Snack Pack","MerchantsRug","hubris:Spice","aspiration:IroncladSkillbook","Membership Card","Blue Doll","hubris:Teleporter","Toxic Egg 2","Replay:Wax Seal","Gremlin Food","Replay:Rubber Ducky","Strange Spoon","MealTicket","Centennial Puzzle","hubris:Towel"],"acts_visited":["Exordium","TheCity","TheBeyond"],"potions_floor_usage":[],"damage_taken":[{"damage":5.0,"enemies":"Small Slimes","floor":1.0,"turns":2.0},{"damage":5.0,"enemies":"2 Louse","floor":3.0,"turns":3.0},{"damage":57.0,"enemies":"Gremlin Nob","floor":6.0,"turns":6.0},{"damage":0.0,"enemies":"Cultist","floor":11.0,"turns":4.0},{"damage":0.0,"enemies":"2 Fungi Beasts","floor":13.0,"turns":3.0},{"damage":2.0,"enemies":"Exordium Thugs","floor":14.0,"turns":5.0},{"damage":21.0,"enemies":"Slime Boss","floor":16.0,"turns":8.0},{"damage":0.0,"enemies":"Shell Parasite","floor":18.0,"turns":3.0},{"damage":1.0,"enemies":"Chosen","floor":19.0,"turns":6.0},{"damage":0.0,"enemies":"Shelled Parasite and Fungi","floor":21.0,"turns":2.0},{"damage":0.0,"enemies":"Centurion and Healer","floor":22.0,"turns":2.0},{"damage":0.0,"enemies":"Snake Plant","floor":24.0,"turns":2.0},{"damage":0.0,"enemies":"3 Cultists","floor":25.0,"turns":2.0},{"damage":1.0,"enemies":"Book of Stabbing","floor":28.0,"turns":2.0},{"damage":0.0,"enemies":"Cultist and Chosen","floor":29.0,"turns":3.0},{"damage":0.0,"enemies":"Centurion and Healer","floor":30.0,"turns":2.0},{"damage":13,"enemies":"hubris:MusketHawk","floor":33,"turns":4},{"damage":0,"enemies":"3 Darklings","floor":35,"turns":1},{"damage":3,"enemies":"3 Shapes","floor":38,"turns":1},{"damage":0,"enemies":"Spire Growth","floor":40,"turns":1},{"damage":0,"enemies":"Maw","floor":41,"turns":2},{"damage":0,"enemies":"Jaw Worm Horde","floor":42,"turns":1},{"damage":0,"enemies":"Spire Growth","floor":44,"turns":1},{"damage":0,"enemies":"Giant Head","floor":46,"turns":1},{"damage":0,"enemies":"Replay:Hell Engine","floor":50,"turns":1}],"seed_played":"2893767674550631905","potions_obtained":[{"floor":11.0,"key":"SpeedPotion"},{"floor":16.0,"key":"blueLaboratory:EnragingPotion"},{"floor":22.0,"key":"Regen Potion"}],"is_trial":false,"path_per_floor":["M","$","M","$","?","E","R","?","T","R","M","R","M","M","R","B",null,"M","M","$","M","M","R","M","M","T","R","E","M","M","$","R","B",null,"M","?","$","M","$","M","M","M","T","M","R","E","?","?","R","B",null],"character_chosen":"HIEROPHANT","items_purchased":["MerchantsRug","Membership Card","Toxic Egg 2","hubris:Spice","Swift Potion","hierophant:Glossolalia","Snack Pack","Replay:Wax Seal","Dramatic Entrance","Adrenaline Potion","blueLaboratory:CorrosionFlask","hierophant:CursedGold","hubris:Spice","hubris:Teleporter","hierophant:PassingBell+1","hierophant:Charity","blueLaboratory:FruitPunch","Shuriken","hierophant:Charity","hierophant:Remorse","hierophant:RustyCrate+1","Blue Doll","Replay:Rubber Ducky","Strange Spoon","LiquidMemories","MealTicket","hierophant:Doubloon+1"],"campfire_rested":1,"item_purchase_floors":[2,2,2,2,2,2,4,4,4,4,4,4,20,20,20,20,20,31,31,37,37,37,37,37,37,39,39],"current_hp_per_floor":[70,78,73,73,73,30,30,30,30,30,30,30,30,30,30,11,67,67,59,51,51,45,45,45,45,37,37,36,37,29,29,29,18,29,29,29,29,29,29,29,29,29,29,29,29,29,29,29,29,29],"gold":9135,"neow_bonus":"ONE_RANDOM_RARE_CARD","is_daily":false,"chose_seed":false,"campfire_upgraded":8,"win_rate":0.0,"timestamp":1614017009,"path_taken":["M","$","M","$","?","E","R","?","T","R","M","R","M","M","R","BOSS","M","M","$","?","M","R","M","M","T","R","E","M","M","$","R","BOSS","M","?","$","M","$","M","M","M","T","?","R","E","?","?","R","BOSS"],"items_purchased_type":["Relic","Relic","Relic","Relic","Potion","Card","Relic","Relic","Card","Potion","Potion","Card","Relic","Relic","Card","Card","Potion","Relic","Card","Card","Card","Relic","Relic","Relic","Potion","Relic","Card"],"build_version":"2020-12-22","purchased_purges":20,"victory":true,"max_hp_per_floor":[75,83,83,83,83,91,91,91,83,83,83,83,75,75,75,75,67,67,59,51,51,45,45,45,45,37,37,37,37,29,29,29,29,29,29,29,29,29,29,29,29,29,29,29,29,29,29,29,29,29],"card_choices":[{"not_picked":["hierophant:SolarFlare","hierophant:Remorse"],"picked":"hierophant:CoinFling","floor":1.0},{"not_picked":["hierophant:Rebuild+1","hierophant:RustyCrate+1"],"picked":"hierophant:EyeForCoin+1","floor":3.0},{"not_picked":["hierophant:Smite","hierophant:Doubloon+1"],"picked":"hierophant:Endure+1","floor":6.0},{"not_picked":["hierophant:DisplayOfPower","hierophant:FlamingChariot","hierophant:MirrorShield+1"],"picked":"SKIP","floor":11.0},{"not_picked":["hierophant:Remorse","hierophant:AuricBeam"],"picked":"hubris:SpiceAddiction","floor":13.0},{"not_picked":["hierophant:HolyVerse+1","hierophant:Anathema"],"picked":"hierophant:Charity","floor":14.0},{"not_picked":["hierophant:Blessing+1","hierophant:DisplayOfPower"],"picked":"hierophant:Dazzle+1","floor":18.0},{"not_picked":["hierophant:Martyrdom","hierophant:HolyVerse+1"],"picked":"hubris:SpiceAddiction","floor":19.0},{"not_picked":["hierophant:Encroach+1","hierophant:SealAway","hierophant:Sermon+1"],"picked":"SKIP","floor":21.0},{"not_picked":["hierophant:HammerAndAnvil+1","hubris:SpiceAddiction"],"picked":"hubris:SpiceAddiction","floor":22.0},{"not_picked":["hierophant:OrnateBuckler+1","hubris:SpiceAddiction"],"picked":"hierophant:Remorse","floor":24.0},{"not_picked":["hubris:SpiceAddiction","hierophant:AuricBeam"],"picked":"hierophant:Generosity","floor":25.0},{"not_picked":["hierophant:FlamingChariot","hierophant:Bribe+1","hierophant:EyeForCoin+1"],"picked":"SKIP","floor":28.0},{"not_picked":["hierophant:FlamingChariot","hierophant:Bribe+1","hierophant:EyeForCoin+1"],"picked":"SKIP","floor":28.0},{"not_picked":["hierophant:DisplayOfPower","hierophant:OrnateJavelin+1","hierophant:SolarFlare"],"picked":"SKIP","floor":29.0},{"not_picked":["hierophant:DisplayOfPower","hierophant:Doomsaying+1"],"picked":"hubris:SpiceAddiction","floor":30.0},{"not_picked":["hierophant:AuricForm","hierophant:Cornucopia+1"],"picked":"hierophant:Generosity","floor":33},{"not_picked":["hierophant:Purify","hierophant:Zeal+1","hierophant:SealAway+1","hierophant:MorningPrayer+1"],"picked":"SKIP","floor":35},{"not_picked":["hubris:SpiceAddiction","hierophant:Flagellation+1","hierophant:Chorus+1"],"picked":"hierophant:RustyCrate+1","floor":38},{"not_picked":["hierophant:OrnateBuckler+1","hierophant:ThreeLashes+1","hierophant:Encroach+1","hierophant:RecallFunds+1"],"picked":"SKIP","floor":40},{"not_picked":["hierophant:OrnateBuckler+1","hierophant:ThreeLashes+1","hierophant:Encroach+1","hierophant:RecallFunds+1"],"picked":"SKIP","floor":40},{"not_picked":["hubris:SpiceAddiction","hierophant:SecretStash+1","hierophant:Empathy+1","hierophant:AuricBeam+1"],"picked":"SKIP","floor":41},{"not_picked":["hierophant:DisplayOfPower","hierophant:Glossolalia+1","hubris:SpiceAddiction","hierophant:FieryStrike+1"],"picked":"SKIP","floor":42},{"not_picked":["hierophant:Doomsaying+1","hierophant:HammerAndAnvil+1","hierophant:Sermon+1","hierophant:Zeal+1"],"picked":"SKIP","floor":44},{"not_picked":["hierophant:Alms+1","hierophant:SealAway+1","hubris:SpiceAddiction","hierophant:FlamingChariot"],"picked":"SKIP","floor":46}],"player_experience":390851,"relics_obtained":[{"floor":6.0,"key":"hubris:Spice"},{"floor":9.0,"key":"hubris:Spice"},{"floor":26.0,"key":"hubris:Spice"},{"floor":28.0,"key":"Gremlin Food"},{"floor":46,"key":"Centennial Puzzle"}],"event_choices":[{"damage_healed":0.0,"max_hp_gain":0.0,"max_hp_loss":0.0,"gold_gain":0.0,"event_name":"Golden Wing","player_choice":"Ignored","floor":5.0,"gold_loss":0.0,"damage_taken":0.0},{"cards_removed":["Dramatic Entrance"],"damage_healed":0.0,"max_hp_gain":0.0,"max_hp_loss":0.0,"gold_gain":0.0,"event_name":"betterNote:BetterNote","player_choice":"Give","floor":8.0,"gold_loss":0.0,"damage_taken":0.0,"cards_obtained":["Finesse"]}],"is_beta":false,"boss_relics":[{"not_picked":["hubris:Spice","hubris:Spice"],"picked":"hubris:Spice"},{"not_picked":["hubris:Spice","hubris:Spice"],"picked":"aspiration:IroncladSkillbook"}],"items_purged_floors":[2,2,2,4,4,20,20,20,20,20,20,20,20,37,37,37,37,37,37,39],"is_endless":false,"potions_floor_spawned":[1,11,16,19,21,22,25,30,41,42,44],"ascension_level":0}}