{"host":"j1i2cvf2viij1g59","time":1614030466,"event":{"mods":["AchievementEnabler","Act Like it!","Arknights","Aspiration","BaseMod","Better Altar","Better Match","Better Note","Better Sensory Stone","Better Skull","Better Third Choice","Better Vampires","BetterRewards","Colored Powertips","Custom Start","Downfall","Hermit","Highlight Path","Minty Spire (QoL Compilation)","Pale of the Ancients","Quick Restart","Relic Stats","Replay The Spire","Shop Mod","Spicy Shops","StSLib","TestMod","The Bug Knight","The Cursed","TheWitcher","¡¾ÒÅÎï¿¨ÅÆ¡¿REMEMod","óô»ðÖ¸ÄÏ"],"gold_per_floor":[99,108,132,147,171,205,227,260,284,284,284,284],"floor_reached":10,"language":"ZHS","playtime":547,"items_purged":[],"score":105,"play_id":"b346723a-9483-467c-af04-38eb1961f7aa","local_time":"20210222174746","is_ascension_mode":false,"campfire_choices":[{"data":"hexamod:Float","floor":1.0,"key":"SMITH"}],"circlet_count":0,"master_deck":["hexamod:Strike","hexamod:Strike","hexamod:Strike","hexamod:Strike","hexamod:Defend","hexamod:Defend","hexamod:Defend","hexamod:Defend","hexamod:Sear","hexamod:Float+1","Burst","hexamod:SecondSeal","hexamod:FirstSeal","hexamod:ExtraCrispy","hexamod:SpectralAdrenaline","hexamod:Incineration","hexamod:GhostOfSpirePresent+1","hexamod:PhantomFireball"],"relics":["hexamod:SpiritBrand","testmod-TestBox","REME_ComplimentaryCards","testmod-Charity","Golden Egg","Gremlin Food","ReplayTheSpireMod:TigerMarble"],"acts_visited":["Exordium"],"potions_floor_usage":[6,10,10],"damage_taken":[{"damage":0.0,"enemies":"Small Slimes","floor":2.0,"turns":3.0},{"damage":0.0,"enemies":"Cultist","floor":3.0,"turns":4.0},{"damage":5,"enemies":"Jaw Worm","floor":4,"turns":4},{"damage":2,"enemies":"Blue Slaver","floor":5,"turns":4},{"damage":17,"enemies":"Lagavulin","floor":6,"turns":7},{"damage":28,"enemies":"Gremlin Nob","floor":8,"turns":5},{"damage":24,"enemies":"Large Slime","floor":9,"turns":6},{"damage":33,"enemies":"Lagavulin","floor":10,"turns":6}],"seed_played":"-2696301899223498269","potions_obtained":[{"floor":2.0,"key":"Venom Potion"},{"floor":4,"key":"Swift Potion"},{"floor":5,"key":"CultistPotion"}],"is_trial":false,"path_per_floor":["R","M","M","M","M","E","T","E","M","E"],"character_chosen":"THE_SPIRIT","items_purchased":[],"campfire_rested":0,"item_purchase_floors":[],"current_hp_per_floor":[77,78,79,80,81,72,73,46,30,0,0,0],"gold":284,"neow_bonus":"TEN_PERCENT_HP_BONUS","is_daily":false,"chose_seed":false,"campfire_upgraded":1,"win_rate":0.0,"timestamp":1614030466,"path_taken":["R","M","M","M","M","E","T","E","M","E"],"items_purchased_type":[],"build_version":"2020-12-22","purchased_purges":0,"victory":false,"max_hp_per_floor":[77,78,79,80,81,82,83,84,85,85,85,85],"relic_stats":{"counters":[8,39],"obtain_stats":[{"Gremlin Food":7,"Golden Egg":6,"testmod-TestBox":0,"ReplayTheSpireMod:TigerMarble":8,"hexamod:SpiritBrand":0,"testmod-Charity":0,"REME_ComplimentaryCards":0},{"Gremlin Food":5,"Golden Egg":5,"testmod-TestBox":0,"ReplayTheSpireMod:TigerMarble":6,"hexamod:SpiritBrand":0,"testmod-Charity":0,"REME_ComplimentaryCards":0},{"Gremlin Food":22,"Golden Egg":22,"testmod-TestBox":0,"ReplayTheSpireMod:TigerMarble":27,"hexamod:SpiritBrand":0,"testmod-Charity":0,"REME_ComplimentaryCards":0}]},"card_choices":[{"not_picked":["hexamod:PowerFromBeyond","hexamod:SpectralSpark"],"picked":"hexamod:SecondSeal","floor":2.0},{"not_picked":["hexamod:RecurringNightmare","hexamod:ThermalTransfer"],"picked":"hexamod:FirstSeal","floor":3.0},{"not_picked":["hexamod:RadiantFlame","hexamod:SuperheatedStrike"],"picked":"hexamod:ExtraCrispy","floor":4},{"not_picked":["hexamod:NightmareGuise","hexamod:SpectralSpark"],"picked":"hexamod:SpectralAdrenaline","floor":5},{"not_picked":["hexamod:NecessarySacrifice","hexamod:BurningTouch"],"picked":"hexamod:Incineration","floor":6},{"not_picked":["hexamod:CatchUp","hexamod:GhostLash"],"picked":"hexamod:GhostOfSpirePresent","floor":8},{"not_picked":["hexamod:BurningTouch","hexamod:NightmareGuise"],"picked":"hexamod:PhantomFireball","floor":9}],"player_experience":113434,"relics_obtained":[{"floor":6,"key":"Golden Egg"},{"floor":7,"key":"Gremlin Food"},{"floor":8,"key":"ReplayTheSpireMod:TigerMarble"}],"event_choices":[],"is_beta":false,"boss_relics":[],"items_purged_floors":[],"is_endless":false,"potions_floor_spawned":[2,4,5],"killed_by":"Lagavulin","ascension_level":0}}