{"host":"sc0o2qwpf9j16a4i","time":1614000333,"event":{"mods":["AchievementEnabler","BaseMod","BetterRewards","Block Reminder","Colored Map","Colored Powertips","Custom Start","Highlight Path","Minty Spire (QoL Compilation)","Relic Stats"],"gold_per_floor":[110,125,125,125,138,163,182,182,207,207,234,234,12,12,12,107,107,123,139,149,161,38,38,72,72,72,72,72],"floor_reached":27,"language":"ENG","playtime":828,"items_purged":["Regret"],"score":391,"play_id":"a0a9322a-b483-405d-88e5-8cacecc0da07","local_time":"20210222152533","daily_mods":["Draft","Green Cards","Binary"],"is_ascension_mode":false,"campfire_choices":[{"data":"TalkToTheHand","floor":10,"key":"SMITH"},{"data":"Terror","floor":12,"key":"SMITH"},{"data":"Apotheosis","floor":15,"key":"SMITH"},{"floor":23,"key":"REST"},{"data":"Wallop","floor":25,"key":"SMITH"}],"circlet_count":0,"master_deck":["FlyingSleeves","CarveReality","TalkToTheHand+1","Protect","PiercingWail+1","Wallop+1","Terror+1","ThirdEye","Dagger Spray","Consecrate","FlyingSleeves","BowlingBash","Prepared+1","Flechettes","ThirdEye","Slice","Wallop","DevaForm","Apotheosis+1","PiercingWail+1"],"relics":["HolyWater","Centennial Puzzle","War Paint","Happy Flower","Singing Bowl","PreservedInsect","Strawberry","Matryoshka"],"acts_visited":["Exordium","TheCity"],"potions_floor_usage":[6,11,20,20,21,27],"damage_taken":[{"damage":0,"enemies":"2 Louse","floor":1,"turns":2},{"damage":0,"enemies":"Jaw Worm","floor":2,"turns":1},{"damage":0,"enemies":"Cultist","floor":5,"turns":3},{"damage":1,"enemies":"Lagavulin","floor":6,"turns":5},{"damage":0,"enemies":"3 Louse","floor":7,"turns":2},{"damage":0,"enemies":"Gremlin Nob","floor":11,"turns":3},{"damage":0,"enemies":"The Guardian","floor":16,"turns":7},{"damage":13,"enemies":"2 Thieves","floor":18,"turns":3},{"damage":4,"enemies":"3 Byrds","floor":19,"turns":3},{"damage":3,"enemies":"Snecko","floor":20,"turns":5},{"damage":18,"enemies":"Shelled Parasite and Fungi","floor":21,"turns":4},{"damage":0,"enemies":"Gremlin Leader","floor":24,"turns":3},{"damage":7,"enemies":"Sentry and Sphere","floor":27,"turns":5}],"seed_played":"-5139667259402271525","potions_obtained":[{"floor":1,"key":"PowerPotion"},{"floor":5,"key":"Weak Potion"},{"floor":7,"key":"SkillPotion"},{"floor":16,"key":"AttackPotion"},{"floor":20,"key":"SkillPotion"}],"is_trial":true,"path_per_floor":["M","M","?","?","M","E","M","?","T","R","E","R","$","?","R","B",null,"M","M","M","M","$","R","E","R","T","M"],"character_chosen":"WATCHER","items_purchased":["Apotheosis","SkillPotion","Block Potion"],"campfire_rested":1,"item_purchase_floors":[13,13,22],"current_hp_per_floor":[72,72,72,72,72,71,71,71,71,71,71,71,71,71,71,73,74,63,61,60,42,42,66,75,75,75,68,68],"gold":72,"neow_bonus":"","is_daily":false,"chose_seed":false,"campfire_upgraded":4,"win_rate":0.0,"timestamp":1614000333,"path_taken":["M","?","?","?","M","E","?","?","T","R","E","R","$","?","R","BOSS","M","M","M","?","?","R","E","R","T","?"],"items_purchased_type":["Card","Potion","Potion"],"build_version":"2020-12-22","purchased_purges":1,"victory":false,"max_hp_per_floor":[72,72,72,72,72,72,72,72,72,72,72,72,72,72,72,74,74,76,78,80,80,80,80,89,89,89,89,89],"relic_stats":{"Centennial Puzzle":[18],"Happy Flower":[11],"Singing Bowl":10,"counters":[13,46],"PreservedInsect":48,"War Paint":["PiercingWail","Prepared"],"obtain_stats":[{"Centennial Puzzle":3,"Matryoshka":26,"Happy Flower":9,"Singing Bowl":11,"Strawberry":24,"HolyWater":17,"PreservedInsect":14,"PureWater":0,"War Paint":6},{"Centennial Puzzle":2,"Matryoshka":12,"Happy Flower":5,"Singing Bowl":6,"Strawberry":12,"HolyWater":7,"PreservedInsect":6,"PureWater":0,"War Paint":4},{"Centennial Puzzle":3,"Matryoshka":41,"Happy Flower":13,"Singing Bowl":16,"Strawberry":41,"HolyWater":23,"PreservedInsect":16,"PureWater":0,"War Paint":11}]},"card_choices":[{"not_picked":["Accuracy","Poisoned Stab"],"picked":"FlyingSleeves","floor":0},{"not_picked":["Acrobatics","Collect"],"picked":"CarveReality","floor":0},{"not_picked":["FlyingSleeves","Expertise"],"picked":"TalkToTheHand","floor":0},{"not_picked":["Halt","Heel Hook"],"picked":"Protect","floor":0},{"not_picked":["Heel Hook","SashWhip"],"picked":"CrushJoints","floor":0},{"not_picked":["Slice","Pray"],"picked":"PiercingWail","floor":0},{"not_picked":["Blur","SashWhip"],"picked":"Wallop","floor":0},{"not_picked":["MentalFortress","FlurryOfBlows"],"picked":"Terror","floor":0},{"not_picked":["InnerPeace","EmptyFist"],"picked":"ThirdEye","floor":0},{"not_picked":["Pray","Swivel"],"picked":"Finisher","floor":0},{"not_picked":["Indignation","Blur"],"picked":"Dagger Spray","floor":0},{"not_picked":["FollowUp","Accuracy"],"picked":"Consecrate","floor":0},{"not_picked":["Cloak And Dagger","Adaptation"],"picked":"FlyingSleeves","floor":0},{"not_picked":["Bouncing Flask","ClearTheMind"],"picked":"BowlingBash","floor":0},{"not_picked":["Concentrate","Adaptation"],"picked":"Prepared","floor":0},{"not_picked":["Bane"],"picked":"Flechettes","floor":1},{"not_picked":["Bouncing Flask"],"picked":"ThirdEye","floor":2},{"not_picked":["FlurryOfBlows"],"picked":"Slice","floor":5},{"not_picked":["Tantrum"],"picked":"Wallop","floor":6},{"not_picked":["Vengeance","Catalyst"],"picked":"SKIP","floor":7},{"not_picked":["EmptyFist"],"picked":"DevaForm","floor":11},{"not_picked":["Ragnarok","Die Die Die"],"picked":"Singing Bowl","floor":16},{"not_picked":["Perseverance","Bouncing Flask"],"picked":"Singing Bowl","floor":18},{"not_picked":["Quick Slash","Deadly Poison"],"picked":"Singing Bowl","floor":19},{"not_picked":["ReachHeaven","Escape Plan+1"],"picked":"Singing Bowl","floor":20},{"not_picked":["Outmaneuver"],"picked":"PiercingWail+1","floor":21},{"not_picked":["Storm of Steel","Noxious Fumes"],"picked":"Singing Bowl","floor":24}],"player_experience":1526962,"relics_obtained":[{"floor":6,"key":"War Paint"},{"floor":9,"key":"Happy Flower"},{"floor":11,"key":"Singing Bowl"},{"floor":24,"key":"Strawberry"},{"floor":26,"key":"Matryoshka"}],"event_choices":[{"damage_healed":0,"gold_gain":0,"player_choice":"Box","damage_taken":0,"relics_obtained":["Centennial Puzzle"],"max_hp_gain":0,"max_hp_loss":0,"event_name":"Big Fish","floor":3,"gold_loss":0,"cards_obtained":["Regret"]},{"cards_removed":["CrushJoints"],"damage_healed":5,"gold_gain":0,"player_choice":"Offered Common","damage_taken":0,"max_hp_gain":0,"max_hp_loss":0,"event_name":"Bonfire Elementals","floor":4,"gold_loss":0},{"cards_removed":["CrushJoints"],"damage_healed":5,"gold_gain":0,"player_choice":"Offered Special","damage_taken":0,"max_hp_gain":0,"max_hp_loss":0,"event_name":"Bonfire Elementals","floor":4,"gold_loss":0},{"damage_healed":0,"gold_gain":0,"player_choice":"Ignored","damage_taken":0,"max_hp_gain":0,"max_hp_loss":0,"event_name":"Golden Wing","floor":8,"gold_loss":0},{"cards_removed":["Finisher"],"damage_healed":0,"gold_gain":0,"player_choice":"Gave Card","damage_taken":0,"relics_obtained":["PreservedInsect"],"max_hp_gain":0,"max_hp_loss":0,"event_name":"WeMeetAgain","floor":14,"gold_loss":0}],"is_beta":false,"boss_relics":[{"not_picked":["Tiny House","Astrolabe"],"picked":"HolyWater"}],"items_purged_floors":[22],"is_endless":false,"potions_floor_spawned":[1,5,7,16,18,20],"killed_by":"Sentry and Sphere","ascension_level":0}}