{"host":"hemqwg9ve6welna9","time":1614015542,"event":{"mods":["2.2 Compatiblity","AchievementEnabler","Act Like it!","BaseMod","Beaked The Cultist","Bestiary","Better Match","Better Note","Better Third Choice","BetterRewards","Conspire","Curses Come First","Dio Mod","Downfall","Gremlin Mod","Hermit","Highlight Path","Hubris","Melee Mod","Minty Spire (QoL Compilation)","Permanent Neow","Potionbrewer","Quick Restart","Rare Cards Sparkle","Relic Stats","Reliquary","Robot Space Explorer","Ruina","SOS???????","Shop Mod","StSLib","SuperFastMode","Td1madao Mod","The Bug Knight","The Cursed","The Disciple","The Forsaken","The Hierophant","The Jungle","The Marked","The Runesmith","The Senshi","The Servant 0.9.4","The Wild Card","TheBandit","TheVacant","UnlockEverythingMod","everything is the same but u backflip on backflip"],"gold_per_floor":[110,11,36,46,0,34,34,54,54,54,54,80,96,108,108,206,206,224,78,68,68,81,81,109,119,145,145,161,180,203,219,219,324,324,341,341,361,119,119,119],"floor_reached":39,"language":"ENG","playtime":2579,"items_purged":[],"score":438,"play_id":"ad8682d0-e9a2-49c3-a382-4526901e1e02","local_time":"20210222113902","is_ascension_mode":false,"campfire_choices":[{"data":"beaked:Evade","floor":7.0,"key":"SMITH"},{"data":"beaked:MimicWarrior","floor":11.0,"key":"SMITH"},{"data":"beaked:Ceremony","floor":15.0,"key":"SMITH"},{"data":"beaked:WarriorSpirit","floor":23.0,"key":"SMITH"},{"data":"beaked:FeelMyPain","floor":32.0,"key":"SMITH"}],"circlet_count":0,"master_deck":["beaked:Strike_Y","beaked:Strike_Y","beaked:Strike_Y","beaked:Strike_Y","beaked:Strike_Y","beaked:Defend_Y","beaked:Defend_Y","beaked:Defend_Y","beaked:Defend_Y","beaked:Ceremony+1","beaked:Ceremony","beaked:Ceremony","beaked:FakeOut","beaked:Evade+1","beaked:Windmill","beaked:MimicWarrior+1","beaked:MaddeningMurmurs","beaked:Evade","beaked:Molting","beaked:Poke","beaked:Foresight","beaked:DesperateSwing","beaked:Daydream","beaked:ScreechingChant","beaked:Insight","beaked:Roost","beaked:DigDeep+1","beaked:Negation+1","beaked:Windmill","beaked:BloodForTheGods","beaked:HuntressEssence","beaked:WarriorSpirit+1","beaked:Overpower","beaked:CursingBlood+1","beaked:TuckingFeathers","beaked:FeelMyPain+1","beaked:Caw","beaked:SacrificialScars","beaked:FeelMyPain+1","beaked:Ceremony+1","beaked:Daydream+1","beaked:CursingBlood","beaked:DesperateSwing"],"relics":["beaked:MendingPlumage","reliquary:HotPoker","betterThird:SlimedRelic","hubris:Potato","White Beast Statue","Sozu","Orrery","Nloth\u0027s Gift","reliquary:Boomerang","hubris:SlimyHat","reliquary:Stiletto","hubris:Backtick","Ice Cream","potionbrewer:Keyblade"],"acts_visited":["Exordium","TheCity","TheBeyond"],"potions_floor_usage":[],"damage_taken":[{"damage":15.0,"enemies":"Jaw Worm","floor":1.0,"turns":4.0},{"damage":25.0,"enemies":"conspire:MimicChest","floor":3.0,"turns":5.0},{"damage":6.0,"enemies":"2 Louse","floor":4.0,"turns":3.0},{"damage":21.0,"enemies":"Lagavulin","floor":6.0,"turns":6.0},{"damage":11.0,"enemies":"Cultist","floor":8.0,"turns":5.0},{"damage":36.0,"enemies":"Gremlin Nob","floor":12.0,"turns":5.0},{"damage":11.0,"enemies":"Exordium Wildlife","floor":13.0,"turns":4.0},{"damage":2.0,"enemies":"Large Slime","floor":14.0,"turns":7.0},{"damage":14.0,"enemies":"Hexaghost","floor":16.0,"turns":9.0},{"damage":25.0,"enemies":"3 Byrds","floor":18.0,"turns":6.0},{"damage":20.0,"enemies":"2 Thieves","floor":20.0,"turns":4.0},{"damage":46.0,"enemies":"3 Cultists","floor":22.0,"turns":6.0},{"damage":20.0,"enemies":"HollowMod:Nosk","floor":24.0,"turns":7.0},{"damage":68.0,"enemies":"Chosen and Byrds","floor":25.0,"turns":10.0},{"damage":35.0,"enemies":"Cultist and Chosen","floor":28.0,"turns":6.0},{"damage":16.0,"enemies":"Centurion and Healer","floor":29.0,"turns":7.0},{"damage":24.0,"enemies":"Snecko","floor":31.0,"turns":4.0},{"damage":29.0,"enemies":"Automaton","floor":33.0,"turns":6.0},{"damage":0.0,"enemies":"3 Shapes","floor":35.0,"turns":2.0},{"damage":50.0,"enemies":"Orb Walker","floor":37.0,"turns":5.0},{"damage":83,"enemies":"Transient","floor":39,"turns":4}],"seed_played":"5534713960040579743","potions_obtained":[{"floor":8.0,"key":"bronze:BurnAndBuffPotion"},{"floor":12.0,"key":"Dexterity Potion"},{"floor":13.0,"key":"Block Potion"},{"floor":14.0,"key":"SteroidPotion"},{"floor":16.0,"key":"bronze:BurnAndBuffPotion"}],"is_trial":false,"path_per_floor":["M","$","?","M","?","E","R","M","T","?","R","E","M","M","R","B",null,"M","$","M","?","M","R","E","M","T","?","M","M","T","M","R","B",null,"M","?","M","$","M"],"character_chosen":"BEAKED_THE_CULTIST","items_purchased":["beaked:Windmill","beaked:MimicWarrior","Orrery","potionbrewer:Keyblade","beaked:CursingBlood","beaked:DesperateSwing"],"campfire_rested":0,"item_purchase_floors":[2,2,19,38,38,38],"current_hp_per_floor":[39,39,31,36,25,23,23,27,27,27,27,9,12,32,32,50,50,41,41,34,34,34,34,50,30,30,30,27,50,50,50,50,27,50,50,50,50,50,0,0],"gold":119,"neow_bonus":"ONE_RANDOM_RARE_CARD","is_daily":false,"chose_seed":false,"campfire_upgraded":5,"win_rate":0.0,"timestamp":1614015542,"path_taken":["M","$","?","M","?","E","R","M","T","?","R","E","?","M","R","BOSS","M","$","M","?","M","R","E","M","T","?","M","?","?","M","R","BOSS","M","?","M","$","?"],"items_purchased_type":["Card","Card","Relic","Relic","Card","Card"],"build_version":"2020-12-22","purchased_purges":0,"victory":false,"max_hp_per_floor":[50,50,50,50,50,50,50,50,50,50,50,50,50,50,50,50,50,50,50,50,50,50,50,50,50,50,50,50,50,50,50,50,50,50,50,50,50,50,50,50],"relic_stats":{"Sozu":11,"counters":[21,115],"Nloth\u0027s Gift":2,"obtain_stats":[{"Ice Cream":34,"reliquary:Boomerang":24,"hubris:SlimyHat":26,"White Beast Statue":9,"potionbrewer:Torch":12,"Sozu":17,"reliquary:HotPoker":3,"hubris:Backtick":34,"betterThird:SlimedRelic":5,"Orrery":19,"reliquary:Stiletto":30,"Nloth\u0027s Gift":21,"beaked:MendingPlumage":0,"potionbrewer:Keyblade":38,"hubris:Potato":6},{"Ice Cream":18,"reliquary:Boomerang":13,"hubris:SlimyHat":14,"White Beast Statue":5,"potionbrewer:Torch":6,"Sozu":9,"reliquary:HotPoker":2,"hubris:Backtick":18,"betterThird:SlimedRelic":3,"Orrery":10,"reliquary:Stiletto":16,"Nloth\u0027s Gift":11,"beaked:MendingPlumage":0,"potionbrewer:Keyblade":20,"hubris:Potato":4},{"Ice Cream":104,"reliquary:Boomerang":71,"hubris:SlimyHat":81,"White Beast Statue":23,"potionbrewer:Torch":28,"Sozu":48,"reliquary:HotPoker":9,"hubris:Backtick":104,"betterThird:SlimedRelic":12,"Orrery":54,"reliquary:Stiletto":94,"Nloth\u0027s Gift":58,"beaked:MendingPlumage":0,"potionbrewer:Keyblade":111,"hubris:Potato":18}]},"card_choices":[{"not_picked":["beaked:Poke","beaked:StickSmack"],"picked":"beaked:Evade","floor":1.0},{"not_picked":["beaked:Flinch","beaked:Brainwash"],"picked":"beaked:MaddeningMurmurs","floor":3.0},{"not_picked":["beaked:Foresight","beaked:WarriorEssence"],"picked":"beaked:Evade","floor":4.0},{"not_picked":["beaked:Windmill","beaked:CheekyTricks"],"picked":"beaked:Molting","floor":6.0},{"not_picked":["beaked:DigDeep","beaked:BarbedWire"],"picked":"beaked:Poke","floor":8.0},{"not_picked":["beaked:Pecker","beaked:MaddeningMurmurs"],"picked":"beaked:Foresight","floor":12.0},{"not_picked":["beaked:Tradeoff","beaked:Cower"],"picked":"beaked:DesperateSwing","floor":13.0},{"not_picked":["beaked:Redirect","beaked:SacrificialDive"],"picked":"beaked:Daydream","floor":14.0},{"not_picked":["beaked:SacrificialScars","beaked:Sacrifice"],"picked":"beaked:ScreechingChant","floor":16.0},{"not_picked":["beaked:WarriorEssence","beaked:CursingBlood"],"picked":"beaked:Insight","floor":18.0},{"not_picked":["beaked:Resilience","beaked:Cower"],"picked":"beaked:Roost","floor":19.0},{"not_picked":["beaked:DesperateSwing","beaked:Cower"],"picked":"beaked:DigDeep+1","floor":19.0},{"not_picked":["beaked:Evade+1","beaked:ShadowFade"],"picked":"beaked:Negation+1","floor":19.0},{"not_picked":["beaked:RitualOfBody","beaked:Evade"],"picked":"beaked:Windmill","floor":19.0},{"not_picked":["beaked:Tradeoff","beaked:Daydream"],"picked":"beaked:BloodForTheGods","floor":19.0},{"not_picked":["beaked:DigDeep","beaked:Evade+1"],"picked":"beaked:HuntressEssence","floor":20.0},{"not_picked":["beaked:DarkPact","beaked:Brace"],"picked":"beaked:WarriorSpirit","floor":22.0},{"not_picked":["beaked:Molting","beaked:Tradeoff+1"],"picked":"beaked:Overpower","floor":24.0},{"not_picked":["beaked:Devastation+1","beaked:Insight"],"picked":"beaked:CursingBlood+1","floor":25.0},{"not_picked":["beaked:ScreechingChant","beaked:Flinch"],"picked":"beaked:TuckingFeathers","floor":28.0},{"not_picked":["beaked:BarbedWire+1","beaked:SacrificialDive"],"picked":"beaked:FeelMyPain","floor":29.0},{"not_picked":["beaked:Overpower+1","beaked:RuinSticks"],"picked":"beaked:Caw","floor":31.0},{"not_picked":["beaked:DarkPact","beaked:DarkTribute"],"picked":"beaked:SacrificialScars","floor":33.0},{"not_picked":["beaked:Redirect","beaked:Brace"],"picked":"beaked:FeelMyPain+1","floor":35.0},{"not_picked":["beaked:RitualOfBody+1","beaked:DigDeep"],"picked":"beaked:Daydream+1","floor":37.0}],"player_experience":44212,"relics_obtained":[{"floor":3.0,"key":"reliquary:HotPoker"},{"floor":6.0,"key":"hubris:Potato"},{"floor":9.0,"key":"White Beast Statue"},{"floor":12.0,"key":"potionbrewer:Torch"},{"floor":24.0,"key":"reliquary:Boomerang"},{"floor":26.0,"key":"hubris:SlimyHat"},{"floor":30.0,"key":"reliquary:Stiletto"}],"event_choices":[{"damage_healed":0.0,"max_hp_gain":0.0,"max_hp_loss":0.0,"gold_gain":0.0,"event_name":"betterThird:BetterGoop","player_choice":"Slimed","floor":5.0,"gold_loss":46.0,"damage_taken":11.0},{"cards_removed":["beaked:Strike_Y"],"damage_healed":0.0,"max_hp_gain":0.0,"max_hp_loss":0.0,"gold_gain":0.0,"event_name":"Purifier","player_choice":"Purged","floor":10.0,"gold_loss":0.0,"damage_taken":0.0},{"damage_healed":0.0,"max_hp_gain":0.0,"max_hp_loss":0.0,"gold_gain":0.0,"event_name":"N\u0027loth","player_choice":"Traded Relic","floor":21.0,"relics_lost":["potionbrewer:Torch"],"gold_loss":0.0,"damage_taken":0.0,"relics_obtained":["Nloth\u0027s Gift"]},{"damage_healed":0.0,"max_hp_gain":0.0,"max_hp_loss":0.0,"gold_gain":0.0,"event_name":"betterNote:BetterNote","player_choice":"Ignored","floor":27.0,"gold_loss":0.0,"damage_taken":0.0,"cards_obtained":["theForsaken:Preservation"]},{"damage_healed":0.0,"max_hp_gain":0.0,"max_hp_loss":0.0,"gold_gain":0.0,"event_name":"Duplicator","player_choice":"Copied","floor":36.0,"gold_loss":0.0,"damage_taken":0.0,"cards_obtained":["beaked:Ceremony"]}],"is_beta":false,"boss_relics":[{"not_picked":["Calling Bell","Pandora\u0027s Box"],"picked":"Sozu"},{"not_picked":["Black Star","hubris:BlackHole"],"picked":"hubris:Backtick"}],"items_purged_floors":[],"is_endless":false,"potions_floor_spawned":[8,12,13,14,16,18,20,22,24,25,28,29,31,33,35,37],"killed_by":"Transient","ascension_level":0}}