{"host":"rfvxwqmjnimh09wr","time":1614031045,"event":{"mods":["BaseMod","Colored Map","Hermit","Minty Spire (QoL Compilation)","StSLib"],"gold_per_floor":[115,115,134,66,78,111,111,139,139,151,151,176,176,197,197,325,325,346,150,250,268,287,287,287,305,329,329,352,352,352,366,366,485,485,505,505,524,547,5,5,25,25,74,90,90,90,90,113,113,113],"floor_reached":51,"language":"ENG","playtime":2166,"items_purged":[],"score":661,"play_id":"4dff9874-ecbb-4fbc-b148-b73d0923fa7c","local_time":"20210222165725","is_ascension_mode":false,"campfire_choices":[{"floor":7,"key":"DIG"},{"floor":13,"key":"DIG"},{"floor":15,"key":"DIG"},{"floor":23,"key":"DIG"},{"data":"1","floor":27,"key":"LIFT"},{"data":"2","floor":30,"key":"LIFT"},{"data":"3","floor":32,"key":"LIFT"},{"floor":40,"key":"DIG"},{"floor":45,"key":"REST"},{"floor":47,"key":"REST"},{"floor":49,"key":"DIG"}],"circlet_count":0,"master_deck":["Strike_P+1","Strike_P+1","Strike_P","Strike_P","Defend_P","Defend_P","Eruption","Vigilance","Protect","Crescendo","BattleHymn","Consecrate","BowlingBash","Wallop+1","LikeWater","Injury","Vengeance","CutThroughFate+1","Alpha+1","FlyingSleeves+1","Consecrate+1","Halt","MentalFortress","FlyingSleeves+1"],"relics":["Busted Crown","Shovel","Pantograph","Whetstone","Molten Egg 2","Thread and Needle","Golden Idol","White Beast Statue","HornCleat","Fusion Hammer","Bronze Scales","Girya","Empty Cage","Pear","Sling","PreservedInsect","Darkstone Periapt","Potion Belt","Bag of Marbles"],"acts_visited":["Exordium","TheCity","TheBeyond"],"potions_floor_usage":[12,16,16,18,25,50,50,50],"damage_taken":[{"damage":10,"enemies":"Jaw Worm","floor":1,"turns":3},{"damage":0,"enemies":"Cultist","floor":3,"turns":3},{"damage":3,"enemies":"2 Louse","floor":5,"turns":3},{"damage":16,"enemies":"Lagavulin","floor":6,"turns":4},{"damage":20,"enemies":"Gremlin Nob","floor":8,"turns":3},{"damage":0,"enemies":"Lots of Slimes","floor":10,"turns":4},{"damage":0,"enemies":"2 Fungi Beasts","floor":12,"turns":1},{"damage":0,"enemies":"Blue Slaver","floor":14,"turns":3},{"damage":11,"enemies":"The Guardian","floor":16,"turns":6},{"damage":3,"enemies":"2 Thieves","floor":18,"turns":4},{"damage":0,"enemies":"Chosen","floor":21,"turns":3},{"damage":11,"enemies":"Centurion and Healer","floor":22,"turns":4},{"damage":0,"enemies":"Cultist and Chosen","floor":25,"turns":3},{"damage":0,"enemies":"Chosen and Byrds","floor":28,"turns":3},{"damage":0,"enemies":"Snecko","floor":31,"turns":4},{"damage":10,"enemies":"Champ","floor":33,"turns":6},{"damage":5,"enemies":"3 Darklings","floor":35,"turns":3},{"damage":1,"enemies":"Orb Walker","floor":37,"turns":3},{"damage":30,"enemies":"Transient","floor":38,"turns":5},{"damage":40,"enemies":"Writhing Mass","floor":41,"turns":4},{"damage":0,"enemies":"3 Darklings","floor":44,"turns":3},{"damage":17,"enemies":"4 Shapes","floor":48,"turns":2},{"damage":81,"enemies":"Donu and Deca","floor":50,"turns":6}],"seed_played":"-3411062856983953962","potions_obtained":[{"floor":1,"key":"Block Potion"},{"floor":10,"key":"StancePotion"},{"floor":12,"key":"PowerPotion"},{"floor":14,"key":"PowerPotion"},{"floor":16,"key":"Swift Potion"},{"floor":18,"key":"SneckoOil"},{"floor":21,"key":"Ambrosia"},{"floor":22,"key":"AttackPotion"},{"floor":25,"key":"FearPotion"},{"floor":28,"key":"FairyPotion"},{"floor":31,"key":"Energy Potion"},{"floor":33,"key":"BottledMiracle"},{"floor":44,"key":"Weak Potion"},{"floor":48,"key":"AttackPotion"}],"is_trial":false,"path_per_floor":["M","?","M","$","M","E","R","E","T","M","?","M","R","M","R","B",null,"M","$","?","M","M","R","?","M","T","R","M","?","R","M","R","B",null,"M","?","M","M","$","R","M","?","T","M","R","?","R","M","R","B",null],"character_chosen":"WATCHER","items_purchased":["BattleHymn","Bronze Scales","Consecrate+1","Pear","Sling","PreservedInsect"],"campfire_rested":2,"item_purchase_floors":[4,19,19,39,39,39],"current_hp_per_floor":[62,62,62,62,59,43,43,23,23,23,23,23,23,23,23,37,72,69,69,69,69,58,58,58,58,58,58,58,58,58,58,58,62,72,67,67,66,36,46,46,6,6,6,6,30,30,54,37,37,24],"gold":113,"neow_bonus":"BOSS_RELIC","is_daily":false,"chose_seed":false,"campfire_upgraded":0,"win_rate":0.0,"timestamp":1614031045,"path_taken":["M","?","?","$","M","E","R","E","T","M","?","M","R","M","R","BOSS","M","$","?","M","?","R","?","M","T","R","M","?","R","M","R","BOSS","M","?","M","M","$","R","M","?","T","?","R","?","R","M","R","BOSS"],"items_purchased_type":["Card","Relic","Card","Relic","Relic","Relic"],"build_version":"2020-12-22","purchased_purges":0,"victory":true,"max_hp_per_floor":[72,72,72,72,72,72,72,72,72,72,72,72,72,72,72,72,72,72,72,72,72,72,72,72,72,72,72,72,72,72,72,72,72,72,72,72,72,72,82,82,82,82,82,82,82,82,82,82,82,82],"card_choices":[{"not_picked":[],"picked":"Protect","floor":1},{"not_picked":[],"picked":"Crescendo","floor":3},{"not_picked":[],"picked":"Consecrate","floor":5},{"not_picked":[],"picked":"BowlingBash","floor":6},{"not_picked":[],"picked":"Wallop+1","floor":8},{"not_picked":[],"picked":"LikeWater","floor":10},{"not_picked":[],"picked":"Vengeance","floor":12},{"not_picked":[],"picked":"CutThroughFate+1","floor":14},{"not_picked":[],"picked":"Alpha","floor":16},{"not_picked":[],"picked":"FlyingSleeves+1","floor":18},{"not_picked":["Prostrate"],"picked":"SKIP","floor":21},{"not_picked":[],"picked":"Halt","floor":22},{"not_picked":[],"picked":"ThirdEye","floor":25},{"not_picked":[],"picked":"MentalFortress","floor":28},{"not_picked":[],"picked":"FlyingSleeves+1","floor":31},{"not_picked":["Worship+1"],"picked":"SKIP","floor":35},{"not_picked":["FlurryOfBlows+1"],"picked":"SKIP","floor":37},{"not_picked":["EmptyMind"],"picked":"SKIP","floor":38},{"not_picked":["Meditate+1"],"picked":"SKIP","floor":41},{"not_picked":["FlurryOfBlows+1"],"picked":"SKIP","floor":44},{"not_picked":["LikeWater"],"picked":"SKIP","floor":48}],"player_experience":212392,"relics_obtained":[{"floor":6,"key":"Pantograph"},{"floor":7,"key":"Whetstone"},{"floor":8,"key":"Molten Egg 2"},{"floor":9,"key":"Thread and Needle"},{"floor":13,"key":"White Beast Statue"},{"floor":15,"key":"HornCleat"},{"floor":23,"key":"Girya"},{"floor":40,"key":"Darkstone Periapt"},{"floor":43,"key":"Potion Belt"},{"floor":49,"key":"Bag of Marbles"}],"event_choices":[{"damage_healed":0,"gold_gain":0,"player_choice":"Gave Potion","damage_taken":0,"relics_obtained":["Shovel"],"max_hp_gain":0,"max_hp_loss":0,"event_name":"WeMeetAgain","floor":2,"gold_loss":0},{"damage_healed":0,"gold_gain":0,"player_choice":"Take Wound","damage_taken":0,"relics_obtained":["Golden Idol"],"max_hp_gain":0,"max_hp_loss":0,"event_name":"Golden Idol","floor":11,"gold_loss":0,"cards_obtained":["Injury"]},{"damage_healed":0,"gold_gain":100,"player_choice":"Pray","damage_taken":0,"max_hp_gain":0,"max_hp_loss":0,"event_name":"Golden Shrine","floor":20,"gold_loss":0},{"damage_healed":0,"gold_gain":0,"player_choice":"Ignored","damage_taken":0,"max_hp_gain":0,"max_hp_loss":0,"event_name":"Cursed Tome","floor":24,"gold_loss":0},{"damage_healed":0,"gold_gain":0,"player_choice":"Forge","damage_taken":0,"max_hp_gain":0,"max_hp_loss":0,"event_name":"Accursed Blacksmith","floor":29,"gold_loss":0,"cards_upgraded":["Alpha"]},{"cards_removed":["ThirdEye"],"damage_healed":0,"gold_gain":0,"player_choice":"Removed Skill","damage_taken":0,"max_hp_gain":0,"max_hp_loss":0,"event_name":"Falling","floor":36,"gold_loss":0},{"damage_healed":0,"gold_gain":0,"player_choice":"Ignored","damage_taken":0,"max_hp_gain":0,"max_hp_loss":0,"event_name":"NoteForYourself","floor":42,"gold_loss":0},{"damage_healed":0,"gold_gain":0,"player_choice":"Memory 1","damage_taken":0,"max_hp_gain":0,"max_hp_loss":0,"event_name":"SensoryStone","floor":46,"gold_loss":0}],"is_beta":false,"boss_relics":[{"not_picked":["Ectoplasm","SacredBark"],"picked":"Fusion Hammer"},{"not_picked":["Velvet Choker","Runic Dome"],"picked":"Empty Cage"}],"items_purged_floors":[],"is_endless":false,"potions_floor_spawned":[1,10,12,14,16,18,21,22,25,28,31,33,35,37,38,41,44,48],"ascension_level":0}}