{"host":"en4narc5947t7k9n","time":1614031575,"event":{"mods":["AchievementEnabler","BaseMod","Colored Map","Minty Spire (QoL Compilation)","SuperFastMode"],"gold_per_floor":[113,128,78,96,96,96,96,114,162,179,195,210,227,239,239,339,339,356,373,76,76,88,88,100,113,138,138,37,37,37],"floor_reached":29,"language":"KOR","playtime":1055,"items_purged":[],"score":223,"play_id":"d41d8737-31f3-4495-b49b-46dcfd46b91b","local_time":"20210223070615","is_ascension_mode":false,"campfire_choices":[{"data":"Neutralize","floor":6,"key":"SMITH"},{"floor":15,"key":"RECALL"},{"floor":23,"key":"REST"},{"floor":27,"key":"REST"}],"circlet_count":0,"master_deck":["Strike_G","Strike_G","Strike_G","Defend_G","Defend_G","Defend_G","Defend_G","Defend_G","Survivor","Neutralize+1","Noxious Fumes","All Out Attack","Masterful Stab","Dagger Throw","Caltrops","Deadly Poison","Bouncing Flask","Glass Knife","Bouncing Flask","Prepared","Die Die Die","Deflect","Catalyst","Acrobatics","Backflip","Terror"],"relics":["Ring of the Snake","Philosopher\u0027s Stone","HandDrill","Ancient Tea Set","Orichalcum"],"acts_visited":["Exordium","TheCity"],"potions_floor_usage":[10,12,14,16,16,16,22,22,25,25,28],"damage_taken":[{"damage":4,"enemies":"Jaw Worm","floor":1,"turns":8},{"damage":0,"enemies":"Cultist","floor":2,"turns":5},{"damage":0,"enemies":"2 Louse","floor":4,"turns":3},{"damage":7,"enemies":"Blue Slaver","floor":8,"turns":3},{"damage":9,"enemies":"Exordium Wildlife","floor":10,"turns":5},{"damage":0,"enemies":"3 Louse","floor":11,"turns":1},{"damage":1,"enemies":"Lots of Slimes","floor":12,"turns":2},{"damage":3,"enemies":"Exordium Wildlife","floor":13,"turns":3},{"damage":6,"enemies":"Gremlin Gang","floor":14,"turns":1},{"damage":17,"enemies":"The Guardian","floor":16,"turns":7},{"damage":15,"enemies":"Shell Parasite","floor":18,"turns":3},{"damage":12,"enemies":"Chosen","floor":19,"turns":4},{"damage":12,"enemies":"Snake Plant","floor":22,"turns":3},{"damage":26,"enemies":"Centurion and Healer","floor":24,"turns":4},{"damage":12,"enemies":"Chosen and Byrds","floor":25,"turns":4},{"damage":29,"enemies":"Gremlin Leader","floor":29,"turns":6}],"seed_played":"-1812315191625167124","potions_obtained":[{"floor":0,"key":"LiquidMemories"},{"floor":0,"key":"Energy Potion"},{"floor":0,"key":"Regen Potion"},{"floor":4,"key":"Fire Potion"},{"floor":10,"key":"Block Potion"},{"floor":13,"key":"Weak Potion"},{"floor":14,"key":"CunningPotion"},{"floor":16,"key":"Block Potion"},{"floor":18,"key":"BlessingOfTheForge"},{"floor":22,"key":"Explosive Potion"},{"floor":24,"key":"LiquidMemories"}],"is_trial":false,"path_per_floor":["M","M","?","M","$","R","?","M","T","M","M","M","M","M","R","B",null,"M","M","$","?","M","R","M","M","T","R","$","E"],"character_chosen":"THE_SILENT","items_purchased":["HandDrill","Ancient Tea Set","Fruit Juice"],"campfire_rested":2,"item_purchase_floors":[20,20,28],"current_hp_per_floor":[66,66,66,66,66,66,66,59,59,64,64,63,60,54,54,37,70,55,43,43,30,18,40,14,2,2,24,29,0,0],"gold":37,"neow_bonus":"THREE_SMALL_POTIONS","is_daily":false,"chose_seed":false,"campfire_upgraded":1,"win_rate":0.0,"timestamp":1614031575,"path_taken":["M","M","?","M","$","R","?","M","T","M","M","M","M","M","R","BOSS","M","M","$","?","M","R","M","M","T","R","$","E"],"items_purchased_type":["Relic","Relic","Potion"],"build_version":"2020-12-22","purchased_purges":0,"victory":false,"max_hp_per_floor":[70,70,70,70,70,70,70,70,70,70,70,70,70,70,70,70,70,70,70,70,75,75,75,75,75,75,75,80,80,80],"card_choices":[{"not_picked":["Underhanded Strike","Escape Plan"],"picked":"Noxious Fumes","floor":1},{"not_picked":["Choke","Dodge and Roll"],"picked":"All Out Attack","floor":2},{"not_picked":["PiercingWail","Prepared"],"picked":"Masterful Stab","floor":4},{"not_picked":["Noxious Fumes","Reflex"],"picked":"Caltrops","floor":8},{"not_picked":["Dagger Throw","Flechettes"],"picked":"Deadly Poison","floor":10},{"not_picked":["Dagger Throw","Deadly Poison"],"picked":"Bouncing Flask","floor":11},{"not_picked":["Eviscerate","Blade Dance"],"picked":"Glass Knife","floor":12},{"not_picked":["Flying Knee","Quick Slash"],"picked":"Bouncing Flask","floor":13},{"not_picked":["Slice","Underhanded Strike"],"picked":"Prepared","floor":14},{"not_picked":["Glass Knife","Phantasmal Killer"],"picked":"Die Die Die","floor":16},{"not_picked":["Noxious Fumes","Heel Hook"],"picked":"Deflect","floor":18},{"not_picked":["Skewer","Outmaneuver"],"picked":"Catalyst","floor":19},{"not_picked":["Blade Dance","Well Laid Plans"],"picked":"Acrobatics","floor":22},{"not_picked":["Deflect","All Out Attack"],"picked":"Backflip","floor":24},{"not_picked":["Underhanded Strike","Deadly Poison"],"picked":"Terror","floor":25}],"player_experience":174564,"relics_obtained":[{"floor":26,"key":"Orichalcum"}],"event_choices":[{"cards_removed":["Strike_G"],"damage_healed":0,"gold_gain":0,"player_choice":"Card Removal","damage_taken":0,"max_hp_gain":0,"max_hp_loss":0,"event_name":"The Cleric","floor":3,"gold_loss":50},{"damage_healed":0,"gold_gain":0,"cards_transformed":["Strike_G"],"player_choice":"Transformed","damage_taken":0,"max_hp_gain":0,"max_hp_loss":0,"event_name":"Transmorgrifier","floor":7,"gold_loss":0,"cards_obtained":["Dagger Throw"]},{"damage_healed":0,"gold_gain":0,"player_choice":"Shed Blood","damage_taken":18,"max_hp_gain":5,"max_hp_loss":0,"event_name":"Forgotten Altar","floor":21,"gold_loss":0}],"is_beta":false,"boss_relics":[{"not_picked":["Velvet Choker","Calling Bell"],"picked":"Philosopher\u0027s Stone"}],"items_purged_floors":[],"is_endless":false,"potions_floor_spawned":[4,10,13,14,16,18,22,24],"killed_by":"Gremlin Leader","ascension_level":0}}