{"host":"2haferq23ht5nrlk","time":1614016586,"event":{"mods":["ATMod(°¢èªMod)","Act Like it!","Arknights","Aspiration","BaseMod","BetterRewards","Colored Powertips","Conspire","Dota2Spire","KomeijiMod","Lobotomy","LobotomyExtend","Minty Spire (QoL Compilation)","Quick Restart","Relic Filter Mod","Relic Stats","Reliquary","Replay The Spire","Spicy Shops","StSLib","TestMod","The Cursed","UnlockEverythingMod","¡¾ÒÅÎï¿¨ÅÆ¡¿REMEMod"],"gold_per_floor":[112,112,174,174,99,99,160,223,300,305,335,335,398,398,398,502,502,544,567,82,82,0,103,118,226,226,226,253,253,294,14,14,14,14],"floor_reached":33,"language":"ZHS","playtime":2031,"items_purged":["Doubt"],"score":747,"play_id":"767f5260-d32c-4fb7-b914-ec8089bded96","local_time":"20210223015626","is_ascension_mode":true,"campfire_choices":[{"data":"Eruption","floor":6,"key":"SMITH"},{"floor":12,"key":"REST"},{"data":"Double Energy","floor":15,"key":"SMITH"},{"floor":29,"key":"RECALL"},{"data":"Adaptation","floor":32,"key":"SMITH"}],"circlet_count":0,"master_deck":["Strike_P","Strike_P","Strike_P","Strike_P","Defend_P","Defend_P","Defend_P","Eruption+1","Vigilance","AT_EssenceShift","Double Energy+1","UniverseFragment","Prostrate","Rudolta","FlurryOfBlows","PunishingBird","AT_ChampionStep","LongBird","LikeWater","OSAHOGD","Replay:DivineShield","BlackSwan","FollowUp","ShyLook","AT_IrregularMenstruation+1","BigBadWolf","Replay:AllIn+1","Scorched","Crescendo","FlurryOfBlows","BattleHymn+1","FlyingSleeves+1","Ghostly","Ghostly","Ghostly","Collect+1","Brilliance+1","Freischutz","CrushJoints+1","LaLuna","REME_Repentance","GreedKing","Adaptation+1","Scarecrow","FlurryOfBlows","ThirdEye","EmptyFist+1","EmptyFist+1"],"relics":["PureWater","AT_ATBox","REME_ComplimentaryCards","testmod-TestBox","CogitoBucket","RabbitCall","testmod-InjuryResistance","LetterFromLob","ReplayTheSpireMod:Ring of Challenge","Ring of Peace","Golden Egg","Mercury Hourglass","Dota2Spire:HandOfMidas","Gaze_r","MagicBullet_r","BranchBurnRelic","Dota2Spire:RefresherOrb","SkinProphecy","Replay:Purple Gloves","reliquary:PartyBalloon","Omamori","conspire:InfiniteJournal","Juzu Bracelet","ReplayTheSpireMod:Lightbulb","MutagenicStrength","Eternal Feather","BackwardClock","REME_CardOfGreed","Tiny Chest"],"acts_visited":["Exordium","TheCity"],"potions_floor_usage":[10,13,13,16,18,24,25],"damage_taken":[{"damage":0,"enemies":"2 Louse","floor":1,"turns":2},{"damage":30,"enemies":"Small Slimes","floor":3,"turns":10},{"damage":3,"enemies":"Jaw Worm","floor":7,"turns":4},{"damage":1,"enemies":"Blue Slaver","floor":8,"turns":10},{"damage":4,"enemies":"Looter","floor":10,"turns":4},{"damage":27,"enemies":"3 Sentries","floor":11,"turns":8},{"damage":2,"enemies":"Gremlin Nob","floor":13,"turns":3},{"damage":8,"enemies":"Exordium Wildlife","floor":14,"turns":4},{"damage":4,"enemies":"The Guardian","floor":16,"turns":10},{"damage":0,"enemies":"Chosen","floor":18,"turns":4},{"damage":20,"enemies":"2 Thieves","floor":19,"turns":4},{"damage":4,"enemies":"Gremlin Leader","floor":23,"turns":6},{"damage":0,"enemies":"Snake Plant","floor":24,"turns":3},{"damage":8,"enemies":"conspire:Head Lice","floor":25,"turns":4},{"damage":0,"enemies":"Slavers","floor":28,"turns":2},{"damage":2,"enemies":"Centurion and Healer","floor":30,"turns":5},{"damage":54,"enemies":"conspire:MysteriousRune","floor":33,"turns":2}],"seed_played":"-7925021324996162453","potions_obtained":[{"floor":3,"key":"Adrenaline Potion"},{"floor":8,"key":"BottledMiracle"},{"floor":11,"key":"Toxic Potion"},{"floor":13,"key":"Dota2Spire:Clarity"},{"floor":16,"key":"CultistPotion"},{"floor":22,"key":"Doom Potion"},{"floor":23,"key":"Fire Potion"},{"floor":24,"key":"ColorlessPotion"},{"floor":28,"key":"FearPotion"}],"is_trial":false,"path_per_floor":["M","?","M","?","?","R","M","M","T","M","E","R","E","M","R","B",null,"M","M","$","?","?","E","M","E","T","?","E","R","M","$","R","B"],"character_chosen":"WATCHER","items_purchased":["BattleHymn","Replay:Purple Gloves","reliquary:PartyBalloon","FlyingSleeves","EmptyFist","REME_CardOfGreed","Tiny Chest"],"campfire_rested":1,"item_purchase_floors":[20,20,20,20,31,31,31],"current_hp_per_floor":[61,61,31,31,31,31,28,41,41,39,12,32,30,22,22,35,60,62,38,38,35,35,31,29,17,17,17,15,42,47,47,47,0,0],"gold":14,"neow_bonus":"","is_daily":false,"chose_seed":false,"campfire_upgraded":3,"win_rate":0.0,"timestamp":1614016586,"path_taken":["M","?","M","?","?","R","M","?","T","M","E","R","E","M","R","BOSS","M","M","$","?","?","E","M","E","T","?","E","R","M","$","R","BOSS"],"items_purchased_type":["Card","Relic","Relic","Card","Card","Relic","Relic"],"build_version":"2020-12-22","purchased_purges":1,"victory":false,"max_hp_per_floor":[68,68,68,68,68,68,68,68,68,68,68,68,68,68,68,68,68,68,70,70,35,35,37,39,41,41,41,43,43,47,47,47,49,49],"relic_stats":{"counters":[19,87],"Eternal Feather":27,"Tiny Chest":0,"Juzu Bracelet":0,"obtain_stats":[{"RabbitCall":0,"Golden Egg":9,"AT_ATBox":0,"reliquary:PartyBalloon":20,"Replay:Purple Gloves":20,"Dota2Spire:RefresherOrb":17,"Juzu Bracelet":25,"SkinProphecy":18,"conspire:InfiniteJournal":23,"BranchBurnRelic":15,"CogitoBucket":0,"testmod-InjuryResistance":0,"Ring of Peace":2,"Tiny Chest":31,"Dota2Spire:HandOfMidas":11,"BackwardClock":30,"testmod-TestBox":0,"MagicBullet_r":14,"Dead Branch":13,"Eternal Feather":28,"Omamori":22,"Mercury Hourglass":10,"Gaze_r":14,"MutagenicStrength":27,"LetterFromLob":1,"REME_CardOfGreed":31,"PureWater":0,"ReplayTheSpireMod:Ring of Challenge":2,"ReplayTheSpireMod:Lightbulb":25,"REME_ComplimentaryCards":0},{"RabbitCall":0,"Golden Egg":4,"AT_ATBox":0,"reliquary:PartyBalloon":12,"Replay:Purple Gloves":12,"Dota2Spire:RefresherOrb":9,"Juzu Bracelet":15,"SkinProphecy":11,"conspire:InfiniteJournal":13,"BranchBurnRelic":8,"CogitoBucket":0,"testmod-InjuryResistance":0,"Ring of Peace":1,"Tiny Chest":18,"Dota2Spire:HandOfMidas":6,"BackwardClock":18,"testmod-TestBox":0,"MagicBullet_r":8,"Dead Branch":7,"Eternal Feather":16,"Omamori":12,"Mercury Hourglass":5,"Gaze_r":8,"MutagenicStrength":15,"LetterFromLob":1,"REME_CardOfGreed":18,"PureWater":0,"ReplayTheSpireMod:Ring of Challenge":1,"ReplayTheSpireMod:Lightbulb":15,"REME_ComplimentaryCards":0},{"RabbitCall":0,"Golden Egg":26,"AT_ATBox":0,"reliquary:PartyBalloon":64,"Replay:Purple Gloves":64,"Dota2Spire:RefresherOrb":55,"Juzu Bracelet":77,"SkinProphecy":60,"conspire:InfiniteJournal":70,"BranchBurnRelic":45,"CogitoBucket":0,"testmod-InjuryResistance":0,"Ring of Peace":2,"Tiny Chest":85,"Dota2Spire:HandOfMidas":38,"BackwardClock":85,"testmod-TestBox":0,"MagicBullet_r":45,"Dead Branch":41,"Eternal Feather":79,"Omamori":64,"Mercury Hourglass":30,"Gaze_r":45,"MutagenicStrength":77,"LetterFromLob":2,"REME_CardOfGreed":85,"PureWater":0,"ReplayTheSpireMod:Ring of Challenge":2,"ReplayTheSpireMod:Lightbulb":77,"REME_ComplimentaryCards":0}],"Mercury Hourglass":[232]},"card_choices":[{"not_picked":["CrumblingArmor","GalaxyChild"],"picked":"UniverseFragment","floor":1},{"not_picked":["Evaluate","ForeignInfluence"],"picked":"Prostrate","floor":1},{"not_picked":["BeautyBeast","WallGazer"],"picked":"Rudolta","floor":3},{"not_picked":["AT_SoftenMuscles","Nirvana"],"picked":"FlurryOfBlows","floor":3},{"not_picked":["GreedKing","SnowQueen"],"picked":"PunishingBird","floor":7},{"not_picked":["Prostrate","CrushJoints"],"picked":"AT_ChampionStep","floor":7},{"not_picked":["SnowQueen","VoidDream"],"picked":"LongBird","floor":8},{"not_picked":["JustLucky","Consecrate"],"picked":"LikeWater","floor":8},{"not_picked":["DreamingCurrent","BeautyBeast"],"picked":"OSAHOGD","floor":10},{"not_picked":["JustLucky","Devotion"],"picked":"Replay:DivineShield","floor":10},{"not_picked":["NakedNest","FieryBird"],"picked":"BlackSwan","floor":11},{"not_picked":["WreathOfFlame","Replay:BluntJabs"],"picked":"FollowUp","floor":11},{"not_picked":["Murderer","WallGazer"],"picked":"ShyLook","floor":13},{"not_picked":["Swivel","JustLucky"],"picked":"AT_IrregularMenstruation","floor":13},{"not_picked":["CrumblingArmor","FairyFestival"],"picked":"BigBadWolf","floor":16},{"not_picked":["AT_ChampionKick","Vault"],"picked":"Replay:AllIn","floor":16},{"not_picked":["Woodsman","SpiderBud","Murderer"],"picked":"Singing Bowl","floor":18},{"not_picked":["Wellcheers","MHz"],"picked":"Scorched","floor":18},{"not_picked":["Replay:Vibes","CrushJoints+1"],"picked":"Crescendo","floor":18},{"not_picked":["Replay:Battleflow","CutThroughFate+1"],"picked":"FlurryOfBlows","floor":19},{"not_picked":["Nirvana+1","AT_SoftenMuscles"],"picked":"Collect+1","floor":22},{"not_picked":["Wallop+1","Protect"],"picked":"Brilliance","floor":22},{"not_picked":["VoidDream","Yin"],"picked":"Freischutz","floor":23},{"not_picked":["Weave","Replay:Cycle"],"picked":"CrushJoints+1","floor":23},{"not_picked":["BodiesMountain","Laetitia"],"picked":"LaLuna","floor":24},{"not_picked":["FlyingSleeves+1","Consecrate"],"picked":"REME_Repentance","floor":24},{"not_picked":["SpiderBud","MHz"],"picked":"GreedKing","floor":25},{"not_picked":["BowlingBash","Worship"],"picked":"Adaptation","floor":25},{"not_picked":["CherryBlossoms","SpiderBud"],"picked":"Scarecrow","floor":28},{"not_picked":["Consecrate","LikeWater"],"picked":"FlurryOfBlows","floor":28},{"not_picked":["AT_RealFormLess+1","PathToVictory"],"picked":"ThirdEye","floor":30}],"player_experience":35039,"relics_obtained":[{"floor":1,"key":"LetterFromLob"},{"floor":2,"key":"ReplayTheSpireMod:Ring of Challenge"},{"floor":2,"key":"Ring of Peace"},{"floor":9,"key":"Golden Egg"},{"floor":10,"key":"Mercury Hourglass"},{"floor":11,"key":"Dota2Spire:HandOfMidas"},{"floor":13,"key":"Dead Branch"},{"floor":22,"key":"Omamori"},{"floor":23,"key":"conspire:InfiniteJournal"},{"floor":25,"key":"Juzu Bracelet"},{"floor":25,"key":"ReplayTheSpireMod:Lightbulb"},{"floor":28,"key":"Eternal Feather"}],"event_choices":[{"damage_healed":0,"gold_gain":0,"player_choice":"Ignored","damage_taken":0,"max_hp_gain":0,"max_hp_loss":0,"event_name":"Shining Light","floor":4,"gold_loss":0},{"cards_removed":["Doubt"],"damage_healed":0,"gold_gain":0,"player_choice":"Card Removal","damage_taken":0,"max_hp_gain":0,"max_hp_loss":0,"event_name":"The Cleric","floor":5,"gold_loss":75},{"damage_healed":0,"gold_gain":0,"player_choice":"Became a Ghost","damage_taken":0,"max_hp_gain":0,"max_hp_loss":35,"event_name":"Ghosts","floor":21,"gold_loss":0,"cards_obtained":["Ghostly","Ghostly","Ghostly"]},{"damage_healed":0,"gold_gain":0,"player_choice":"Inject Mutagens","damage_taken":0,"relics_obtained":["MutagenicStrength"],"max_hp_gain":0,"max_hp_loss":0,"event_name":"Drug Dealer","floor":27,"gold_loss":0}],"is_beta":false,"boss_relics":[{"not_picked":["reliquary:WritOfMandamus","conspire:SlowCooker"],"picked":"Dota2Spire:RefresherOrb"}],"items_purged_floors":[20],"is_endless":false,"potions_floor_spawned":[3,8,11,13,14,16,23,24,28,30],"killed_by":"conspire:MysteriousRune","ascension_level":20}}