{"host":"03jd0k347uuzjnun","time":1614025174,"event":{"mods":["BaseMod","Bestiary","Minty Spire (QoL Compilation)","Permanent Neow","Quick Restart","Random Character Button","Relic Stats"],"gold_per_floor":[362,362,374,393,405,405,405],"floor_reached":6,"language":"ENG","playtime":378,"items_purged":[],"score":76,"play_id":"e33f955c-2359-418c-997d-40faec79fd14","local_time":"20210222211934","is_ascension_mode":true,"campfire_choices":[],"circlet_count":0,"master_deck":["AscendersBane","Strike_G","Strike_G","Strike_G","Strike_G","Strike_G","Defend_G","Defend_G","Defend_G","Defend_G","Defend_G","Survivor","Neutralize","Backstab","Dagger Throw","Caltrops","Reflex"],"relics":["Ring of the Snake"],"acts_visited":["Exordium"],"potions_floor_usage":[5],"damage_taken":[{"damage":3,"enemies":"Small Slimes","floor":1,"turns":4},{"damage":0,"enemies":"Cultist","floor":3,"turns":4},{"damage":0,"enemies":"2 Louse","floor":4,"turns":3},{"damage":1,"enemies":"Red Slaver","floor":5,"turns":4},{"damage":37,"enemies":"Lagavulin","floor":6,"turns":10}],"seed_played":"1010947594900837140","potions_obtained":[{"floor":1,"key":"Fruit Juice"},{"floor":4,"key":"DistilledChaos"}],"is_trial":false,"path_per_floor":["M","?","M","M","M","E"],"character_chosen":"THE_SILENT","items_purchased":[],"campfire_rested":0,"item_purchase_floors":[],"current_hp_per_floor":[56,56,56,56,55,18,18],"gold":405,"neow_bonus":"TWO_FIFTY_GOLD","is_daily":false,"chose_seed":false,"campfire_upgraded":0,"win_rate":0.0,"timestamp":1614025174,"path_taken":["M","?","?","M","M","E"],"items_purchased_type":[],"build_version":"2020-12-22","purchased_purges":0,"victory":false,"max_hp_per_floor":[66,66,66,66,66,66,66],"relic_stats":{"counters":[5,25],"obtain_stats":[{"Ring of the Snake":0},{"Ring of the Snake":0},{"Ring of the Snake":0}],"Ring of the Snake":[10]},"card_choices":[{"not_picked":["Slice","Riddle With Holes"],"picked":"Backstab","floor":1},{"not_picked":["Finisher","Choke"],"picked":"Dagger Throw","floor":3},{"not_picked":["Underhanded Strike","Masterful Stab"],"picked":"Caltrops","floor":4},{"not_picked":["Underhanded Strike","Caltrops"],"picked":"Reflex","floor":5}],"player_experience":1435441,"relics_obtained":[],"event_choices":[{"cards_removed":["Shame"],"damage_healed":0,"gold_gain":0,"player_choice":"Removed Curses","damage_taken":0,"max_hp_gain":0,"max_hp_loss":0,"event_name":"Fountain of Cleansing","floor":2,"gold_loss":0}],"is_beta":false,"boss_relics":[],"items_purged_floors":[],"is_endless":false,"potions_floor_spawned":[1,4],"killed_by":"Lagavulin","ascension_level":20}}