{"host":"3j24k6gtmfx6ynrk","time":1614035106,"event":{"mods":["AchievementEnabler","BaseMod","Block Reminder","Colored Powertips","Highlight Path","Minty Spire (QoL Compilation)","Quick Restart","Rare Cards Sparkle","StSLib"],"gold_per_floor":[113,113,123,142,166,166,182,182,254,274,301,314,340,118,118,220,220,240,240,52,52,62,94,94,107,107,35,50,50,2,15,15,120,120,140,160,160,170,182,192,227,60,60,60,79,79,113,131,131,131,131,131,9,37,37],"floor_reached":56,"language":"DEU","playtime":6344,"items_purged":["Strike_G","Strike_G"],"score":1281,"play_id":"7fd7eb12-6943-4441-a6be-41ff422ceecc","local_time":"20210223000506","is_ascension_mode":false,"campfire_choices":[{"floor":6,"key":"REST"},{"data":"Backflip","floor":8,"key":"SMITH"},{"floor":15,"key":"REST"},{"floor":24,"key":"REST"},{"floor":29,"key":"RECALL"},{"data":"Well Laid Plans","floor":32,"key":"SMITH"},{"data":"Catalyst","floor":44,"key":"SMITH"},{"data":"Footwork","floor":46,"key":"SMITH"},{"data":"Footwork","floor":49,"key":"SMITH"},{"data":"Deflect","floor":52,"key":"SMITH"}],"circlet_count":0,"master_deck":["Strike_G","Strike_G","Defend_G","Defend_G","Defend_G","Defend_G","Survivor","Neutralize","Sadistic Nature","Blade Dance","Noxious Fumes","Noxious Fumes","Backflip+1","Adrenaline","Dagger Spray","Cloak And Dagger","Adrenaline","Bouncing Flask","Leg Sweep","RitualDagger","Backflip","Accuracy","Finisher","Catalyst+1","Well Laid Plans+1","Backflip","Deflect+1","Venomology","CurseOfTheBell","Blur+1","Deflect+1","Noxious Fumes","Footwork+1","Caltrops+1","Footwork+1","PiercingWail","Dodge and Roll","Footwork","Acrobatics+1"],"relics":["Ring of the Snake","Regal Pillow","Mummified Hand","Unceasing Top","Odd Mushroom","Snake Skull","Philosopher\u0027s Stone","Potion Belt","FossilizedHelix","Bottled Tornado","Calling Bell","Boot","Shuriken","Mango","Ginger","Bag of Marbles","Anchor"],"acts_visited":["Exordium","TheCity","TheBeyond","TheEnding"],"potions_floor_usage":[13,22,23,28,28,39,40,40,41,45,45,47,50,50,54,54,55,55,55,55],"damage_taken":[{"damage":2,"enemies":"Small Slimes","floor":1,"turns":6},{"damage":0,"enemies":"Jaw Worm","floor":3,"turns":5},{"damage":0,"enemies":"2 Louse","floor":4,"turns":2},{"damage":7,"enemies":"Large Slime","floor":7,"turns":5},{"damage":0,"enemies":"2 Fungi Beasts","floor":10,"turns":3},{"damage":23,"enemies":"Gremlin Nob","floor":11,"turns":4},{"damage":0,"enemies":"Exordium Wildlife","floor":12,"turns":3},{"damage":3,"enemies":"The Mushroom Lair","floor":13,"turns":4},{"damage":6,"enemies":"Slime Boss","floor":16,"turns":7},{"damage":0,"enemies":"3 Byrds","floor":18,"turns":3},{"damage":4,"enemies":"2 Thieves","floor":22,"turns":3},{"damage":11,"enemies":"Slavers","floor":23,"turns":5},{"damage":0,"enemies":"Cultist and Chosen","floor":25,"turns":5},{"damage":11,"enemies":"Sentry and Sphere","floor":28,"turns":4},{"damage":0,"enemies":"Centurion and Healer","floor":31,"turns":4},{"damage":0,"enemies":"Champ","floor":33,"turns":10},{"damage":8,"enemies":"3 Darklings","floor":35,"turns":4},{"damage":0,"enemies":"3 Shapes","floor":36,"turns":4},{"damage":9,"enemies":"3 Darklings","floor":38,"turns":4},{"damage":13,"enemies":"Sphere and 2 Shapes","floor":39,"turns":6},{"damage":0,"enemies":"Writhing Mass","floor":40,"turns":5},{"damage":7,"enemies":"Nemesis","floor":41,"turns":7},{"damage":0,"enemies":"4 Shapes","floor":45,"turns":4},{"damage":7,"enemies":"Reptomancer","floor":47,"turns":7},{"damage":0,"enemies":"Spire Growth","floor":48,"turns":4},{"damage":58,"enemies":"Time Eater","floor":50,"turns":11},{"damage":33,"enemies":"Shield and Spear","floor":54,"turns":6},{"damage":43,"enemies":"The Heart","floor":55,"turns":10}],"seed_played":"-261013165476641862","potions_obtained":[{"floor":1,"key":"Swift Potion"},{"floor":3,"key":"SpeedPotion"},{"floor":10,"key":"Weak Potion"},{"floor":11,"key":"DistilledChaos"},{"floor":16,"key":"Swift Potion"},{"floor":22,"key":"LiquidBronze"},{"floor":28,"key":"Fruit Juice"},{"floor":31,"key":"GamblersBrew"},{"floor":36,"key":"GamblersBrew"},{"floor":40,"key":"AttackPotion"},{"floor":54,"key":"Explosive Potion"}],"is_trial":false,"path_per_floor":["M","?","M","M","T","R","M","R","T","M","E","M","?","$","R","B",null,"M","?","$","?","M","E","R","M","T","$","M","R","$","M","R","B",null,"M","M","?","M","M","M","E","$","T","R","M","R","E","M","R","B",null,"R","$","E","B",null],"character_chosen":"THE_SILENT","items_purchased":["Snake Skull","Potion Belt","Leg Sweep","Catalyst","Backflip","Footwork","Footwork","SpeedPotion"],"campfire_rested":3,"item_purchase_floors":[14,20,20,27,30,42,53,53],"current_hp_per_floor":[47,40,40,40,40,70,63,63,63,63,40,40,37,37,70,64,70,70,57,57,51,47,36,73,73,73,73,67,67,67,67,67,67,94,86,86,86,77,64,79,72,72,72,72,72,72,65,65,65,7,94,94,94,61,18],"gold":37,"neow_bonus":"RANDOM_COLORLESS_2","is_daily":false,"chose_seed":false,"campfire_upgraded":6,"win_rate":0.0,"timestamp":1614035106,"path_taken":["M","?","M","M","?","R","M","R","T","M","E","M","?","$","R","BOSS","M","?","$","?","M","E","R","M","T","$","M","R","$","M","R","BOSS","M","M","?","M","M","M","E","$","T","R","M","R","E","?","R","BOSS","R","$","E","BOSS"],"items_purchased_type":["Relic","Relic","Card","Card","Card","Card","Card","Potion"],"build_version":"2020-12-22","purchased_purges":2,"victory":true,"max_hp_per_floor":[70,70,70,70,70,70,70,70,70,70,70,70,70,70,70,70,70,70,75,75,75,75,75,75,75,75,75,80,80,80,80,80,80,94,94,94,94,94,94,94,94,94,94,94,94,94,94,94,94,94,94,94,94,94,94],"card_choices":[{"not_picked":["Transmutation","Magnetism"],"picked":"Sadistic Nature","floor":0},{"not_picked":["Distraction","Deadly Poison"],"picked":"Blade Dance","floor":1},{"not_picked":["Flying Knee","Endless Agony"],"picked":"Noxious Fumes","floor":3},{"not_picked":["Sucker Punch","Quick Slash"],"picked":"Noxious Fumes","floor":4},{"not_picked":["Dagger Spray","Quick Slash"],"picked":"Backflip","floor":7},{"not_picked":["Bouncing Flask","Finisher"],"picked":"Adrenaline","floor":10},{"not_picked":["Heel Hook","Masterful Stab","Sucker Punch"],"picked":"SKIP","floor":11},{"not_picked":["Distraction","Flying Knee"],"picked":"Dagger Spray","floor":12},{"not_picked":["Bane","Acrobatics"],"picked":"Cloak And Dagger","floor":13},{"not_picked":["Doppelganger","Malaise"],"picked":"Adrenaline","floor":16},{"not_picked":["Tactician","Reflex"],"picked":"Bouncing Flask","floor":18},{"not_picked":["Flying Knee","Heel Hook+1"],"picked":"Backflip","floor":22},{"not_picked":["Heel Hook","Malaise"],"picked":"Accuracy","floor":23},{"not_picked":["Acrobatics","Deadly Poison"],"picked":"Finisher","floor":25},{"not_picked":["Dagger Throw","Poisoned Stab"],"picked":"Well Laid Plans","floor":28},{"not_picked":["Masterful Stab","Underhanded Strike"],"picked":"Deflect","floor":31},{"not_picked":["Bullet Time","Night Terror"],"picked":"Venomology","floor":33},{"not_picked":["Tactician","Caltrops+1"],"picked":"Blur+1","floor":35},{"not_picked":["Slice","Backflip+1"],"picked":"Deflect+1","floor":36},{"not_picked":["Backstab+1","Sucker Punch"],"picked":"Noxious Fumes","floor":38},{"not_picked":["Expertise","Escape Plan+1","Distraction+1"],"picked":"SKIP","floor":39},{"not_picked":["Calculated Gamble","Accuracy"],"picked":"Footwork","floor":40},{"not_picked":["Deadly Poison","A Thousand Cuts"],"picked":"Caltrops+1","floor":41},{"not_picked":["Bane","Dagger Spray+1"],"picked":"PiercingWail","floor":45},{"not_picked":["Tools of the Trade","Outmaneuver"],"picked":"Dodge and Roll","floor":47},{"not_picked":["Underhanded Strike","Predator+1","PiercingWail+1"],"picked":"SKIP","floor":48},{"not_picked":["Dash+1","Cloak And Dagger"],"picked":"Acrobatics+1","floor":54}],"player_experience":115564,"relics_obtained":[{"floor":5,"key":"Regal Pillow"},{"floor":9,"key":"Mummified Hand"},{"floor":11,"key":"Unceasing Top"},{"floor":13,"key":"Odd Mushroom"},{"floor":23,"key":"FossilizedHelix"},{"floor":26,"key":"Bottled Tornado"},{"floor":34,"key":"Boot"},{"floor":34,"key":"Shuriken"},{"floor":34,"key":"Mango"},{"floor":41,"key":"Ginger"},{"floor":47,"key":"Bag of Marbles"},{"floor":54,"key":"Anchor"}],"event_choices":[{"cards_removed":["Strike_G"],"damage_healed":0,"gold_gain":0,"player_choice":"Card Removal","damage_taken":7,"max_hp_gain":0,"max_hp_loss":0,"event_name":"Golden Wing","floor":2,"gold_loss":0},{"damage_healed":0,"gold_gain":0,"player_choice":"Fought Mushrooms","damage_taken":0,"max_hp_gain":0,"max_hp_loss":0,"event_name":"Mushrooms","floor":13,"gold_loss":0},{"damage_healed":0,"gold_gain":0,"player_choice":"Shed Blood","damage_taken":18,"max_hp_gain":5,"max_hp_loss":0,"event_name":"Forgotten Altar","floor":19,"gold_loss":0},{"damage_healed":0,"gold_gain":0,"player_choice":"Joined the Cult","damage_taken":6,"max_hp_gain":0,"max_hp_loss":0,"event_name":"Nest","floor":21,"gold_loss":0,"cards_obtained":["RitualDagger"]},{"cards_removed":["Defend_G"],"damage_healed":0,"gold_gain":0,"player_choice":"Offered Basic","damage_taken":0,"max_hp_gain":0,"max_hp_loss":0,"event_name":"Bonfire Elementals","floor":37,"gold_loss":0}],"is_beta":false,"boss_relics":[{"not_picked":["Busted Crown","Fusion Hammer"],"picked":"Philosopher\u0027s Stone"},{"not_picked":["Velvet Choker","HoveringKite"],"picked":"Calling Bell"}],"items_purged_floors":[14,42],"is_endless":false,"potions_floor_spawned":[1,3,10,11,16,18,22,28,31,36,38,40,41,54],"ascension_level":0}}