{"host":"Ringo","time":1614011617,"event":{"mods":["BaseMod","Colored Map","Conspire","Dota2Spire","Hubris","Minty Spire (QoL Compilation)","Replay The Spire","StSLib","The Construct","[IsaacMod]ÒÔÈö¼âËþ","¡¾ÒÅÎï¿¨ÅÆ¡¿REMEMod"],"gold_per_floor":[117,131,131,131,151,187,208,246,324,324,355,396,431,466,466,556,556,572,644,428,428,177,293,414,525,579,675,778,778,926,1007,1007,1208,1208,1257,1371,1086,1171,842,921,1035,1131,1131,1222,1222,1288,1122,1246,1246,1307,1042,1042,960,960,1018,1058,1118,1118,1221,1287,1368,1417,1472,1472,1562,1627],"floor_reached":52,"language":"ZHS","playtime":1903,"items_purged":[],"score":4371,"play_id":"1ab836ec-a8cb-4c46-8485-8114ebab36cb","local_time":"20210223003337","daily_mods":["SealedDeck","Vintage","Colorless Cards","Heirloom","Time Dilation","Flight","DeadlyEvents","Elite Swarm","Lethality","Binary"],"is_ascension_mode":true,"campfire_choices":[{"data":"Armaments","floor":10.0,"key":"SMITH"},{"data":"Sword Boomerang","floor":15.0,"key":"SMITH"},{"data":"Iron Wave","floor":29,"key":"SMITH"},{"floor":32,"key":"REST"},{"floor":45,"key":"REST"},{"floor":49,"key":"REST"}],"circlet_count":0,"master_deck":["AscendersBane","hubris:ReadiedAction+1","Iron Wave+1","Replay:Undeath\u0027s Touch+1","REME_Scribble+1","Sword Boomerang+1","ReplayTheSpireMod:Private Reserves+1","ReplayTheSpireMod:Muscle Training+1","Thunderclap+1","Armaments+1","Secret Weapon+1","Anger+1","Secret Technique+1","Feel No Pain+1","REME_ProfessionalPlagiarism+1","Shrug It Off+1","ReplayUltimateDefense+1","Pommel Strike+1","Impatience+1","Panache+1","Metallicize+1","Spot Weakness+1","ReplayTheSpireMod:Limb From Limb+1","Blind+1"],"relics":["Burning Blood","Busted Crown","HushsDoor","replay:Trail_Library","SteamSale","YumHeart","Golden Idol","hubris:Towel","Golden Egg","hubris:TenFootPole","King of Hearts","Lizard Tail","Frozen Egg 2","Torii","Champion Belt","construct:RocketBooster","Dota2Spire:OctarineCore","Runic Pyramid","Anchor","TheAbacus","Replay:Bandana","War Paint","Dota2Spire:Vanguard","Bottled Tornado","Dota2Spire:EtherealBlade","PreservedInsect","Pet Ghost","conspire:Boomerang","Vajra","construct:FoamFinger","Smiling Mask","conspire:SpecialSausage","SatanicBible","Dota2Spire:AssaultCuirass","hubris:MysteriousPyramids","Iron Hammer","conspire:TreasureMap","Snack Pack","ReplayTheSpireMod:Ninjato","Dota2Spire:CrimsonGuard","MoneyPower","Replay:Baseball","Void","Pen Nib","Nunchaku","Replay:Rubber Ducky","Dota2Spire:HandOfMidas","Dota2Spire:PowerTreads","REME_HandOfSuture","Dota2Spire:MonkeyKingBar","Lantern","Medical Kit","Membership Card","Quantum Egg","Du-Vu Doll","hubris:ToyBattleship","FossilizedHelix","Dota2Spire:BladeMail","Dota2Spire:BattleFury","hubris:Spice","Dota2Spire:AghanimScepter","GuppysHead"],"acts_visited":["Exordium","TheCity","TheBeyond"],"potions_floor_usage":[24,30,30,33,33,36,51],"damage_taken":[{"damage":4.0,"enemies":"Small Slimes","floor":1.0,"turns":2.0},{"damage":27.0,"enemies":"conspire:RoseBush","floor":2.0,"turns":3.0},{"damage":3.0,"enemies":"Cultist","floor":5.0,"turns":2.0},{"damage":14.0,"enemies":"Replay:BlueRogue","floor":6.0,"turns":3.0},{"damage":14.0,"enemies":"3 Louse","floor":7.0,"turns":3.0},{"damage":9.0,"enemies":"3 Sentries","floor":8.0,"turns":2.0},{"damage":3.0,"enemies":"Gremlin Nob","floor":11.0,"turns":2.0},{"damage":0.0,"enemies":"Replay:BlueRogue","floor":12.0,"turns":1.0},{"damage":12.0,"enemies":"Lagavulin","floor":13.0,"turns":3.0},{"damage":15.0,"enemies":"Gremlin Nob","floor":14.0,"turns":3.0},{"damage":24.0,"enemies":"The Guardian","floor":16.0,"turns":4.0},{"damage":1.0,"enemies":"Chosen","floor":18.0,"turns":1.0},{"damage":3.0,"enemies":"conspire:SneckoGhost","floor":23.0,"turns":4.0},{"damage":15,"enemies":"Slavers","floor":24,"turns":3},{"damage":2,"enemies":"Gremlin Leader","floor":25,"turns":3},{"damage":10,"enemies":"Replay:Snechameleon","floor":27,"turns":3},{"damage":3,"enemies":"Book of Stabbing","floor":28,"turns":4},{"damage":3,"enemies":"Hiden Room Battle","floor":30,"turns":3},{"damage":3,"enemies":"Gremlin Leader","floor":31,"turns":2},{"damage":3,"enemies":"Champ","floor":33,"turns":3},{"damage":0,"enemies":"Orb Walker","floor":35,"turns":1},{"damage":0,"enemies":"conspire:MimicChest","floor":36,"turns":2},{"damage":0,"enemies":"3 Darklings","floor":38,"turns":2},{"damage":0,"enemies":"Nemesis","floor":40,"turns":1},{"damage":0,"enemies":"Giant Head","floor":41,"turns":1},{"damage":3,"enemies":"R_Hoarder","floor":42,"turns":1},{"damage":0,"enemies":"Giant Head","floor":44,"turns":2},{"damage":0,"enemies":"R_Hoarder","floor":46,"turns":1},{"damage":0,"enemies":"Giant Head","floor":48,"turns":1},{"damage":0,"enemies":"3 Darklings","floor":35,"turns":1},{"damage":0,"enemies":"R_Hoarder","floor":40,"turns":1},{"damage":3,"enemies":"Orb Walker","floor":41,"turns":1},{"damage":0,"enemies":"Nemesis","floor":42,"turns":1},{"damage":0,"enemies":"R_Hoarder","floor":44,"turns":1},{"damage":0,"enemies":"Giant Head","floor":45,"turns":1},{"damage":0,"enemies":"R_Hoarder","floor":46,"turns":1},{"damage":0,"enemies":"Nemesis","floor":47,"turns":1},{"damage":0,"enemies":"R_Hoarder","floor":48,"turns":1},{"damage":0,"enemies":"Donu and Deca","floor":50,"turns":1},{"damage":0,"enemies":"Awakened One","floor":51,"turns":2}],"seed_played":"9080733120499742561","potions_obtained":[{"floor":6.0,"key":"DuplicationPotion"},{"floor":7.0,"key":"Explosive Potion"},{"floor":13.0,"key":"Energy Potion"},{"floor":14.0,"key":"Adrenaline Potion"},{"floor":16.0,"key":"Toxic Potion"},{"floor":30,"key":"CultistPotion"},{"floor":31,"key":"CultistPotion"},{"floor":33,"key":"Adrenaline Potion"},{"floor":38,"key":"SkillPotion"},{"floor":49,"key":"Flashbang"}],"is_trial":true,"path_per_floor":["M","M","?","?","M","E","M","E","T","R","E","E","E","E","R","B",null,"M","?","$","?","$","E","E","E","T","E","E","R","?","E","R","B",null,"M","?","$","M","$","E","E","E","T","E","R","E","$","E","R_BF","M","$","?","$","?","E","M","E","T","E","E","E","E","E","R","B","B",null],"character_chosen":"IRONCLAD","items_purchased":["TheAbacus","Secret Technique","Feel No Pain+1","Replay:Bandana","War Paint","REME_ProfessionalPlagiarism","Shrug It Off","ReplayUltimateDefense+1","SatanicBible","Iron Hammer","conspire:TreasureMap","Pommel Strike+1","DistilledChaos","ReplayTheSpireMod:Ninjato","Dota2Spire:CrimsonGuard","Impatience","Dota2Spire:HandOfMidas","Dota2Spire:PowerTreads","Lantern","Medical Kit","Panache+1","Membership Card","Quantum Egg","Du-Vu Doll","Metallicize+1","Spot Weakness","ReplayTheSpireMod:Limb From Limb","Blind"],"campfire_rested":3,"item_purchase_floors":[20,20,20,22,22,22,34,34,34,37,37,37,37,39,39,39,47,47,36,36,36,38,38,38,38,38,38,38],"current_hp_per_floor":[73,79,51,51,56,51,45,69,69,69,74,80,76,69,69,78,92,97,90,90,78,78,83,76,82,82,106,112,112,111,117,120,123,108,111,114,114,117,117,117,120,123,123,126,126,129,129,132,132,132,132,132,132,132,135,138,141,141,152,155,163,166,158,158,158,161],"gold":1627,"neow_bonus":"","is_daily":false,"chose_seed":false,"campfire_upgraded":3,"win_rate":0.0,"timestamp":1614011617,"path_taken":["M","M","?","?","M","E","M","E","T","R","E","E","E","E","R","BOSS","M","?","$","?","$","E","E","E","T","E","E","R","?","E","R","BOSS","M","?","$","M","$","E","E","E","T","E","R","E","$","E","R_BF","M","$","?","$","?","E","M","E","T","E","?","?","E","E","R","BOSS","BOSS"],"items_purchased_type":["Relic","Card","Card","Relic","Relic","Card","Card","Card","Relic","Relic","Relic","Card","Potion","Relic","Relic","Card","Relic","Relic","Relic","Relic","Card","Relic","Relic","Relic","Card","Card","Card","Card"],"build_version":"2020-12-18","purchased_purges":0,"victory":true,"max_hp_per_floor":[78,80,80,80,82,85,87,89,89,89,91,91,93,95,95,97,97,97,97,97,102,102,104,106,108,108,111,114,114,117,120,120,123,108,111,114,114,117,117,117,120,123,123,126,126,129,129,132,132,132,132,132,132,132,135,138,141,141,152,155,163,166,158,158,158,161],"card_choices":[],"player_experience":741438,"relics_obtained":[{"floor":1.0,"key":"YumHeart"},{"floor":2.0,"key":"UnicornStump"},{"floor":5.0,"key":"Golden Egg"},{"floor":6.0,"key":"hubris:TenFootPole"},{"floor":7.0,"key":"King of Hearts"},{"floor":8.0,"key":"Lizard Tail"},{"floor":9.0,"key":"Frozen Egg 2"},{"floor":11.0,"key":"Torii"},{"floor":12.0,"key":"Champion Belt"},{"floor":13.0,"key":"construct:RocketBooster"},{"floor":14.0,"key":"Dota2Spire:OctarineCore"},{"floor":18.0,"key":"Anchor"},{"floor":23,"key":"Dota2Spire:Vanguard"},{"floor":24,"key":"Bottled Tornado"},{"floor":25,"key":"Dota2Spire:EtherealBlade"},{"floor":26,"key":"PreservedInsect"},{"floor":27,"key":"Pet Ghost"},{"floor":28,"key":"conspire:Boomerang"},{"floor":30,"key":"Vajra"},{"floor":30,"key":"construct:FoamFinger"},{"floor":31,"key":"Smiling Mask"},{"floor":35,"key":"Dota2Spire:AssaultCuirass"},{"floor":36,"key":"hubris:MysteriousPyramids"},{"floor":38,"key":"Snack Pack"},{"floor":40,"key":"MoneyPower"},{"floor":41,"key":"Replay:Baseball"},{"floor":42,"key":"Void"},{"floor":43,"key":"Pen Nib"},{"floor":44,"key":"Nunchaku"},{"floor":46,"key":"Replay:Rubber Ducky"},{"floor":48,"key":"REME_HandOfSuture"},{"floor":35,"key":"Dota2Spire:MonkeyKingBar"},{"floor":40,"key":"hubris:ToyBattleship"},{"floor":41,"key":"FossilizedHelix"},{"floor":42,"key":"Dota2Spire:BladeMail"},{"floor":43,"key":"Dota2Spire:BattleFury"},{"floor":44,"key":"hubris:Spice"},{"floor":45,"key":"Dota2Spire:AghanimScepter"},{"floor":46,"key":"hubris:Spice"},{"floor":47,"key":"GuppysHead"},{"floor":48,"key":"hubris:Spice"}],"event_choices":[{"damage_healed":0.0,"max_hp_gain":0.0,"max_hp_loss":0.0,"gold_gain":0.0,"event_name":"Golden Idol","player_choice":"Take Damage","floor":3.0,"gold_loss":0.0,"damage_taken":28.0,"relics_obtained":["Golden Idol"]},{"damage_healed":0.0,"max_hp_gain":5.0,"max_hp_loss":0.0,"gold_gain":0.0,"event_name":"Forgotten Altar","player_choice":"Shed Blood","floor":21.0,"gold_loss":0.0,"damage_taken":34.0},{"damage_healed":0,"gold_gain":0,"player_choice":"Fight","damage_taken":0,"max_hp_gain":0,"max_hp_loss":0,"event_name":"HidenRoomEvent","floor":30,"gold_loss":0},{"damage_healed":0,"gold_gain":0,"player_choice":"Memory 1","damage_taken":0,"max_hp_gain":0,"max_hp_loss":0,"event_name":"SensoryStone","floor":37,"gold_loss":0},{"damage_healed":0,"gold_gain":0,"player_choice":"0 cards matched","damage_taken":0,"max_hp_gain":0,"max_hp_loss":0,"event_name":"Match and Keep!","floor":39,"gold_loss":0,"cards_obtained":[]}],"is_beta":true,"boss_relics":[{"not_picked":["Honey Jar","Velvet Choker"],"picked":"Runic Pyramid"},{"not_picked":[]},{"not_picked":["Dota2Spire:RefresherOrb","ChewingGum"],"picked":"conspire:SpecialSausage"},{"not_picked":[]}],"items_purged_floors":[],"is_endless":false,"potions_floor_spawned":[6,7,13,14,16,18,30,31,33,38,40,44,48,40,41,48],"ascension_level":20}}