{"host":"l3lzhw5qete3bz2v","time":1614004758,"event":{"mods":["BaseMod","Colored Map","Colored Powertips","Minty Spire (QoL Compilation)","StSLib","SuperFastMode"],"gold_per_floor":[110,60,75,127,140,167,242,242,242,253,35,35,45,73,73,175,175,188,199,213,213,20,20,8,39,39,39,39,1,27,45,45,145,145,165,165,92,107,162,162,179,179,179,207,207,207,222,21,21,21],"floor_reached":51,"language":"JPN","playtime":2929,"items_purged":["Strike_G"],"score":1006,"play_id":"a4ed9745-83dc-4e0a-8fd6-3b405cbc198d","local_time":"20210222233918","is_ascension_mode":true,"campfire_choices":[{"floor":8.0,"key":"REST"},{"floor":12.0,"key":"REST"},{"data":"Neutralize","floor":15.0,"key":"SMITH"},{"data":"Wraith Form v2","floor":23.0,"key":"SMITH"},{"floor":28.0,"key":"REST"},{"data":"Catalyst","floor":32.0,"key":"SMITH"},{"data":"Calculated Gamble","floor":40.0,"key":"SMITH"},{"data":"Bouncing Flask","floor":42.0,"key":"SMITH"},{"floor":45.0,"key":"REST"},{"floor":49,"key":"REST"}],"circlet_count":0,"master_deck":["Defend_G","Defend_G","Defend_G","Defend_G","Defend_G","Survivor","Neutralize+1","Blade Dance","Underhanded Strike","Prepared","Calculated Gamble+1","Bouncing Flask+1","Noxious Fumes+1","Backflip","Crippling Poison","Wraith Form v2+1","PiercingWail","Dagger Throw+1","Catalyst+1","PiercingWail","Acrobatics","Venomology","Prepared+1","Deflect+1","Malaise+1","Tactician","Panacea","Dark Shackles","Dark Shackles","Noxious Fumes+1","Catalyst+1"],"relics":["SacredBark","Tingsha","Sundial","Strawberry","Runic Dome","Gremlin Horn","Membership Card","Bag of Preparation","Lizard Tail","Enchiridion","Ancient Tea Set","Astrolabe","OrangePellets","Incense Burner","Mercury Hourglass","FossilizedHelix","Calipers"],"acts_visited":["Exordium","TheCity","TheBeyond"],"potions_floor_usage":[47,50,50,50],"damage_taken":[{"damage":10.0,"enemies":"Jaw Worm","floor":1.0,"turns":6.0},{"damage":0.0,"enemies":"Small Slimes","floor":3.0,"turns":3.0},{"damage":2.0,"enemies":"Cultist","floor":5.0,"turns":4.0},{"damage":36.0,"enemies":"Lagavulin","floor":6.0,"turns":11.0},{"damage":5.0,"enemies":"Large Slime","floor":10.0,"turns":6.0},{"damage":8.0,"enemies":"Blue Slaver","floor":13.0,"turns":3.0},{"damage":0.0,"enemies":"Gremlin Nob","floor":14.0,"turns":2.0},{"damage":22.0,"enemies":"The Guardian","floor":16.0,"turns":9.0},{"damage":5.0,"enemies":"Chosen","floor":18.0,"turns":7.0},{"damage":15.0,"enemies":"2 Thieves","floor":19.0,"turns":4.0},{"damage":1.0,"enemies":"Centurion and Healer","floor":20.0,"turns":7.0},{"damage":8.0,"enemies":"Slavers","floor":25.0,"turns":4.0},{"damage":8.0,"enemies":"Chosen and Byrds","floor":31.0,"turns":4.0},{"damage":37.0,"enemies":"Champ","floor":33.0,"turns":9.0},{"damage":5.0,"enemies":"Orb Walker","floor":35.0,"turns":3.0},{"damage":1.0,"enemies":"3 Shapes","floor":38.0,"turns":6.0},{"damage":6.0,"enemies":"2 Orb Walkers","floor":39.0,"turns":3.0},{"damage":1.0,"enemies":"Spire Growth","floor":41.0,"turns":6.0},{"damage":22.0,"enemies":"Nemesis","floor":44.0,"turns":7.0},{"damage":4,"enemies":"3 Darklings","floor":47,"turns":4},{"damage":3,"enemies":"Time Eater","floor":50,"turns":6}],"seed_played":"2043801702050436901","potions_obtained":[{"floor":3.0,"key":"SkillPotion"},{"floor":5.0,"key":"GhostInAJar"},{"floor":6.0,"key":"Weak Potion"},{"floor":16.0,"key":"DuplicationPotion"},{"floor":25.0,"key":"CunningPotion"},{"floor":39.0,"key":"DistilledChaos"}],"is_trial":false,"path_per_floor":["M","?","M","?","M","E","?","R","T","M","$","R","M","E","R","B",null,"M","M","M","?","$","R","$","E","T","?","R","$","T","M","R","B",null,"M","?","$","M","?","R","M","R","T","E","R","?","M","$","R","B",null],"character_chosen":"THE_SILENT","items_purchased":["Noxious Fumes","DistilledChaos","Membership Card","LiquidBronze","PiercingWail","Regen Potion","OrangePellets","Calipers","PowerPotion","SpeedPotion"],"campfire_rested":5,"item_purchase_floors":[11,11,22,22,24,29,37,48,48,48],"current_hp_per_floor":[53,53,53,53,51,15,4,25,25,20,20,41,33,40,40,18,62,57,42,41,41,41,41,41,33,33,17,40,40,40,32,32,47,70,65,55,55,54,48,48,47,47,47,25,48,48,44,44,67,64],"gold":21,"neow_bonus":"BOSS_RELIC","is_daily":false,"chose_seed":false,"campfire_upgraded":5,"win_rate":0.0,"timestamp":1614004758,"path_taken":["M","?","M","?","M","E","?","R","T","?","$","R","M","E","R","BOSS","M","?","M","?","$","R","$","E","T","?","R","?","?","M","R","BOSS","M","?","$","M","?","R","M","R","T","E","R","?","?","?","R","BOSS"],"items_purchased_type":["Card","Potion","Relic","Potion","Card","Potion","Relic","Relic","Potion","Potion"],"build_version":"2020-12-22","purchased_purges":1,"victory":true,"max_hp_per_floor":[70,70,70,70,70,70,70,70,70,70,70,70,70,77,77,77,77,77,77,77,77,77,77,77,77,77,77,77,77,77,77,77,77,77,77,77,77,77,77,77,77,77,77,77,77,77,77,77,77,77],"card_choices":[{"not_picked":["Underhanded Strike","Calculated Gamble"],"picked":"Blade Dance","floor":1.0},{"not_picked":["Deflect","Outmaneuver"],"picked":"Underhanded Strike","floor":3.0},{"not_picked":["Dodge and Roll","Flying Knee"],"picked":"Prepared","floor":5.0},{"not_picked":["Backflip","Masterful Stab"],"picked":"Calculated Gamble","floor":6.0},{"not_picked":["Prepared","Skewer"],"picked":"Bouncing Flask","floor":10.0},{"not_picked":["A Thousand Cuts","Caltrops"],"picked":"Backflip","floor":13.0},{"not_picked":["Storm of Steel","Dodge and Roll"],"picked":"Crippling Poison","floor":14.0},{"not_picked":["Phantasmal Killer","Bullet Time"],"picked":"Wraith Form v2","floor":16.0},{"not_picked":["Flechettes+1","Skewer"],"picked":"PiercingWail","floor":18.0},{"not_picked":["All Out Attack","Deflect"],"picked":"Dagger Throw+1","floor":19.0},{"not_picked":["PiercingWail+1","Well Laid Plans"],"picked":"Catalyst","floor":20.0},{"not_picked":["Setup","Outmaneuver"],"picked":"Acrobatics","floor":25.0},{"not_picked":["Dagger Throw","Sucker Punch","Riddle With Holes"],"picked":"SKIP","floor":31.0},{"not_picked":["Night Terror","Corpse Explosion"],"picked":"Venomology","floor":33.0},{"not_picked":["Slice+1","Choke+1"],"picked":"Tactician","floor":35.0},{"not_picked":["Master of Strategy","Metamorphosis"],"picked":"Panacea","floor":36.0},{"not_picked":["Panache","Madness"],"picked":"Dark Shackles","floor":36.0},{"not_picked":["Mind Blast","Secret Technique"],"picked":"Dark Shackles","floor":36.0},{"not_picked":["Flechettes","Blade Dance","Deflect+1"],"picked":"SKIP","floor":38.0},{"not_picked":["Cloak And Dagger","Dagger Throw+1"],"picked":"Noxious Fumes+1","floor":41.0},{"not_picked":["PiercingWail","Concentrate+1"],"picked":"Catalyst+1","floor":44.0},{"not_picked":["Acrobatics","Bane","Reflex"],"picked":"SKIP","floor":47}],"player_experience":153917,"relics_obtained":[{"floor":6.0,"key":"Tingsha"},{"floor":9.0,"key":"Sundial"},{"floor":14.0,"key":"Strawberry"},{"floor":25.0,"key":"Bag of Preparation"},{"floor":26.0,"key":"Lizard Tail"},{"floor":27.0,"key":"Enchiridion"},{"floor":30.0,"key":"Ancient Tea Set"},{"floor":39.0,"key":"Incense Burner"},{"floor":43.0,"key":"Mercury Hourglass"},{"floor":44.0,"key":"FossilizedHelix"}],"event_choices":[{"cards_removed":["Strike_G"],"damage_healed":0.0,"max_hp_gain":0.0,"max_hp_loss":0.0,"gold_gain":0.0,"event_name":"The Cleric","player_choice":"Card Removal","floor":2.0,"gold_loss":50.0,"damage_taken":0.0},{"damage_healed":0.0,"max_hp_gain":0.0,"max_hp_loss":0.0,"gold_gain":52.0,"event_name":"Golden Wing","player_choice":"Gained Gold","floor":4.0,"gold_loss":0.0,"damage_taken":0.0},{"damage_healed":0.0,"max_hp_gain":0.0,"max_hp_loss":0.0,"gold_gain":75.0,"event_name":"World of Goop","player_choice":"Gather Gold","floor":7.0,"gold_loss":0.0,"damage_taken":11.0},{"damage_healed":0.0,"max_hp_gain":0.0,"max_hp_loss":0.0,"gold_gain":0.0,"event_name":"The Mausoleum","player_choice":"Opened","floor":21.0,"gold_loss":0.0,"damage_taken":0.0,"relics_obtained":["Gremlin Horn"]},{"damage_healed":0.0,"max_hp_gain":0.0,"max_hp_loss":0.0,"gold_gain":0.0,"event_name":"Cursed Tome","player_choice":"Obtained Book","floor":27.0,"gold_loss":0.0,"damage_taken":16.0},{"damage_healed":0.0,"max_hp_gain":0.0,"max_hp_loss":0.0,"gold_gain":0.0,"event_name":"SensoryStone","player_choice":"Memory 3","floor":36.0,"gold_loss":0.0,"damage_taken":10.0},{"damage_healed":0.0,"max_hp_gain":0.0,"max_hp_loss":0.0,"gold_gain":0.0,"event_name":"Mysterious Sphere","player_choice":"Fight","floor":39.0,"gold_loss":0.0,"damage_taken":0.0},{"damage_healed":0.0,"max_hp_gain":0.0,"max_hp_loss":0.0,"gold_gain":0.0,"event_name":"Accursed Blacksmith","player_choice":"Forge","floor":46.0,"gold_loss":0.0,"damage_taken":0.0,"cards_upgraded":["Noxious Fumes"]}],"is_beta":false,"boss_relics":[{"not_picked":["Calling Bell","HoveringKite"],"picked":"Runic Dome"},{"not_picked":["Cursed Key","WristBlade"],"picked":"Astrolabe"}],"items_purged_floors":[11],"is_endless":false,"potions_floor_spawned":[3,5,6,13,16,25,38,39],"ascension_level":8}}