{"host":"a6m4v7p1efmaozv7","time":1614008025,"event":{"mods":["BaseMod","Colored Map","Colored Powertips","DeckTracker","Keyboard Shortcuts","Minty Spire (QoL Compilation)","Permanent Neow","Relic Stats","StSLib","SuperFastMode"],"gold_per_floor":[115,40,51,51,63,89,89,118,118,118,118,135,60,74,74,151,151,166,166,166,185,16,42,42,68,68,68,68,68,68,93,93,167,167,183,198,218,218,118,118,118,118,118],"floor_reached":42,"language":"ENG","playtime":977,"items_purged":["Strike_G","Defend_G"],"score":1030,"play_id":"dea51ea7-f9b3-4e00-8902-342e11c971ca","local_time":"20210223003345","is_ascension_mode":true,"campfire_choices":[{"data":"Blade Dance","floor":7.0,"key":"SMITH"},{"data":"Accuracy","floor":11.0,"key":"SMITH"},{"floor":15.0,"key":"REST"},{"floor":24.0,"key":"REST"},{"floor":27.0,"key":"REST"},{"data":"Acrobatics","floor":30.0,"key":"SMITH"},{"data":"Neutralize","floor":32.0,"key":"SMITH"},{"floor":41,"key":"REST"}],"circlet_count":0,"master_deck":["AscendersBane","Defend_G","Defend_G","Defend_G","Defend_G","Survivor","Neutralize+1","Riddle With Holes","Blade Dance+1","Backflip","Accuracy+1","Acrobatics+1","Corpse Explosion","Choke","Poisoned Stab","Footwork","Concentrate","Tactician+1"],"relics":["Ring of the Snake","Nunchaku","HornCleat","WristBlade","TheAbacus","Akabeko","Lantern","Tiny Chest","Tough Bandages","SlaversCollar"],"acts_visited":["Exordium","TheCity","TheBeyond"],"potions_floor_usage":[40,40,40,40],"damage_taken":[{"damage":2.0,"enemies":"Jaw Worm","floor":1.0,"turns":4.0},{"damage":0.0,"enemies":"Cultist","floor":3.0,"turns":3.0},{"damage":4.0,"enemies":"Small Slimes","floor":5.0,"turns":4.0},{"damage":32.0,"enemies":"Lagavulin","floor":6.0,"turns":8.0},{"damage":12.0,"enemies":"3 Sentries","floor":8.0,"turns":9.0},{"damage":6.0,"enemies":"3 Louse","floor":12.0,"turns":4.0},{"damage":4.0,"enemies":"Red Slaver","floor":14.0,"turns":3.0},{"damage":24.0,"enemies":"The Guardian","floor":16.0,"turns":16.0},{"damage":3.0,"enemies":"Shell Parasite","floor":18.0,"turns":4.0},{"damage":6.0,"enemies":"2 Thieves","floor":21.0,"turns":4.0},{"damage":29.0,"enemies":"Slavers","floor":23.0,"turns":3.0},{"damage":19.0,"enemies":"Gremlin Leader","floor":25.0,"turns":6.0},{"damage":0.0,"enemies":"Book of Stabbing","floor":31.0,"turns":4.0},{"damage":35.0,"enemies":"Automaton","floor":33.0,"turns":9.0},{"damage":0.0,"enemies":"Orb Walker","floor":35.0,"turns":3.0},{"damage":18.0,"enemies":"3 Shapes","floor":36.0,"turns":5.0},{"damage":4.0,"enemies":"Jaw Worm Horde","floor":37.0,"turns":2.0},{"damage":24,"enemies":"Nemesis","floor":40,"turns":6},{"damage":0,"enemies":"Reptomancer","floor":42,"turns":1}],"seed_played":"-4209964823851156161","potions_obtained":[{"floor":6.0,"key":"Fire Potion"},{"floor":8.0,"key":"Fruit Juice"},{"floor":14.0,"key":"SpeedPotion"},{"floor":18.0,"key":"Swift Potion"},{"floor":23.0,"key":"Swift Potion"},{"floor":28.0,"key":"EntropicBrew"},{"floor":35.0,"key":"FearPotion"}],"is_trial":false,"path_per_floor":["M","?","M","?","M","E","R","E","T","?","R","M","$","M","R","B",null,"M","?","?","M","$","E","R","E","T","R","?","$","R","E","R","B",null,"M","M","M","?","$","E","R","E"],"character_chosen":"THE_SILENT","items_purchased":["TheAbacus"],"campfire_rested":4,"item_purchase_floors":[22],"current_hp_per_floor":[57,57,57,57,53,21,21,9,9,9,9,3,3,4,25,1,54,51,51,51,45,45,16,37,18,18,39,39,39,39,39,39,4,54,54,36,32,32,32,17,38,38,38],"gold":118,"neow_bonus":"TRANSFORM_CARD","is_daily":false,"chose_seed":false,"campfire_upgraded":4,"win_rate":0.0,"timestamp":1614008025,"path_taken":["M","?","M","?","?","E","R","E","T","?","R","M","?","M","R","BOSS","M","?","?","M","$","E","R","E","T","R","?","$","R","E","R","BOSS","M","M","M","?","$","E","R","E"],"items_purchased_type":["Relic"],"build_version":"2020-12-22","purchased_purges":2,"victory":false,"max_hp_per_floor":[66,66,66,66,66,66,66,66,66,66,66,66,66,71,71,71,71,71,71,71,71,71,71,71,71,71,71,71,71,71,71,71,71,71,71,71,71,71,71,71,71,71,71],"relic_stats":{"Nunchaku":[20],"Tough Bandages":[99],"TheAbacus":[102],"counters":[19,98],"Tiny Chest":0,"obtain_stats":[{"SlaversCollar":34,"Nunchaku":6,"Lantern":25,"Tough Bandages":31,"HornCleat":8,"TheAbacus":22,"WristBlade":17,"Tiny Chest":26,"Akabeko":23,"Ring of the Snake":0},{"SlaversCollar":14,"Nunchaku":4,"Lantern":12,"Tough Bandages":13,"HornCleat":5,"TheAbacus":10,"WristBlade":8,"Tiny Chest":12,"Akabeko":11,"Ring of the Snake":0},{"SlaversCollar":81,"Nunchaku":19,"Lantern":68,"Tough Bandages":72,"HornCleat":28,"TheAbacus":59,"WristBlade":51,"Tiny Chest":68,"Akabeko":62,"Ring of the Snake":0}],"Ring of the Snake":[38]},"card_choices":[{"not_picked":["PiercingWail","Dagger Spray"],"picked":"Blade Dance","floor":1.0},{"not_picked":["Flying Knee","Setup"],"picked":"Backflip","floor":3.0},{"not_picked":["Expertise","Deflect"],"picked":"Accuracy","floor":5.0},{"not_picked":["Bouncing Flask","Distraction","Riddle With Holes"],"picked":"SKIP","floor":6.0},{"not_picked":["Bouncing Flask","Distraction","Riddle With Holes"],"picked":"SKIP","floor":6.0},{"not_picked":["Outmaneuver","Backflip"],"picked":"Acrobatics","floor":8.0},{"not_picked":["Underhanded Strike","Caltrops","Backflip"],"picked":"SKIP","floor":12.0},{"not_picked":["Envenom","Quick Slash","Blade Dance"],"picked":"SKIP","floor":14.0},{"not_picked":["Malaise","Wraith Form v2"],"picked":"Corpse Explosion","floor":16.0},{"not_picked":["Prepared","Expertise","Dagger Spray"],"picked":"SKIP","floor":18.0},{"not_picked":["Flechettes","Underhanded Strike"],"picked":"Footwork","floor":21.0},{"not_picked":["Sucker Punch","Slice","Backflip"],"picked":"SKIP","floor":23.0},{"not_picked":["Infinite Blades","Slice","Skewer"],"picked":"SKIP","floor":25.0},{"not_picked":["Choke","Glass Knife","Sucker Punch"],"picked":"SKIP","floor":31.0},{"not_picked":["Backflip+1","Well Laid Plans"],"picked":"Concentrate","floor":35.0},{"not_picked":["Sucker Punch","Blade Dance"],"picked":"Tactician","floor":36.0},{"not_picked":["Underhanded Strike","Predator+1","Backflip"],"picked":"SKIP","floor":37.0}],"player_experience":2016019,"relics_obtained":[{"floor":6.0,"key":"Nunchaku"},{"floor":8.0,"key":"HornCleat"},{"floor":23.0,"key":"Akabeko"},{"floor":25.0,"key":"Lantern"},{"floor":26.0,"key":"Tiny Chest"},{"floor":31.0,"key":"Tough Bandages"}],"event_choices":[{"cards_removed":["Strike_G"],"damage_healed":0.0,"max_hp_gain":0.0,"max_hp_loss":0.0,"gold_gain":0.0,"event_name":"The Cleric","player_choice":"Card Removal","floor":2.0,"gold_loss":75.0,"damage_taken":0.0},{"damage_healed":0.0,"max_hp_gain":0.0,"max_hp_loss":0.0,"gold_gain":0.0,"event_name":"Liars Game","player_choice":"Ignored","floor":4.0,"gold_loss":0.0,"damage_taken":0.0},{"damage_healed":0.0,"max_hp_gain":0.0,"max_hp_loss":0.0,"gold_gain":0.0,"event_name":"Match and Keep!","player_choice":"0 cards matched","floor":10.0,"gold_loss":0.0,"damage_taken":0.0,"cards_obtained":[]},{"damage_healed":0.0,"max_hp_gain":0.0,"max_hp_loss":0.0,"gold_gain":0.0,"event_name":"The Mausoleum","player_choice":"Ignored","floor":19.0,"gold_loss":0.0,"damage_taken":0.0},{"damage_healed":0.0,"max_hp_gain":0.0,"max_hp_loss":0.0,"gold_gain":0.0,"cards_transformed":["Strike_G","Strike_G"],"event_name":"Drug Dealer","player_choice":"Became Test Subject","floor":20.0,"gold_loss":0.0,"damage_taken":0.0,"cards_obtained":["Choke","Poisoned Stab"]},{"damage_healed":0.0,"max_hp_gain":0.0,"max_hp_loss":0.0,"gold_gain":0.0,"event_name":"Lab","player_choice":"Got Potions","floor":28.0,"gold_loss":0.0,"damage_taken":0.0},{"damage_healed":0.0,"max_hp_gain":0.0,"max_hp_loss":0.0,"gold_gain":0.0,"event_name":"Accursed Blacksmith","player_choice":"Forge","floor":38.0,"gold_loss":0.0,"damage_taken":0.0,"cards_upgraded":["Tactician"]}],"is_beta":false,"boss_relics":[{"not_picked":["Velvet Choker","Tiny House"],"picked":"WristBlade"},{"not_picked":["Pandora\u0027s Box","Snecko Eye"],"picked":"SlaversCollar"}],"items_purged_floors":[13,39],"is_endless":false,"potions_floor_spawned":[6,8,14,18,23,35,36],"killed_by":"Reptomancer","ascension_level":20}}