{"host":"snd6571rw3150vxe","time":1614032179,"event":{"mods":["AchievementEnabler","BaseMod","Bestiary","Colored Powertips","Highlight Path","Minty Spire (QoL Compilation)","Quick Restart","Random Character Button","Relic Stats","StSLib","slay the spire mod where everything is the same but ironclad has a cowboy hat"],"gold_per_floor":[118,118,118,118,138,138,173,203,293,335,347,369,381,413,425,560,572,604,616,727,752,679,691,403,403,429,354,392,392,392,405,405,535,535,555,569,278,302,16,16,30,64,88,106,130,130,164,182,182,182,182],"floor_reached":50,"language":"ENG","playtime":2414,"items_purged":["Injury"],"score":909,"play_id":"59132435-5e61-4e8e-b982-0551eff5ef6b","local_time":"20210223001619","is_ascension_mode":true,"campfire_choices":[{"data":"Dualcast","floor":6,"key":"SMITH"},{"floor":11,"key":"REST"},{"floor":15,"key":"REST"},{"floor":23,"key":"REST"},{"floor":30,"key":"REST"},{"floor":32,"key":"DIG"},{"floor":40,"key":"DIG"},{"floor":46,"key":"REST"},{"floor":49,"key":"DIG"}],"circlet_count":0,"master_deck":["Strike_B","Strike_B","Strike_B","Strike_B","Defend_B","Defend_B","Defend_B","Defend_B","Zap+1","Dualcast+1","Gash","Rebound","Buffer+1","Gash","Auto Shields","Electrodynamics","Sweeping Beam","Seek","CurseOfTheBell","Beam Cell+1","Gash+1","All For One","Go for the Eyes+1","Chill+1","Scrape","Rebound","Fusion","FTL","Turbo+1","Cold Snap","Cold Snap+1"],"relics":["Cracked Core","NeowsBlessing","FaceOfCleric","MawBank","Question Card","Akabeko","Golden Idol","Calling Bell","PreservedInsect","Pear","WingedGreaves","Shovel","DataDisk","Oddly Smooth Stone","Orichalcum","Red Mask","Toy Ornithopter","Inserter","Ginger","Ice Cream","Mango","StrikeDummy","Anchor","Juzu Bracelet","Bronze Scales"],"acts_visited":["Exordium","TheCity","TheBeyond"],"potions_floor_usage":[8,18,47,50,50,50],"damage_taken":[{"damage":0,"enemies":"Small Slimes","floor":1,"turns":1},{"damage":0,"enemies":"Cultist","floor":5,"turns":1},{"damage":0,"enemies":"Lagavulin","floor":7,"turns":1},{"damage":12,"enemies":"Jaw Worm","floor":8,"turns":2},{"damage":25,"enemies":"3 Sentries","floor":10,"turns":6},{"damage":0,"enemies":"3 Louse","floor":12,"turns":3},{"damage":8,"enemies":"Large Slime","floor":14,"turns":4},{"damage":62,"enemies":"The Guardian","floor":16,"turns":9},{"damage":44,"enemies":"Shell Parasite","floor":18,"turns":7},{"damage":11,"enemies":"Spheric Guardian","floor":21,"turns":4},{"damage":6,"enemies":"Masked Bandits","floor":28,"turns":3},{"damage":0,"enemies":"Snecko","floor":31,"turns":5},{"damage":33,"enemies":"Collector","floor":33,"turns":10},{"damage":4,"enemies":"Orb Walker","floor":35,"turns":4},{"damage":3,"enemies":"3 Darklings","floor":36,"turns":3},{"damage":0,"enemies":"Maw","floor":38,"turns":7},{"damage":5,"enemies":"4 Shapes","floor":41,"turns":4},{"damage":11,"enemies":"Nemesis","floor":42,"turns":7},{"damage":24,"enemies":"Spire Growth","floor":44,"turns":5},{"damage":0,"enemies":"Transient","floor":45,"turns":5},{"damage":0,"enemies":"Giant Head","floor":47,"turns":7},{"damage":16,"enemies":"Jaw Worm Horde","floor":48,"turns":5},{"damage":123,"enemies":"Donu and Deca","floor":50,"turns":9}],"seed_played":"-7914028342345016192","potions_obtained":[{"floor":5,"key":"SpeedPotion"},{"floor":7,"key":"Fruit Juice"},{"floor":8,"key":"Swift Potion"},{"floor":14,"key":"Swift Potion"},{"floor":18,"key":"AttackPotion"},{"floor":36,"key":"ColorlessPotion"},{"floor":47,"key":"Energy Potion"}],"is_trial":false,"path_per_floor":["M","?","?","?","M","R","E","M","T","E","R","M","?","M","R","B",null,"M","$","?","M","?","R","$","?","T","$","?","?","R","M","R","B",null,"M","M","$","M","$","R","M","E","T","M","M","R","E","M","R","B"],"character_chosen":"DEFECT","items_purchased":["DataDisk","Oddly Smooth Stone","Ginger","Ice Cream"],"campfire_rested":5,"item_purchase_floors":[24,24,37,39],"current_hp_per_floor":[68,68,68,68,69,69,70,64,64,40,65,66,66,59,84,23,81,38,38,38,28,28,57,57,57,57,57,52,52,82,83,83,51,89,86,84,84,85,85,99,95,85,85,62,63,99,105,90,90,0,0],"gold":182,"neow_bonus":"THREE_ENEMY_KILL","is_daily":false,"chose_seed":false,"campfire_upgraded":1,"win_rate":0.0,"timestamp":1614032179,"path_taken":["M","?","?","?","M","R","E","M","T","E","R","?","?","M","R","BOSS","M","$","?","M","?","R","$","?","T","$","?","?","R","M","R","BOSS","M","M","$","M","?","R","M","E","T","M","?","R","E","M","R","BOSS"],"items_purchased_type":["Relic","Relic","Relic","Relic"],"build_version":"2020-12-22","purchased_purges":1,"victory":false,"max_hp_per_floor":[75,75,75,75,76,76,77,83,83,84,84,85,85,86,86,87,97,98,98,98,99,99,99,99,99,99,99,100,100,100,101,101,102,102,103,104,104,105,105,119,120,121,121,122,123,123,124,125,125,125,125],"relic_stats":{"Inserter":[28],"counters":[23,112],"Golden Idol":115,"PreservedInsect":180,"Juzu Bracelet":0,"Ginger":[5],"Orichalcum":[174],"MawBank":204,"Question Card":19,"Shovel":3,"FaceOfCleric":21,"Bronze Scales":[27],"obtain_stats":[{"Ice Cream":39,"Mango":40,"Juzu Bracelet":47,"Ginger":37,"Shovel":22,"FaceOfCleric":4,"WingedGreaves":17,"Red Mask":28,"Cracked Core":0,"Pear":17,"Inserter":34,"NeowsBlessing":0,"Golden Idol":13,"Oddly Smooth Stone":24,"PreservedInsect":17,"Orichalcum":26,"MawBank":7,"Question Card":9,"Akabeko":10,"Calling Bell":17,"DataDisk":24,"Anchor":43,"Bronze Scales":49,"StrikeDummy":42,"Toy Ornithopter":32},{"Ice Cream":16,"Mango":16,"Juzu Bracelet":21,"Ginger":15,"Shovel":10,"FaceOfCleric":1,"WingedGreaves":8,"Red Mask":11,"Cracked Core":0,"Pear":8,"Inserter":13,"NeowsBlessing":0,"Golden Idol":6,"Oddly Smooth Stone":10,"PreservedInsect":8,"Orichalcum":10,"MawBank":3,"Question Card":4,"Akabeko":5,"Calling Bell":8,"DataDisk":10,"Anchor":18,"Bronze Scales":22,"StrikeDummy":18,"Toy Ornithopter":12},{"Ice Cream":70,"Mango":70,"Juzu Bracelet":98,"Ginger":63,"Shovel":38,"FaceOfCleric":1,"WingedGreaves":27,"Red Mask":41,"Cracked Core":0,"Pear":27,"Inserter":56,"NeowsBlessing":0,"Golden Idol":14,"Oddly Smooth Stone":38,"PreservedInsect":27,"Orichalcum":38,"MawBank":3,"Question Card":5,"Akabeko":11,"Calling Bell":27,"DataDisk":38,"Anchor":81,"Bronze Scales":103,"StrikeDummy":81,"Toy Ornithopter":46}],"Toy Ornithopter":20},"card_choices":[{"not_picked":["Redo","Beam Cell"],"picked":"Gash","floor":1},{"not_picked":["Auto Shields","Chaos"],"picked":"Rebound","floor":5},{"not_picked":["Sunder","BootSequence"],"picked":"Buffer","floor":7},{"not_picked":["Static Discharge","Rebound"],"picked":"Gash","floor":8},{"not_picked":["Streamline","BootSequence","Doom and Gloom"],"picked":"Auto Shields","floor":10},{"not_picked":["Coolheaded","Cold Snap","Steam Power"],"picked":"Electrodynamics","floor":12},{"not_picked":["Compile Driver","Recycle","Undo"],"picked":"Sweeping Beam","floor":14},{"not_picked":["Rainbow","Thunder Strike","Echo Form"],"picked":"Seek","floor":16},{"not_picked":["Stack","Force Field","Storm","Heatsinks"],"picked":"SKIP","floor":18},{"not_picked":["Sweeping Beam+1","Double Energy+1","Compile Driver","White Noise"],"picked":"SKIP","floor":21},{"not_picked":["Steam Power","Melter+1","Chaos"],"picked":"Beam Cell+1","floor":28},{"not_picked":["Chaos","Barrage","Coolheaded"],"picked":"Gash+1","floor":31},{"not_picked":["Meteor Strike","Rainbow","Thunder Strike"],"picked":"All For One","floor":33},{"not_picked":["Compile Driver","Force Field+1","Aggregate"],"picked":"Go for the Eyes+1","floor":35},{"not_picked":["Aggregate+1","Sunder+1","Sweeping Beam"],"picked":"Chill+1","floor":36},{"not_picked":["Turbo+1","Ball Lightning","Gash+1"],"picked":"Scrape","floor":38},{"not_picked":["Hyperbeam","Rip and Tear","Conserve Battery"],"picked":"Rebound","floor":41},{"not_picked":["Rebound+1","Coolheaded","Aggregate+1"],"picked":"Fusion","floor":42},{"not_picked":["Leap","Reprogram+1","Multi-Cast"],"picked":"FTL","floor":44},{"not_picked":["Static Discharge+1","Beam Cell","Lockon"],"picked":"Turbo+1","floor":45},{"not_picked":["Turbo","Sunder","Conserve Battery"],"picked":"Cold Snap","floor":47},{"not_picked":["Rip and Tear+1","Turbo+1","Sweeping Beam"],"picked":"Cold Snap+1","floor":48}],"player_experience":386864,"relics_obtained":[{"floor":7,"key":"MawBank"},{"floor":9,"key":"Question Card"},{"floor":10,"key":"Akabeko"},{"floor":17,"key":"PreservedInsect"},{"floor":17,"key":"Pear"},{"floor":17,"key":"WingedGreaves"},{"floor":26,"key":"Orichalcum"},{"floor":28,"key":"Red Mask"},{"floor":32,"key":"Toy Ornithopter"},{"floor":40,"key":"Mango"},{"floor":42,"key":"StrikeDummy"},{"floor":43,"key":"Anchor"},{"floor":47,"key":"Juzu Bracelet"},{"floor":49,"key":"Bronze Scales"}],"event_choices":[{"damage_healed":0,"gold_gain":0,"player_choice":"Leave","damage_taken":0,"max_hp_gain":0,"max_hp_loss":0,"event_name":"The Cleric","floor":2,"gold_loss":0},{"damage_healed":0,"gold_gain":0,"player_choice":"Grow","damage_taken":0,"max_hp_gain":0,"max_hp_loss":0,"event_name":"Living Wall","floor":3,"gold_loss":0,"cards_upgraded":["Zap"]},{"damage_healed":0,"gold_gain":0,"player_choice":"Trade","damage_taken":0,"relics_obtained":["FaceOfCleric"],"max_hp_gain":0,"max_hp_loss":0,"event_name":"FaceTrader","floor":4,"gold_loss":0},{"damage_healed":0,"gold_gain":0,"player_choice":"Take Wound","damage_taken":0,"relics_obtained":["Golden Idol"],"max_hp_gain":0,"max_hp_loss":0,"event_name":"Golden Idol","floor":13,"gold_loss":0,"cards_obtained":["Injury"]},{"damage_healed":0,"gold_gain":99,"player_choice":"Stole From Cult","damage_taken":0,"max_hp_gain":0,"max_hp_loss":0,"event_name":"Nest","floor":20,"gold_loss":0},{"damage_healed":0,"gold_gain":0,"player_choice":"Obtained Relic","damage_taken":0,"relics_obtained":["Shovel"],"max_hp_gain":0,"max_hp_loss":0,"event_name":"Addict","floor":22,"gold_loss":85},{"damage_healed":0,"gold_gain":0,"player_choice":"Ignored","damage_taken":0,"max_hp_gain":0,"max_hp_loss":0,"event_name":"Vampires","floor":25,"gold_loss":0},{"damage_healed":0,"gold_gain":0,"player_choice":"Fought Bandits","damage_taken":0,"max_hp_gain":0,"max_hp_loss":0,"event_name":"Masked Bandits","floor":28,"gold_loss":0},{"damage_healed":0,"gold_gain":0,"player_choice":"Forge","damage_taken":0,"max_hp_gain":0,"max_hp_loss":0,"event_name":"Accursed Blacksmith","floor":29,"gold_loss":0,"cards_upgraded":["Buffer"]}],"is_beta":false,"boss_relics":[{"not_picked":["Philosopher\u0027s Stone","Nuclear Battery"],"picked":"Calling Bell"},{"not_picked":["Coffee Dripper","Snecko Eye"],"picked":"Inserter"}],"items_purged_floors":[27],"is_endless":false,"potions_floor_spawned":[5,7,8,14,18,36,44,45,47,48],"killed_by":"Donu and Deca","ascension_level":8}}