{"host":"f14d6hm2349s9jse","time":1614004689,"event":{"mods":["2.2 Compatiblity","BaseMod","Lobotomy","Minty Spire (QoL Compilation)","StSLib"],"gold_per_floor":[119,119,137,137,137,137,163,163,163,175,201,126,142,142,142,220,220,220,220],"floor_reached":18,"language":"ENG","playtime":1062,"items_purged":["Regret"],"score":336,"play_id":"e24d0f50-6c4b-4ca2-b0aa-2d943025e358","local_time":"20210222093809","is_ascension_mode":true,"campfire_choices":[{"data":"Perseverance","floor":6,"key":"SMITH"},{"floor":8,"key":"REST"},{"data":"Worship","floor":15,"key":"SMITH"}],"circlet_count":0,"master_deck":["AscendersBane","Strike_P","Strike_P","Strike_P","Strike_P","Defend_P","Defend_P","Defend_P","Defend_P","Eruption+1","Vigilance","Perseverance+1","WheelKick","SingingMachine","VoidDream","NakedNest","Worship+1","HeroicMonk","Devotion+1","BigBadWolf","Judgement","PunishingBird"],"relics":["PureWater","CogitoBucket","Art of War","Meat on the Bone","Eternal Feather","Frozen Egg 2","Theresia","Snecko Eye"],"acts_visited":["Exordium","TheCity"],"potions_floor_usage":[7,11],"damage_taken":[{"damage":0,"enemies":"Small Slimes","floor":1,"turns":3},{"damage":0,"enemies":"Jaw Worm","floor":3,"turns":6},{"damage":29,"enemies":"Lagavulin","floor":7,"turns":8},{"damage":4,"enemies":"2 Louse","floor":10,"turns":2},{"damage":17,"enemies":"Gremlin Nob","floor":11,"turns":3},{"damage":22,"enemies":"Red Slaver","floor":13,"turns":6},{"damage":37,"enemies":"The Guardian","floor":16,"turns":10},{"damage":100,"enemies":"Spheric Guardian","floor":18,"turns":1}],"seed_played":"-2912610299676455094","potions_obtained":[{"floor":1,"key":"AttackPotion"},{"floor":10,"key":"LiquidBronze"},{"floor":16,"key":"Block Potion"}],"is_trial":false,"path_per_floor":["M","?","M","?","?","R","E","R","T","M","E","$","M","?","R","B",null,"M"],"character_chosen":"WATCHER","items_purchased":[],"campfire_rested":1,"item_purchase_floors":[],"current_hp_per_floor":[61,61,61,61,61,61,32,52,52,48,43,43,33,38,50,25,57,0,0],"gold":220,"neow_bonus":"","is_daily":false,"chose_seed":false,"campfire_upgraded":2,"win_rate":0.0,"timestamp":1614004689,"path_taken":["M","?","M","?","?","R","E","R","T","?","E","$","M","?","R","BOSS","M"],"items_purchased_type":[],"build_version":"2020-12-22","purchased_purges":1,"victory":false,"max_hp_per_floor":[68,68,68,68,68,68,68,68,68,68,68,68,68,68,68,68,68,68,68],"card_choices":[{"not_picked":["EmptyFist","FollowUp"],"picked":"Perseverance","floor":1},{"not_picked":["MeatLantern","Bloodbath"],"picked":"SpiderBud","floor":1},{"not_picked":["ThirdEye","FollowUp"],"picked":"WheelKick","floor":3},{"not_picked":["Mercenary","CrumblingArmor"],"picked":"SingingMachine","floor":3},{"not_picked":["RedShoes","OldLady"],"picked":"VoidDream","floor":7},{"not_picked":["JustLucky","BowlingBash","Consecrate"],"picked":"SKIP","floor":7},{"not_picked":["MeatLantern","BigBird"],"picked":"NakedNest","floor":10},{"not_picked":["EmptyBody","Pray","Consecrate"],"picked":"SKIP","floor":10},{"not_picked":["Crescendo","PathToVictory"],"picked":"Worship","floor":11},{"not_picked":["MeatLantern","Alriune"],"picked":"HeroicMonk","floor":11},{"not_picked":["Protect","ClearTheMind"],"picked":"Devotion+1","floor":13},{"not_picked":["Scorched","Wellcheers"],"picked":"BigBadWolf","floor":13},{"not_picked":["Alpha","Wish"],"picked":"Judgement","floor":16},{"not_picked":["WhitesApple","MeatLantern"],"picked":"PunishingBird","floor":16}],"player_experience":2468463,"relics_obtained":[{"floor":7,"key":"Meat on the Bone"},{"floor":9,"key":"Eternal Feather"},{"floor":11,"key":"Frozen Egg 2"}],"event_choices":[{"damage_healed":0,"gold_gain":0,"player_choice":"Ignored","damage_taken":0,"max_hp_gain":0,"max_hp_loss":0,"event_name":"Golden Wing","floor":2,"gold_loss":0},{"damage_healed":0,"gold_gain":0,"player_choice":"Box","damage_taken":0,"relics_obtained":["Art of War"],"max_hp_gain":0,"max_hp_loss":0,"event_name":"Big Fish","floor":4,"gold_loss":0,"cards_obtained":["Regret"]},{"damage_healed":0,"gold_gain":0,"player_choice":"Forge","damage_taken":0,"max_hp_gain":0,"max_hp_loss":0,"event_name":"Accursed Blacksmith","floor":5,"gold_loss":0,"cards_upgraded":["Eruption"]},{"cards_removed":["SpiderBud"],"damage_healed":5,"gold_gain":0,"player_choice":"Offered Common","damage_taken":0,"max_hp_gain":0,"max_hp_loss":0,"event_name":"Bonfire Elementals","floor":14,"gold_loss":0},{"cards_removed":["SpiderBud"],"damage_healed":5,"gold_gain":0,"player_choice":"Offered Special","damage_taken":0,"max_hp_gain":0,"max_hp_loss":0,"event_name":"Bonfire Elementals","floor":14,"gold_loss":0}],"is_beta":false,"boss_relics":[{"not_picked":["Philosopher\u0027s Stone","Pandora\u0027s Box"],"picked":"Snecko Eye"}],"items_purged_floors":[12],"is_endless":false,"potions_floor_spawned":[1,10,16],"killed_by":"Spheric Guardian","ascension_level":20}}