{"host":"xo0glkmxta74xh34","time":1614023537,"event":{"mods":["BaseMod","Downfall","Minty Spire (QoL Compilation)","Reliquary","Replay The Spire","StSLib"],"gold_per_floor":[99,113,113,133,133,133,133,133,133,162,173,191,205,215,233,233,233,233],"floor_reached":16,"language":"ENG","playtime":510,"items_purged":[],"score":161,"play_id":"bb5736e1-dcfd-4a18-8df8-382f4924fd9e","local_time":"20210222135217","is_ascension_mode":true,"campfire_choices":[{"data":"Guardian:TwinSlam","floor":1,"key":"SMITH"},{"data":"Guardian:CurlUp","floor":6,"key":"SMITH"},{"floor":9,"key":"REST"}],"circlet_count":0,"master_deck":["AscendersBane","Guardian:Strike_Guardian","Guardian:Strike_Guardian","Guardian:Strike_Guardian","Guardian:Defend_Guardian","Guardian:Defend_Guardian","Guardian:Defend_Guardian","Guardian:CurlUp+1","Guardian:TwinSlam+1","Guardian:VentSteam","CommonCold","Guardian:ChargeUp","Guardian:GuardianWhirl+1","Guardian:ChargeCore+1","Guardian:Gem_Orange","Guardian:BronzeOrb+1"],"relics":["Cursed Key","Molten Egg 2","downfall:ShatteredFragment","reliquary:GummyVitamins"],"acts_visited":["Exordium"],"potions_floor_usage":[16,16],"damage_taken":[{"damage":2,"enemies":"Jaw Worm","floor":2,"turns":4},{"damage":8,"enemies":"Small Slimes","floor":4,"turns":4},{"damage":20,"enemies":"Lagavulin","floor":10,"turns":7},{"damage":0,"enemies":"Cultist","floor":11,"turns":3},{"damage":17,"enemies":"downfall:LooterAlt","floor":12,"turns":3},{"damage":8,"enemies":"Blue Slaver","floor":13,"turns":3},{"damage":3,"enemies":"2 Fungi Beasts","floor":14,"turns":3},{"damage":11,"enemies":"Lots of Slimes","floor":15,"turns":3},{"damage":24,"enemies":"DF_ARCHETYPE_STREAMLINE","floor":16,"turns":3}],"seed_played":"8355887519395732948","potions_obtained":[{"floor":4,"key":"Dexterity Potion"},{"floor":12,"key":"Slimebound:ThreeZeroPotion"}],"is_trial":false,"path_per_floor":["R","M","?","M","?","R","T","?","R","E","M","M","M","M","M","B"],"character_chosen":"GUARDIAN","items_purchased":[],"campfire_rested":1,"item_purchase_floors":[],"current_hp_per_floor":[72,70,70,62,62,62,62,38,62,42,42,25,17,14,3,0,0,0],"gold":233,"neow_bonus":"BOSS_RELIC","is_daily":false,"chose_seed":false,"campfire_upgraded":2,"win_rate":0.0,"timestamp":1614023537,"path_taken":["R","M","?","M","?","R","T","?","R","E","M","?","?","M","M","BOSS"],"items_purchased_type":[],"build_version":"2020-12-22","purchased_purges":0,"victory":false,"max_hp_per_floor":[80,80,80,80,80,80,80,80,80,80,80,80,80,80,80,80,80,80],"card_choices":[{"not_picked":["Guardian:ChargeCore","Guardian:Reroute"],"picked":"Guardian:VentSteam","floor":2},{"not_picked":["Guardian:Planning","Guardian:Reroute"],"picked":"Guardian:Gem_Lightblue","floor":4},{"not_picked":["Guardian:Gem_Red","Guardian:Gem_Cyan"],"picked":"Guardian:ChargeUp","floor":10},{"not_picked":["Guardian:Gem_Fragmented","Guardian:FuturePlans"],"picked":"Guardian:GuardianWhirl+1","floor":11},{"not_picked":["Guardian:TemporalStrike+1","Guardian:Gem_Lightblue"],"picked":"Guardian:ChargeCore+1","floor":12},{"not_picked":["Guardian:PiercingHide","Guardian:PrismaticBarrier"],"picked":"Guardian:Gem_Orange","floor":13},{"not_picked":["Guardian:ChargeCore+1","Guardian:CrystalBeam+1","Guardian:GuardianWhirl+1"],"picked":"SKIP","floor":14},{"not_picked":["Guardian:Orbwalk","Guardian:Gem_Purple"],"picked":"Guardian:BronzeOrb+1","floor":15}],"player_experience":536126,"relics_obtained":[{"floor":7,"key":"Molten Egg 2"},{"floor":10,"key":"reliquary:GummyVitamins"}],"event_choices":[],"is_beta":false,"boss_relics":[],"items_purged_floors":[],"is_endless":false,"potions_floor_spawned":[4,12,14,15],"killed_by":"DF_ARCHETYPE_STREAMLINE","ascension_level":11}}