{"host":"y9t3brv5y5t41vuj","time":1614021284,"event":{"mods":["AchievementEnabler","BaseMod","BetterRewards","Block Reminder","Colored Map","Colored Powertips","Conspire","Highlight Path","Hubris","Infinite Spire","Minty Spire (QoL Compilation)","Quick Restart","Replay The Spire","Shop Mod","StSLib","SuperFastMode","Unceasing Turn Reminder"],"gold_per_floor":[116,116,136,311,330,360,360,385,385,417,118,25,25,42,42,144,144,157,257,273,289,289,289,316,316,316,327,131,151,167,177,177,273,373,390,390,390,401,412,412,437,407,480,340,355,355,371,390,390,390],"floor_reached":51,"language":"ENG","playtime":1221,"items_purged":["Doubt","Strike_G","Strike_G","Strike_G","Strike_G","Strike_G"],"score":994,"play_id":"9ef4f11b-b657-4d2b-8712-95a36f9058d9","local_time":"20210222201444","is_ascension_mode":true,"campfire_choices":[{"data":"Neutralize","floor":7,"key":"SMITH"},{"floor":13,"key":"REST"},{"floor":15,"key":"REST"},{"data":"infinitespire:SevenWalls","floor":23,"key":"SMITH"},{"data":"After Image","floor":25,"key":"SMITH"},{"data":"Catalyst","floor":32,"key":"SMITH"},{"data":"Replay:Bootleg Shield Generator","floor":40,"key":"SMITH"},{"data":"Distraction","floor":49,"key":"SMITH"}],"circlet_count":0,"master_deck":["Defend_G","Defend_G","Defend_G","Defend_G","Defend_G","Survivor","Blade Dance","Bouncing Flask","Deadly Poison","Distraction+1","hubris:DuctTapeCard","After Image+1","Sadistic Nature+1","Cloak And Dagger","Atom Bomb","Bane","Well Laid Plans+1","Prepared","infinitespire:SevenWalls+1","Replay:Bootleg Shield Generator+1","Catalyst+1","Leg Sweep","After Image+1","Dodge and Roll+1","Deadly Poison","Footwork+1","Fluid Movement"],"relics":["Ring of the Snake","NeowsBlessing","hubris:DuctTape","MerchantsRug","hubris:ScarierMask","Coffee Dripper","Snake Skull","Replay:Baseball","Replay:Wanted Poster","Happy Flower","Molten Egg 2"],"acts_visited":["Exordium","TheCity","TheBeyond"],"potions_floor_usage":[6,10,21,33,33,33,46,50,50,50],"damage_taken":[{"damage":0,"enemies":"Jaw Worm","floor":1,"turns":1},{"damage":0,"enemies":"Cultist","floor":3,"turns":1},{"damage":0,"enemies":"2 Louse","floor":5,"turns":1},{"damage":27,"enemies":"Gremlin Nob","floor":6,"turns":4},{"damage":10,"enemies":"Lagavulin","floor":8,"turns":6},{"damage":24,"enemies":"3 Sentries","floor":10,"turns":8},{"damage":3,"enemies":"Red Slaver","floor":14,"turns":4},{"damage":33,"enemies":"Hexaghost","floor":16,"turns":8},{"damage":1,"enemies":"2 Thieves","floor":18,"turns":3},{"damage":12,"enemies":"Chosen","floor":20,"turns":6},{"damage":9,"enemies":"Snecko","floor":21,"turns":4},{"damage":17,"enemies":"Slavers","floor":24,"turns":4},{"damage":6,"enemies":"3 Cultists","floor":27,"turns":3},{"damage":1,"enemies":"Shelled Parasite and Fungi","floor":29,"turns":4},{"damage":4,"enemies":"Snake Plant","floor":30,"turns":3},{"damage":0,"enemies":"Chosen and Byrds","floor":31,"turns":3},{"damage":9,"enemies":"hubris:MusketHawk","floor":33,"turns":6},{"damage":0,"enemies":"3 Shapes","floor":35,"turns":2},{"damage":0,"enemies":"3 Darklings","floor":38,"turns":4},{"damage":0,"enemies":"Transient","floor":39,"turns":5},{"damage":0,"enemies":"Giant Head","floor":41,"turns":5},{"damage":0,"enemies":"Jaw Worm Horde","floor":45,"turns":3},{"damage":0,"enemies":"Reptomancer","floor":46,"turns":2},{"damage":0,"enemies":"3 Darklings","floor":47,"turns":3},{"damage":4,"enemies":"Maw","floor":48,"turns":5},{"damage":14,"enemies":"Donu and Deca","floor":50,"turns":14}],"seed_played":"1356376545287152919","potions_obtained":[{"floor":1,"key":"Languid Potion"},{"floor":5,"key":"BlessingOfTheForge"},{"floor":10,"key":"Venom Potion"},{"floor":16,"key":"Adrenaline Potion"},{"floor":18,"key":"PowerPotion"},{"floor":21,"key":"Poison Potion"},{"floor":29,"key":"CunningPotion"},{"floor":30,"key":"FearPotion"},{"floor":35,"key":"SmokeBomb"},{"floor":42,"key":"BlessingOfTheForge"},{"floor":42,"key":"Elixir"},{"floor":48,"key":"Flashbang"}],"is_trial":false,"path_per_floor":["M","?","M","?","M","E","R","E","T","E","$","$","R","M","R","B",null,"M","?","M","M","AVR","R","E","R","T","M","$","M","M","M","R","B",null,"M","$","?","M","M","R","E","?","T","$","M","E","M","M","R","B",null],"character_chosen":"THE_SILENT","items_purchased":["PreservedInsect","MerchantsRug","Sadistic Nature","Replay:Bootleg Shield Generator","Block Potion","DollysMirror"],"campfire_rested":2,"item_purchase_floors":[11,11,12,28,28,36],"current_hp_per_floor":[70,70,70,70,70,43,43,33,33,9,9,9,30,27,48,15,70,69,69,57,48,48,48,31,31,31,25,25,24,20,20,20,11,70,70,55,55,55,55,55,55,55,55,55,55,55,55,51,51,37],"gold":390,"neow_bonus":"THREE_ENEMY_KILL","is_daily":false,"chose_seed":false,"campfire_upgraded":6,"win_rate":0.0,"timestamp":1614021284,"path_taken":["M","?","M","?","?","E","R","E","T","E","?","$","R","?","R","BOSS","M","?","?","?","AVR","R","E","R","T","M","$","?","M","M","R","BOSS","M","?","?","M","?","R","E","?","T","$","?","E","M","M","R","BOSS"],"items_purchased_type":["Relic","Relic","Card","Card","Potion","Relic"],"build_version":"2020-12-22","purchased_purges":6,"victory":true,"max_hp_per_floor":[70,70,70,70,70,70,70,70,70,70,70,70,70,70,70,70,70,70,70,70,70,70,70,70,70,70,70,70,70,70,70,70,70,70,70,70,70,70,70,70,70,70,70,70,70,70,70,70,70,70],"card_choices":[{"not_picked":["Leg Sweep","Sucker Punch"],"picked":"Blade Dance","floor":1},{"not_picked":["Sucker Punch","Quick Slash"],"picked":"Bouncing Flask","floor":3},{"not_picked":["Hidden Blade","Deflect"],"picked":"Deadly Poison","floor":5},{"not_picked":["Flechettes","Hidden Blade"],"picked":"Heel Hook","floor":6},{"not_picked":["Concentrate","All Out Attack"],"picked":"Distraction","floor":8},{"not_picked":["Poisoned Stab","ReplayTheSpireMod:Tripwire"],"picked":"After Image","floor":10},{"not_picked":["Distraction","Deflect"],"picked":"Cloak And Dagger","floor":14},{"not_picked":["Phantasmal Killer","ReplayTheSpireMod:Necrosis"],"picked":"Atom Bomb","floor":16},{"not_picked":["Dagger Throw","Cloak And Dagger"],"picked":"Bane","floor":18},{"not_picked":["ReplayTheSpireMod:Tripwire","Dagger Spray"],"picked":"Well Laid Plans+1","floor":20},{"not_picked":["Hidden Blade","Acrobatics"],"picked":"Prepared","floor":21},{"not_picked":["PiercingWail","Quick Slash","Crippling Poison+1"],"picked":"SKIP","floor":24},{"not_picked":["Cloak And Dagger","Burst","Reflex"],"picked":"SKIP","floor":27},{"not_picked":["Terror","Dagger Throw+1","Dagger Spray"],"picked":"SKIP","floor":29},{"not_picked":["Dagger Throw","Atom Bomb"],"picked":"Catalyst","floor":30},{"not_picked":["Blade Dance","Dodge and Roll","Cloak And Dagger"],"picked":"SKIP","floor":31},{"not_picked":["hubris:SlightOfHand+1","Quick Slash"],"picked":"Leg Sweep","floor":35},{"not_picked":["Cloak And Dagger","ReplayTheSpireMod:Exploit Weakness+1"],"picked":"Dodge and Roll+1","floor":38},{"not_picked":["Infinite Blades","Well Laid Plans"],"picked":"Deadly Poison","floor":39},{"not_picked":["Calculated Gamble+1","Slice","Draining Mist"],"picked":"SKIP","floor":41},{"not_picked":["PiercingWail+1","Slice+1"],"picked":"Footwork+1","floor":45},{"not_picked":["Hidden Blade+1","Slice+1","Draining Mist+1"],"picked":"SKIP","floor":47},{"not_picked":["ReplayTheSpireMod:Exploit Weakness+1","Blur+1"],"picked":"Fluid Movement","floor":48}],"player_experience":552391,"relics_obtained":[{"floor":6,"key":"ReplayTheSpireMod:TigerMarble"},{"floor":8,"key":"Girya"},{"floor":9,"key":"hubris:DuctTape"},{"floor":10,"key":"Blue Candle"},{"floor":24,"key":"Replay:Baseball"},{"floor":26,"key":"hubris:SlimyHat"},{"floor":41,"key":"Happy Flower"},{"floor":43,"key":"Molten Egg 2"}],"event_choices":[{"damage_healed":0,"gold_gain":0,"player_choice":"Disagree","damage_taken":0,"max_hp_gain":0,"max_hp_loss":0,"event_name":"conspire:LoneGhost","floor":2,"gold_loss":0},{"damage_healed":0,"gold_gain":175,"player_choice":"AGREE","damage_taken":0,"max_hp_gain":0,"max_hp_loss":0,"event_name":"Liars Game","floor":4,"gold_loss":0,"cards_obtained":["Doubt"]},{"damage_healed":0,"gold_gain":100,"player_choice":"Pray","damage_taken":0,"max_hp_gain":0,"max_hp_loss":0,"event_name":"Golden Shrine","floor":19,"gold_loss":0},{"damage_healed":0,"gold_gain":0,"player_choice":"Forge","damage_taken":0,"max_hp_gain":0,"max_hp_loss":0,"event_name":"Accursed Blacksmith","floor":37,"gold_loss":0,"cards_upgraded":["Sadistic Nature"]},{"damage_healed":0,"gold_gain":0,"player_choice":"Bought 2 Potions","damage_taken":0,"max_hp_gain":0,"max_hp_loss":0,"event_name":"The Woman in Blue","floor":42,"gold_loss":0}],"is_beta":false,"boss_relics":[{"not_picked":["hubris:Stopwatch","WristBlade"],"picked":"hubris:ScarierMask"},{"not_picked":["Runic Pyramid","hubris:VirtuousBlindfold"],"picked":"Replay:Wanted Poster"}],"items_purged_floors":[11,12,22,28,36,44],"is_endless":false,"potions_floor_spawned":[1,5,10,16,18,21,29,30,31,35,45,48],"ascension_level":3}}