{"host":"40e4adzyl212zebh","time":1614038265,"event":{"mods":["BaseMod","Colored Map","Colored Powertips","DeckTracker","Minty Spire (QoL Compilation)","Quick Restart","Random Character Button","Relic Stats","StSLib","SuperFastMode"],"gold_per_floor":[116,1,15,190,190,215,231,231,231,231,248,278,38,55,55,150,150,164,178,88,103,114,144,144,154,222,249,249,269,269,169,169,268,268,278,278,278,325,325,325,357,357,411,438,453,453,472,278,278,278,278,278,18,48,48],"floor_reached":56,"language":"ENG","playtime":4677,"items_purged":["Strike_P","Strike_P","Pain"],"score":1328,"play_id":"f18a8012-66df-4b53-bbf9-e53290d396f9","local_time":"20210223085745","is_ascension_mode":false,"campfire_choices":[{"data":"BattleHymn","floor":8,"key":"SMITH"},{"floor":15,"key":"RECALL"},{"data":"DevaForm","floor":24,"key":"SMITH"},{"data":"Fasting2","floor":30,"key":"SMITH"},{"data":"Vigilance","floor":32,"key":"SMITH"},{"data":"Protect","floor":40,"key":"SMITH"},{"data":"Iron Wave","floor":42,"key":"SMITH"},{"data":"Nirvana","floor":46,"key":"SMITH"},{"data":"Eruption","floor":49,"key":"SMITH"},{"data":"Nirvana","floor":52,"key":"SMITH"}],"circlet_count":0,"master_deck":["Strike_P+1","Strike_P+1","Defend_P","Defend_P+1","Defend_P","Defend_P","Eruption+1","Vigilance+1","Fasting2+1","Nirvana+1","BattleHymn+1","Protect+1","JustLucky","Worship+1","Protect+1","DevaForm+1","EmptyBody+1","Nirvana+1","Perseverance+1","Iron Wave+1","Scrawl+1","Bandage Up+1","Secret Weapon+1","Dark Shackles+1","SandsOfTime+1","Collect+1","InnerPeace+1","InnerPeace+1","Evaluate+1"],"relics":["PureWater","NeowsBlessing","WarpedTongs","TungstenRod","Toxic Egg 2","Orichalcum","Potion Belt","Busted Crown","PreservedInsect","Gremlin Horn","Whetstone","Black Star","Calipers","Regal Pillow","FossilizedHelix","Frozen Egg 2","Pantograph","Bottled Tornado","Centennial Puzzle","Art of War"],"acts_visited":["Exordium","TheCity","TheBeyond","TheEnding"],"potions_floor_usage":[23,27,27,29,38,41,54,55,55,55,55,55],"damage_taken":[{"damage":0,"enemies":"Small Slimes","floor":1,"turns":1},{"damage":0,"enemies":"Jaw Worm","floor":3,"turns":1},{"damage":0,"enemies":"Lagavulin","floor":6,"turns":1},{"damage":0,"enemies":"Cultist","floor":7,"turns":2},{"damage":0,"enemies":"Looter","floor":11,"turns":4},{"damage":11,"enemies":"3 Sentries","floor":12,"turns":8},{"damage":0,"enemies":"2 Fungi Beasts","floor":14,"turns":2},{"damage":7,"enemies":"The Guardian","floor":16,"turns":10},{"damage":0,"enemies":"Chosen","floor":18,"turns":6},{"damage":0,"enemies":"3 Byrds","floor":19,"turns":6},{"damage":4,"enemies":"Snecko","floor":21,"turns":5},{"damage":2,"enemies":"Cultist and Chosen","floor":22,"turns":7},{"damage":0,"enemies":"Gremlin Leader","floor":23,"turns":6},{"damage":0,"enemies":"Chosen and Byrds","floor":25,"turns":7},{"damage":20,"enemies":"Slavers","floor":27,"turns":4},{"damage":7,"enemies":"3 Cultists","floor":29,"turns":7},{"damage":0,"enemies":"Champ","floor":33,"turns":11},{"damage":0,"enemies":"Orb Walker","floor":35,"turns":4},{"damage":23,"enemies":"2 Orb Walkers","floor":38,"turns":5},{"damage":0,"enemies":"Reptomancer","floor":41,"turns":4},{"damage":0,"enemies":"Giant Head","floor":44,"turns":7},{"damage":0,"enemies":"3 Darklings","floor":45,"turns":5},{"damage":0,"enemies":"Sphere and 2 Shapes","floor":47,"turns":3},{"damage":39,"enemies":"Donu and Deca","floor":50,"turns":8},{"damage":9,"enemies":"Shield and Spear","floor":54,"turns":7},{"damage":60,"enemies":"The Heart","floor":55,"turns":10}],"seed_played":"3930175246082552006","potions_obtained":[{"floor":1,"key":"LiquidMemories"},{"floor":6,"key":"Energy Potion"},{"floor":12,"key":"StancePotion"},{"floor":14,"key":"DuplicationPotion"},{"floor":18,"key":"Regen Potion"},{"floor":23,"key":"FearPotion"},{"floor":27,"key":"SkillPotion"},{"floor":29,"key":"Strength Potion"},{"floor":38,"key":"LiquidBronze"},{"floor":41,"key":"BottledMiracle"},{"floor":44,"key":"Swift Potion"},{"floor":54,"key":"LiquidMemories"}],"is_trial":false,"path_per_floor":["M","$","M","?","?","E","M","R","T","?","M","E","$","M","R","B",null,"M","M","?","M","M","E","R","M","T","E","?","M","R","$","R","B",null,"M","?","?","?","?","R","E","R","T","E","M","R","M","$","R","B",null,"R","$","E","B",null],"character_chosen":"WATCHER","items_purchased":["Nirvana","Potion Belt","Ambrosia","InnerPeace+1","Bottled Tornado"],"campfire_rested":0,"item_purchase_floors":[2,13,13,48,53],"current_hp_per_floor":[72,72,72,72,72,72,72,72,72,77,77,66,66,66,66,59,77,77,77,77,73,71,71,71,71,71,63,63,56,56,56,56,56,77,77,73,64,47,47,47,53,53,53,59,65,65,71,71,71,34,73,73,73,70,19],"gold":48,"neow_bonus":"THREE_ENEMY_KILL","is_daily":false,"chose_seed":false,"campfire_upgraded":9,"win_rate":0.0,"timestamp":1614038265,"path_taken":["M","$","M","?","?","E","?","R","T","?","M","E","$","M","R","BOSS","M","M","?","?","M","E","R","M","T","E","?","?","R","$","R","BOSS","M","?","?","?","?","R","E","R","T","E","M","R","M","$","R","BOSS","R","$","E","BOSS"],"items_purchased_type":["Card","Relic","Potion","Card","Relic"],"build_version":"2020-12-22","purchased_purges":3,"victory":true,"max_hp_per_floor":[72,72,72,72,72,72,72,72,72,77,77,77,77,77,77,77,77,77,77,77,77,77,77,77,77,77,77,77,77,77,77,77,77,77,77,73,73,73,73,73,73,73,73,73,73,73,73,73,73,73,73,73,73,73,73],"relic_stats":{"Regal Pillow":0,"Gremlin Horn":[15,15],"counters":[26,141],"PreservedInsect":289,"Whetstone":["Strike_P","Strike_P"],"Orichalcum":[114],"WarpedTongs":[139],"Centennial Puzzle":[3],"Busted Crown":38,"Pantograph":5,"Black Star":3,"Art of War":[1],"obtain_stats":[{"Potion Belt":13,"Regal Pillow":41,"Calipers":38,"NeowsBlessing":0,"Gremlin Horn":26,"PreservedInsect":23,"Whetstone":27,"Orichalcum":12,"Frozen Egg 2":44,"Bottled Tornado":53,"WarpedTongs":5,"Centennial Puzzle":54,"Busted Crown":17,"Pantograph":44,"Black Star":34,"Art of War":54,"PureWater":0,"Toxic Egg 2":9,"TungstenRod":6,"FossilizedHelix":41},{"Potion Belt":6,"Regal Pillow":20,"Calipers":19,"NeowsBlessing":0,"Gremlin Horn":14,"PreservedInsect":13,"Whetstone":15,"Orichalcum":6,"Frozen Egg 2":21,"Bottled Tornado":24,"WarpedTongs":2,"Centennial Puzzle":25,"Busted Crown":8,"Pantograph":21,"Black Star":17,"Art of War":25,"PureWater":0,"Toxic Egg 2":4,"TungstenRod":3,"FossilizedHelix":20},{"Potion Belt":17,"Regal Pillow":101,"Calipers":97,"NeowsBlessing":0,"Gremlin Horn":66,"PreservedInsect":59,"Whetstone":70,"Orichalcum":17,"Frozen Egg 2":108,"Bottled Tornado":124,"WarpedTongs":2,"Centennial Puzzle":131,"Busted Crown":29,"Pantograph":108,"Black Star":88,"Art of War":131,"PureWater":0,"Toxic Egg 2":5,"TungstenRod":3,"FossilizedHelix":101}],"TungstenRod":171},"card_choices":[{"not_picked":["Pray","Adaptation"],"picked":"Fasting2","floor":1},{"not_picked":["Study","CutThroughFate"],"picked":"BattleHymn","floor":3},{"not_picked":["FlurryOfBlows","ClearTheMind"],"picked":"Consecrate","floor":6},{"not_picked":["FollowUp","Evaluate"],"picked":"Protect","floor":7},{"not_picked":["CrushJoints","SashWhip"],"picked":"JustLucky","floor":11},{"not_picked":["Study","ThirdEye+1"],"picked":"Worship+1","floor":12},{"not_picked":["CrushJoints","FlyingSleeves"],"picked":"Protect+1","floor":14},{"not_picked":["DeusExMachina+1","Brilliance"],"picked":"DevaForm","floor":16},{"not_picked":[],"picked":"EmptyBody+1","floor":18},{"not_picked":["FlurryOfBlows"],"picked":"SKIP","floor":19},{"not_picked":[],"picked":"Nirvana","floor":21},{"not_picked":[],"picked":"Perseverance+1","floor":22},{"not_picked":["ClearTheMind+1"],"picked":"SKIP","floor":23},{"not_picked":["JustLucky"],"picked":"SKIP","floor":25},{"not_picked":["EmptyBody+1"],"picked":"SKIP","floor":27},{"not_picked":["SignatureMove"],"picked":"SKIP","floor":29},{"not_picked":[],"picked":"Scrawl+1","floor":33},{"not_picked":["BowlingBash"],"picked":"SKIP","floor":35},{"not_picked":[],"picked":"Bandage Up+1","floor":37},{"not_picked":[],"picked":"Secret Weapon+1","floor":37},{"not_picked":[],"picked":"Dark Shackles+1","floor":37},{"not_picked":[],"picked":"SandsOfTime+1","floor":38},{"not_picked":["FlyingSleeves"],"picked":"SKIP","floor":41},{"not_picked":[],"picked":"Collect+1","floor":44},{"not_picked":["BowlingBash"],"picked":"SKIP","floor":45},{"not_picked":[],"picked":"InnerPeace+1","floor":47},{"not_picked":[],"picked":"Evaluate+1","floor":54}],"player_experience":594603,"relics_obtained":[{"floor":6,"key":"TungstenRod"},{"floor":9,"key":"Toxic Egg 2"},{"floor":12,"key":"Orichalcum"},{"floor":23,"key":"PreservedInsect"},{"floor":26,"key":"Gremlin Horn"},{"floor":27,"key":"Whetstone"},{"floor":38,"key":"Calipers"},{"floor":41,"key":"Regal Pillow"},{"floor":41,"key":"FossilizedHelix"},{"floor":44,"key":"Frozen Egg 2"},{"floor":44,"key":"Pantograph"},{"floor":54,"key":"Centennial Puzzle"},{"floor":54,"key":"Art of War"}],"event_choices":[{"damage_healed":0,"gold_gain":175,"player_choice":"AGREE","damage_taken":0,"max_hp_gain":0,"max_hp_loss":0,"event_name":"Liars Game","floor":4,"gold_loss":0,"cards_obtained":["Doubt"]},{"damage_healed":0,"gold_gain":0,"player_choice":"Rummage","damage_taken":0,"relics_obtained":["WarpedTongs"],"max_hp_gain":0,"max_hp_loss":0,"event_name":"Accursed Blacksmith","floor":5,"gold_loss":0,"cards_obtained":["Pain"]},{"damage_healed":0,"gold_gain":0,"player_choice":"Donut","damage_taken":0,"max_hp_gain":5,"max_hp_loss":0,"event_name":"Big Fish","floor":10,"gold_loss":0},{"cards_removed":["Doubt"],"damage_healed":0,"gold_gain":0,"player_choice":"Upgrade and Remove","damage_taken":0,"max_hp_gain":0,"max_hp_loss":0,"event_name":"Designer","floor":20,"gold_loss":90,"cards_upgraded":["Defend_P"]},{"cards_removed":["Consecrate"],"damage_healed":0,"gold_gain":0,"player_choice":"Took Card","damage_taken":0,"max_hp_gain":0,"max_hp_loss":0,"event_name":"NoteForYourself","floor":28,"gold_loss":0,"cards_obtained":["Iron Wave"]},{"damage_healed":0,"gold_gain":0,"player_choice":"Max HP","damage_taken":0,"max_hp_gain":0,"max_hp_loss":4,"event_name":"Winding Halls","floor":36,"gold_loss":0},{"damage_healed":0,"gold_gain":0,"player_choice":"Memory 3","damage_taken":10,"max_hp_gain":0,"max_hp_loss":0,"event_name":"SensoryStone","floor":37,"gold_loss":0},{"damage_healed":0,"gold_gain":0,"player_choice":"Fight","damage_taken":0,"max_hp_gain":0,"max_hp_loss":0,"event_name":"Mysterious Sphere","floor":38,"gold_loss":0},{"damage_healed":0,"gold_gain":0,"player_choice":"Ignored","damage_taken":0,"max_hp_gain":0,"max_hp_loss":0,"event_name":"Tomb of Lord Red Mask","floor":39,"gold_loss":0}],"is_beta":false,"boss_relics":[{"not_picked":["Fusion Hammer","Runic Pyramid"],"picked":"Busted Crown"},{"not_picked":["Empty Cage","Astrolabe"],"picked":"Black Star"}],"items_purged_floors":[2,31,48],"is_endless":false,"potions_floor_spawned":[1,6,12,14,18,23,27,29,38,41,44,54],"ascension_level":0}}