{"host":"h9c2ptiayi21rmia","time":1614000318,"event":{"mods":["AchievementEnabler","Aspiration","BaseMod","Better Altar","Better Match","Better Note","Better Sensory Stone","Better Skull","Better Third Choice","Better Vampires","Block Reminder","ChefMod","Dio Mod","Evolution","Hermit","Hubris","JesterMod","Jorbs\u0027s Wanderer Trilogy","Kratos Character Expansion","Minty Spire (QoL Compilation)","Permanent Neow","Poor People Problems","Relic Stats","Replay The Spire","Shade Mod","Small Relic Pack","Spicy Shops","StS++","StSLib","The Marked","TheSwordswoman"],"gold_per_floor":[11,24,74,90,118,78,104,104,137,137,147,147,249,249,264,264,264,264,4,4,4,4],"floor_reached":24,"language":"ENG","playtime":2356,"items_purged":[],"score":220,"play_id":"649ed898-8984-4b77-9c53-5b2b306a696b","local_time":"20210222082518","is_ascension_mode":true,"campfire_choices":[{"floor":11.0,"key":"REST"},{"data":"Shade:LichForm","floor":13.0,"key":"SMITH"},{"floor":15.0,"key":"REST"},{"floor":23.0,"key":"REST"}],"circlet_count":0,"master_deck":["Shade:Strike_Shade","Shade:Strike_Shade","Shade:Strike_Shade","Shade:Strike_Shade","Shade:Defend_Shade","Shade:Defend_Shade","Shade:Defend_Shade+1","Shade:Defend_Shade","Shade:AnimateDead","Shade:CarefulCut","Shade:RavenousHorde+1","Shade:Patience","Shade:CallOfTheGrave","Shade:SkeletonHug","Shade:AuraOfUnlife","Shade:LichForm+1","Shade:AuraOfUnlife","Shade:Coordination","Shade:FleshToFlesh+1","HandOfGreed","Replay:Sssssssssshield","Shame","Dramatic Entrance","Shade:FuneraryArmor","Shade:Frenzy"],"relics":["Shade:YorickSkull","hubris:Teleporter","hubris:DeckOfHolding","Girya","War Paint","Sundial","hubris:TerracottaHorce","Bird Faced Urn","Nloth\u0027s Gift","Dream Catcher"],"acts_visited":["Exordium","TheCity"],"potions_floor_usage":[24,24],"damage_taken":[{"damage":1.0,"enemies":"Cultist","floor":1.0,"turns":4.0},{"damage":0.0,"enemies":"2 Louse","floor":3.0,"turns":2.0},{"damage":6.0,"enemies":"Jaw Worm","floor":5.0,"turns":4.0},{"damage":4.0,"enemies":"Replay:BlueRogue","floor":7.0,"turns":7.0},{"damage":13.0,"enemies":"3 Sentries","floor":12.0,"turns":12.0},{"damage":29.0,"enemies":"Lots of Slimes","floor":14.0,"turns":4.0},{"damage":25.0,"enemies":"Fading Forest","floor":16.0,"turns":11.0},{"damage":39.0,"enemies":"2 Thieves","floor":18.0,"turns":5.0},{"damage":39,"enemies":"Book of Stabbing","floor":24,"turns":8}],"seed_played":"7103984224604506931","potions_obtained":[{"floor":3.0,"key":"Dexterity Potion"},{"floor":4.0,"key":"ColorlessPotion"},{"floor":8.0,"key":"Ancient Potion"},{"floor":8.0,"key":"Dexterity Potion"},{"floor":8.0,"key":"Languid Potion"},{"floor":16.0,"key":"Dexterity Potion"},{"floor":18.0,"key":"Elixir"}],"is_trial":false,"path_per_floor":["M","M","?","M","E","?","T","R","E","R","M","R","B",null,"M","?","?","?","$","R","E"],"character_chosen":"SHADE","items_purchased":["Dream Catcher","Dramatic Entrance","Shade:FuneraryArmor"],"campfire_rested":3,"item_purchase_floors":[22,22,22],"current_hp_per_floor":[64,64,38,32,28,28,28,47,34,34,5,24,9,51,12,12,12,12,12,31,0,0],"gold":4,"neow_bonus":"ONE_RARE_RELIC","is_daily":false,"chose_seed":false,"campfire_upgraded":1,"win_rate":0.0,"timestamp":1614000318,"path_taken":["M","?","?","?","E","?","T","R","E","R","M","R","BOSS","M","?","?","?","$","R","E"],"items_purchased_type":["Relic","Card","Card"],"build_version":"2020-12-22","purchased_purges":0,"victory":false,"max_hp_per_floor":[65,65,65,65,65,65,65,65,65,65,65,65,65,65,65,65,65,65,65,65,65,65],"relic_stats":{"Dream Catcher":1,"counters":[9,57],"Sundial":[4],"Bird Faced Urn":[8],"Nloth\u0027s Gift":0,"War Paint":["Shade:RavenousHorde","Shade:Defend_Shade"],"obtain_stats":[{"Girya":7,"Dream Catcher":22,"hubris:Teleporter":0,"Shade:YorickSkull":0,"Sundial":12,"Bird Faced Urn":20,"hubris:DeckOfHolding":4,"Nloth\u0027s Gift":21,"EVO:Axolotl":0,"War Paint":9,"hubris:TerracottaHorce":17},{"Girya":4,"Dream Catcher":8,"hubris:Teleporter":0,"Shade:YorickSkull":0,"Sundial":5,"Bird Faced Urn":8,"hubris:DeckOfHolding":2,"Nloth\u0027s Gift":8,"EVO:Axolotl":0,"War Paint":4,"hubris:TerracottaHorce":7},{"Girya":17,"Dream Catcher":49,"hubris:Teleporter":0,"Shade:YorickSkull":0,"Sundial":29,"Bird Faced Urn":49,"hubris:DeckOfHolding":6,"Nloth\u0027s Gift":49,"EVO:Axolotl":0,"War Paint":17,"hubris:TerracottaHorce":44}]},"card_choices":[{"not_picked":["Shade:Trample","Shade:Patience"],"picked":"Shade:RavenousHorde","floor":1.0},{"not_picked":["Shade:Trample","Shade:Brains"],"picked":"Shade:Patience","floor":3.0},{"not_picked":["Shade:Premonition","Shade:GraveStillness"],"picked":"Shade:CallOfTheGrave","floor":4.0},{"not_picked":["Shade:ExtraLimbs","Shade:StitchTogether"],"picked":"Shade:SkeletonHug","floor":5.0},{"not_picked":["Shade:FingerOfDeath","Shade:FreshBones"],"picked":"Shade:AuraOfUnlife","floor":7.0},{"not_picked":["Shade:Frenzy","Shade:PressTheAttack"],"picked":"Shade:LichForm","floor":12.0},{"not_picked":["Shade:SkeletonArmy","Shade:Bonestorm"],"picked":"Shade:AuraOfUnlife","floor":14.0},{"not_picked":["Shade:UnbarTheGrave","Shade:MadHubris"],"picked":"Shade:Coordination","floor":16.0},{"not_picked":["Shade:TouchOfTheGrave+1","Shade:SkeletonHug"],"picked":"Shade:FleshToFlesh+1","floor":18.0},{"not_picked":["Replay:Sssssssssstrike","Replay:Bootleg Shield Generator"],"picked":"HandOfGreed","floor":19.0},{"not_picked":["hubris:Ssssneak","Thinking Ahead"],"picked":"Replay:Sssssssssshield","floor":19.0},{"not_picked":["Shade:Trample","Shade:FingerOfDeath"],"picked":"Shade:Frenzy","floor":23.0}],"player_experience":308624,"relics_obtained":[{"floor":4.0,"key":"hubris:DeckOfHolding"},{"floor":7.0,"key":"Girya"},{"floor":9.0,"key":"War Paint"},{"floor":12.0,"key":"Sundial"}],"event_choices":[{"damage_healed":0.0,"max_hp_gain":0.0,"max_hp_loss":0.0,"gold_gain":0.0,"event_name":"The Woman in Blue","player_choice":"Bought 3 Potions","floor":8.0,"gold_loss":0.0,"damage_taken":0.0},{"damage_healed":0.0,"max_hp_gain":0.0,"max_hp_loss":0.0,"gold_gain":2.0,"event_name":"betterStone:BetterStone","player_choice":"1","floor":19.0,"gold_loss":0.0,"damage_taken":0.0},{"damage_healed":0.0,"max_hp_gain":0.0,"max_hp_loss":0.0,"gold_gain":0.0,"event_name":"Addict","player_choice":"Stole Relic","floor":20.0,"gold_loss":0.0,"damage_taken":0.0,"relics_obtained":["Bird Faced Urn"],"cards_obtained":["Shame"]},{"damage_healed":0.0,"max_hp_gain":0.0,"max_hp_loss":0.0,"gold_gain":0.0,"event_name":"N\u0027loth","player_choice":"Traded Relic","floor":21.0,"relics_lost":["EVO:Axolotl"],"gold_loss":0.0,"damage_taken":0.0,"relics_obtained":["Nloth\u0027s Gift"]}],"is_beta":false,"boss_relics":[{"not_picked":["jesterMod:MachoBrace","Ring of Chaos"],"picked":"hubris:TerracottaHorce"}],"items_purged_floors":[],"is_endless":false,"potions_floor_spawned":[3,16,18],"killed_by":"Book of Stabbing","ascension_level":2}}