{"host":"n3r7007bx0xr1slw","time":1614036531,"event":{"mods":["BaseMod","Colored Powertips","DeckTracker","Googly Eyes","Highlight Path","Minty Spire (QoL Compilation)","Relic Stats","StSLib"],"gold_per_floor":[113,188,138,238,258,286,286,286,286],"floor_reached":8,"language":"ENG","playtime":330,"items_purged":[],"score":54,"play_id":"55db8b6c-c20d-4e44-ad22-ae00544ecfd0","local_time":"20210222182851","is_ascension_mode":false,"campfire_choices":[],"circlet_count":0,"master_deck":["Strike_P","Strike_P","Strike_P","Strike_P","Defend_P","Defend_P","Defend_P","Eruption","Vigilance","Vengeance","Weave","Regret"],"relics":["PureWater","Damaru","Juzu Bracelet","Pen Nib"],"acts_visited":["Exordium"],"potions_floor_usage":[6],"damage_taken":[{"damage":0,"enemies":"Cultist","floor":1,"turns":3},{"damage":0,"enemies":"Small Slimes","floor":5,"turns":2},{"damage":27,"enemies":"Gremlin Nob","floor":6,"turns":3},{"damage":37,"enemies":"3 Sentries","floor":8,"turns":5}],"seed_played":"6886014058900132863","potions_obtained":[{"floor":1,"key":"DistilledChaos"}],"is_trial":false,"path_per_floor":["M","?","?","?","M","E","?","E"],"character_chosen":"WATCHER","items_purchased":[],"campfire_rested":0,"item_purchase_floors":[],"current_hp_per_floor":[72,61,61,61,61,34,34,0,0],"gold":286,"neow_bonus":"RANDOM_COMMON_RELIC","is_daily":false,"chose_seed":false,"campfire_upgraded":0,"win_rate":0.0,"timestamp":1614036531,"path_taken":["M","?","?","?","?","E","?","E"],"items_purchased_type":[],"build_version":"2020-12-22","purchased_purges":0,"victory":false,"max_hp_per_floor":[72,72,72,72,72,72,72,72,72],"relic_stats":{"counters":[4,13],"Pen Nib":[1],"Juzu Bracelet":1,"obtain_stats":[{"Damaru":0,"Pen Nib":7,"Juzu Bracelet":6,"PureWater":0},{"Damaru":0,"Pen Nib":3,"Juzu Bracelet":3,"PureWater":0},{"Damaru":0,"Pen Nib":8,"Juzu Bracelet":8,"PureWater":0}]},"card_choices":[{"not_picked":["FlurryOfBlows","PathToVictory"],"picked":"Vengeance","floor":1},{"not_picked":["Halt","MentalFortress"],"picked":"Weave","floor":5},{"not_picked":["ClearTheMind","FlurryOfBlows","EmptyBody"],"picked":"SKIP","floor":6}],"player_experience":145313,"relics_obtained":[{"floor":6,"key":"Juzu Bracelet"}],"event_choices":[{"damage_healed":0,"gold_gain":75,"player_choice":"Gather Gold","damage_taken":11,"max_hp_gain":0,"max_hp_loss":0,"event_name":"World of Goop","floor":2,"gold_loss":0},{"cards_removed":["Defend_P"],"damage_healed":0,"gold_gain":0,"player_choice":"Card Removal","damage_taken":0,"max_hp_gain":0,"max_hp_loss":0,"event_name":"The Cleric","floor":3,"gold_loss":50},{"damage_healed":0,"gold_gain":100,"player_choice":"Pray","damage_taken":0,"max_hp_gain":0,"max_hp_loss":0,"event_name":"Golden Shrine","floor":4,"gold_loss":0},{"damage_healed":0,"gold_gain":0,"player_choice":"Box","damage_taken":0,"relics_obtained":["Pen Nib"],"max_hp_gain":0,"max_hp_loss":0,"event_name":"Big Fish","floor":7,"gold_loss":0,"cards_obtained":["Regret"]}],"is_beta":false,"boss_relics":[],"items_purged_floors":[],"is_endless":false,"potions_floor_spawned":[1],"killed_by":"3 Sentries","ascension_level":0}}