{"host":"d52brwsy6af8zvaq","time":1614023765,"event":{"mods":["AchievementEnabler","BaseMod","Bestiary","Highlight Path","Minty Spire (QoL Compilation)","Quick Restart","Relic Stats","ojb\u0027s Better Paths Mod"],"gold_per_floor":[364,364,384,395,96,96,125,125,148,148,181,192,37,2,2,75,75,94,19,36,36,86,111,111,111,111],"floor_reached":25,"language":"ENG","playtime":879,"items_purged":["Strike_B","Strike_B"],"score":454,"play_id":"11a90806-d2d8-4ef6-acd1-83bf79066f51","local_time":"20210222125605","is_ascension_mode":true,"campfire_choices":[{"data":"Zap","floor":6.0,"key":"SMITH"},{"data":"Coolheaded","floor":8.0,"key":"SMITH"},{"data":"Dualcast","floor":10.0,"key":"SMITH"},{"data":"Gash","floor":15.0,"key":"SMITH"},{"data":"Self Repair","floor":24,"key":"SMITH"}],"circlet_count":0,"master_deck":["AscendersBane","Strike_B","Strike_B","Defend_B","Defend_B","Defend_B","Defend_B","Zap+1","Dualcast+1","FTL+1","Gash+1","Ball Lightning","Coolheaded+1","Self Repair+1","Sweeping Beam+1","Cold Snap","Conserve Battery","BootSequence","Echo Form","Turbo","Defragment","Genetic Algorithm","Decay","Streamline+1"],"relics":["Cracked Core","Pantograph","Orrery","Whetstone","Strawberry","Tiny Chest","Coffee Dripper","Anchor","Toy Ornithopter"],"acts_visited":["Exordium","TheCity"],"potions_floor_usage":[23,23],"damage_taken":[{"damage":1.0,"enemies":"Cultist","floor":1.0,"turns":3.0},{"damage":0.0,"enemies":"2 Louse","floor":3.0,"turns":3.0},{"damage":9.0,"enemies":"Small Slimes","floor":4.0,"turns":3.0},{"damage":8.0,"enemies":"Gremlin Nob","floor":7.0,"turns":3.0},{"damage":22.0,"enemies":"Lagavulin","floor":11.0,"turns":7.0},{"damage":2.0,"enemies":"Looter","floor":12.0,"turns":4.0},{"damage":13.0,"enemies":"The Guardian","floor":16.0,"turns":14.0},{"damage":12,"enemies":"Spheric Guardian","floor":18,"turns":4},{"damage":14,"enemies":"3 Byrds","floor":20,"turns":5},{"damage":46,"enemies":"Gremlin Leader","floor":23,"turns":7},{"damage":39,"enemies":"Slavers","floor":25,"turns":3}],"seed_played":"-5142016051060956087","potions_obtained":[{"floor":1.0,"key":"PowerPotion"},{"floor":4.0,"key":"Fire Potion"},{"floor":20,"key":"FocusPotion"}],"is_trial":false,"path_per_floor":["M","T","M","M","$","R","E","R","T","R","E","M","$","?","R","B",null,"M","$","M","?","T","E","R","E"],"character_chosen":"DEFECT","items_purchased":["Orrery","Conserve Battery","SteroidPotion","Defragment"],"campfire_rested":0,"item_purchase_floors":[5,5,13,19],"current_hp_per_floor":[45,45,45,36,36,36,35,35,42,42,27,32,32,51,51,70,76,71,71,71,71,71,39,39,0,0],"gold":111,"neow_bonus":"TWO_FIFTY_GOLD","is_daily":false,"chose_seed":false,"campfire_upgraded":5,"win_rate":0.0,"timestamp":1614023765,"path_taken":["M","?","M","M","$","R","E","R","T","R","E","M","?","?","R","BOSS","M","$","M","?","?","E","R","E"],"items_purchased_type":["Relic","Card","Potion","Card"],"build_version":"2020-12-22","purchased_purges":2,"victory":false,"max_hp_per_floor":[71,71,71,71,71,71,71,71,78,78,78,78,78,78,78,78,78,78,78,78,78,78,78,78,78,78],"relic_stats":{"counters":[11,56],"Pantograph":25,"Tiny Chest":1,"Whetstone":["FTL","Sweeping Beam"],"obtain_stats":[{"Anchor":22,"Pantograph":2,"Strawberry":9,"Orrery":5,"Tiny Chest":11,"Coffee Dripper":17,"Whetstone":7,"Cracked Core":0,"Toy Ornithopter":23},{"Anchor":9,"Pantograph":1,"Strawberry":4,"Orrery":3,"Tiny Chest":5,"Coffee Dripper":7,"Whetstone":4,"Cracked Core":0,"Toy Ornithopter":10},{"Anchor":46,"Pantograph":3,"Strawberry":12,"Orrery":9,"Tiny Chest":19,"Coffee Dripper":37,"Whetstone":12,"Cracked Core":0,"Toy Ornithopter":53}],"Toy Ornithopter":0},"card_choices":[{"not_picked":["Beam Cell","Rebound"],"picked":"FTL","floor":1.0},{"not_picked":["Recycle","Conserve Battery"],"picked":"Gash","floor":3.0},{"not_picked":["Redo","Go for the Eyes"],"picked":"Ball Lightning","floor":4.0},{"not_picked":["Storm","Go for the Eyes"],"picked":"Coolheaded","floor":5.0},{"not_picked":["Go for the Eyes","Leap"],"picked":"Self Repair","floor":5.0},{"not_picked":["Cold Snap","White Noise"],"picked":"Sweeping Beam","floor":5.0},{"not_picked":["Sweeping Beam","Stack"],"picked":"Cold Snap","floor":5.0},{"not_picked":["Chill","Sweeping Beam","Aggregate"],"picked":"SKIP","floor":7.0},{"not_picked":["Reprogram","Fusion","Scrape"],"picked":"SKIP","floor":11.0},{"not_picked":["White Noise","Compile Driver"],"picked":"BootSequence","floor":12.0},{"not_picked":["Buffer","Thunder Strike"],"picked":"Echo Form","floor":16.0},{"not_picked":["Force Field","Self Repair"],"picked":"Turbo","floor":18},{"not_picked":["Streamline","Tempest"],"picked":"Genetic Algorithm","floor":20},{"not_picked":["Multi-Cast","Beam Cell"],"picked":"Streamline+1","floor":23}],"player_experience":2336309,"relics_obtained":[{"floor":2.0,"key":"Pantograph"},{"floor":7.0,"key":"Whetstone"},{"floor":9.0,"key":"Strawberry"},{"floor":11.0,"key":"Tiny Chest"},{"floor":22,"key":"Anchor"},{"floor":23,"key":"Toy Ornithopter"}],"event_choices":[{"damage_healed":19.0,"max_hp_gain":0.0,"max_hp_loss":0.0,"gold_gain":0.0,"event_name":"The Cleric","player_choice":"Healed","floor":14.0,"gold_loss":35.0,"damage_taken":0.0},{"damage_healed":0,"gold_gain":0,"player_choice":"Smashed Altar","damage_taken":0,"max_hp_gain":0,"max_hp_loss":0,"event_name":"Forgotten Altar","floor":21,"gold_loss":0,"cards_obtained":["Decay"]}],"is_beta":false,"boss_relics":[{"not_picked":["Runic Pyramid","Philosopher\u0027s Stone"],"picked":"Coffee Dripper"}],"items_purged_floors":[5,13],"is_endless":false,"potions_floor_spawned":[1,4,20],"killed_by":"Slavers","ascension_level":20}}