{"host":"c6u7e77myxvw4d0m","time":1614028567,"event":{"mods":["AchievementEnabler","BaseMod","Bestiary","Colored Map","Colored Powertips","Minty Spire (QoL Compilation)","Rare Cards Sparkle","Relic Stats","everything is the same but u backflip on backflip"],"gold_per_floor":[119,194,205,215,226,226,23,23,23,33,49,49,99,130,130,130,130],"floor_reached":16,"language":"ENG","playtime":527,"items_purged":["Strike_G"],"score":204,"play_id":"6572d325-580c-460b-8884-eab12c9dbf00","local_time":"20210222231607","is_ascension_mode":true,"campfire_choices":[{"floor":6,"key":"REST"},{"data":"Noxious Fumes","floor":8,"key":"SMITH"},{"data":"Deadly Poison","floor":12,"key":"SMITH"},{"floor":15,"key":"REST"}],"circlet_count":0,"master_deck":["AscendersBane","Strike_G","Strike_G","Strike_G","Strike_G","Defend_G","Defend_G","Defend_G","Defend_G","Defend_G","Survivor","Neutralize","Deadly Poison","Poisoned Stab","Deadly Poison+1","Noxious Fumes+1","Noxious Fumes"],"relics":["Velvet Choker","Letter Opener"],"acts_visited":["Exordium"],"potions_floor_usage":[14,14],"damage_taken":[{"damage":10,"enemies":"2 Louse","floor":1,"turns":3},{"damage":1,"enemies":"Cultist","floor":3,"turns":4},{"damage":4,"enemies":"Small Slimes","floor":4,"turns":3},{"damage":12,"enemies":"3 Louse","floor":5,"turns":4},{"damage":3,"enemies":"Blue Slaver","floor":10,"turns":4},{"damage":0,"enemies":"2 Fungi Beasts","floor":11,"turns":4},{"damage":25,"enemies":"Lagavulin","floor":14,"turns":5},{"damage":31,"enemies":"The Guardian","floor":16,"turns":5}],"seed_played":"-1375871484301299277","potions_obtained":[{"floor":10,"key":"Energy Potion"},{"floor":11,"key":"Poison Potion"}],"is_trial":false,"path_per_floor":["M","?","M","M","M","R","$","R","T","M","M","R","?","E","R","B"],"character_chosen":"THE_SILENT","items_purchased":["Noxious Fumes","SkillPotion"],"campfire_rested":2,"item_purchase_floors":[7,7],"current_hp_per_floor":[49,38,37,33,21,40,40,40,40,37,37,37,37,12,31,0,0],"gold":130,"neow_bonus":"BOSS_RELIC","is_daily":false,"chose_seed":false,"campfire_upgraded":2,"win_rate":0.0,"timestamp":1614028567,"path_taken":["M","?","M","M","M","R","$","R","T","M","M","R","?","E","R","BOSS"],"items_purchased_type":["Card","Potion"],"build_version":"2020-12-22","purchased_purges":1,"victory":false,"max_hp_per_floor":[66,66,66,66,66,66,66,66,66,66,66,66,66,66,66,66,66],"relic_stats":{"counters":[8,32],"Letter Opener":[5],"obtain_stats":[{"Velvet Choker":0,"Letter Opener":14,"Ring of the Snake":0},{"Velvet Choker":0,"Letter Opener":7,"Ring of the Snake":0},{"Velvet Choker":0,"Letter Opener":27,"Ring of the Snake":0}]},"card_choices":[{"not_picked":["Slice","PiercingWail"],"picked":"Deadly Poison","floor":1},{"not_picked":["Terror","PiercingWail"],"picked":"Poisoned Stab","floor":3},{"not_picked":["Blade Dance","PiercingWail"],"picked":"Deadly Poison","floor":4},{"not_picked":["Cloak And Dagger","Outmaneuver","Underhanded Strike"],"picked":"SKIP","floor":5},{"not_picked":["Sucker Punch","A Thousand Cuts","Cloak And Dagger"],"picked":"SKIP","floor":10},{"not_picked":["Outmaneuver","Deflect","Setup"],"picked":"SKIP","floor":11},{"not_picked":["Quick Slash","Sucker Punch"],"picked":"Noxious Fumes","floor":14}],"player_experience":870997,"relics_obtained":[{"floor":14,"key":"Letter Opener"}],"event_choices":[{"damage_healed":0,"gold_gain":75,"player_choice":"Gather Gold","damage_taken":11,"max_hp_gain":0,"max_hp_loss":0,"event_name":"World of Goop","floor":2,"gold_loss":0},{"damage_healed":0,"gold_gain":50,"player_choice":"Pray","damage_taken":0,"max_hp_gain":0,"max_hp_loss":0,"event_name":"Golden Shrine","floor":13,"gold_loss":0}],"is_beta":false,"boss_relics":[],"items_purged_floors":[7],"is_endless":false,"potions_floor_spawned":[10,11],"killed_by":"The Guardian","ascension_level":20}}