{"host":"jyt72nbfoih0mxuq","time":1614033026,"event":{"mods":["BaseMod","Minty Spire (QoL Compilation)","Relic Stats"],"gold_per_floor":[116,136,55,55,66,66,141,43,43,63,89,89,123,135,135,239,239,259,259,270,281,281,281,315,315,370,386,412,412,437,452,452,553,553,569,569,587,587,605,635,635,662,662,208,240,250,250,277,289,301,301],"floor_reached":50,"language":"ENG","playtime":2470,"items_purged":["Strike_G","Strike_G+1"],"score":983,"play_id":"0529df13-f65c-485c-9588-b1005013474e","local_time":"20210222233026","is_ascension_mode":true,"campfire_choices":[{"data":"Blade Dance","floor":6,"key":"SMITH"},{"floor":12,"key":"REST"},{"data":"Cloak And Dagger","floor":15,"key":"SMITH"},{"data":"Adrenaline","floor":23,"key":"SMITH"},{"floor":29,"key":"REST"},{"data":"Accuracy","floor":32,"key":"SMITH"},{"floor":41,"key":"RECALL"},{"floor":47,"key":"REST"},{"floor":49,"key":"REST"}],"circlet_count":0,"master_deck":["Defend_G","Defend_G","Defend_G","Defend_G","Defend_G","Survivor","Neutralize+1","Escape Plan","Blade Dance+1","Accuracy+1","Cloak And Dagger+1","Blade Dance","Acrobatics","Accuracy+1","Adrenaline+1","Accuracy","Bullet Time","Blade Dance+1","Adrenaline","Backflip"],"relics":["Ring of the Snake","Molten Egg 2","Paper Crane","Girya","Pear","Sozu","Shuriken","Nunchaku","Whetstone","Empty Cage","Tingsha","Toy Ornithopter","StrikeDummy","Ginger","Blue Candle","MawBank"],"acts_visited":["Exordium","TheCity","TheBeyond"],"potions_floor_usage":[11,13,14,46],"damage_taken":[{"damage":6,"enemies":"Jaw Worm","floor":1,"turns":5},{"damage":4,"enemies":"2 Louse","floor":2,"turns":2},{"damage":0,"enemies":"Small Slimes","floor":5,"turns":3},{"damage":0,"enemies":"2 Fungi Beasts","floor":10,"turns":2},{"damage":16,"enemies":"Gremlin Nob","floor":11,"turns":3},{"damage":11,"enemies":"Lagavulin","floor":13,"turns":6},{"damage":0,"enemies":"Gremlin Gang","floor":14,"turns":5},{"damage":11,"enemies":"Slime Boss","floor":16,"turns":5},{"damage":0,"enemies":"Chosen","floor":18,"turns":3},{"damage":0,"enemies":"Shell Parasite","floor":20,"turns":3},{"damage":0,"enemies":"3 Cultists","floor":21,"turns":3},{"damage":5,"enemies":"Gremlin Leader","floor":24,"turns":4},{"damage":0,"enemies":"Snecko","floor":27,"turns":2},{"damage":24,"enemies":"Slavers","floor":28,"turns":4},{"damage":4,"enemies":"Gremlin Leader","floor":30,"turns":4},{"damage":4,"enemies":"Snake Plant","floor":31,"turns":3},{"damage":15,"enemies":"Collector","floor":33,"turns":7},{"damage":2,"enemies":"3 Darklings","floor":35,"turns":4},{"damage":0,"enemies":"3 Shapes","floor":37,"turns":4},{"damage":12,"enemies":"Maw","floor":39,"turns":4},{"damage":4,"enemies":"Nemesis","floor":40,"turns":5},{"damage":15,"enemies":"Reptomancer","floor":42,"turns":4},{"damage":10,"enemies":"Nemesis","floor":45,"turns":3},{"damage":20,"enemies":"Jaw Worm Horde","floor":46,"turns":3},{"damage":0,"enemies":"Reptomancer","floor":48,"turns":2},{"damage":43,"enemies":"Time Eater","floor":50,"turns":6}],"seed_played":"-2029925518822193795","potions_obtained":[{"floor":2,"key":"LiquidMemories"},{"floor":5,"key":"Ancient Potion"},{"floor":11,"key":"SteroidPotion"},{"floor":13,"key":"SkillPotion"}],"is_trial":false,"path_per_floor":["M","M","$","?","M","R","?","$","T","M","E","R","E","M","R","B",null,"M","?","M","M","?","R","E","?","T","M","E","R","E","M","R","B",null,"M","?","M","?","M","E","R","E","T","$","E","M","R","E","R","B"],"character_chosen":"THE_SILENT","items_purchased":["Accuracy","Cloak And Dagger","Ginger","Backflip"],"campfire_rested":4,"item_purchase_floors":[3,8,44,44],"current_hp_per_floor":[57,53,53,35,35,35,24,24,24,24,8,29,28,28,28,17,64,64,64,64,64,64,64,59,59,59,59,35,59,55,51,51,36,69,67,67,67,67,55,51,51,36,36,36,26,11,35,35,59,16,16],"gold":301,"neow_bonus":"THREE_CARDS","is_daily":false,"chose_seed":false,"campfire_upgraded":4,"win_rate":0.0,"timestamp":1614033026,"path_taken":["M","M","$","?","M","R","?","$","T","M","E","R","E","M","R","BOSS","M","?","M","M","?","R","E","?","T","M","E","R","E","?","R","BOSS","M","?","?","?","?","E","R","E","T","$","E","?","R","E","R","BOSS"],"items_purchased_type":["Card","Card","Relic","Card"],"build_version":"2020-12-22","purchased_purges":2,"victory":false,"max_hp_per_floor":[70,70,70,70,70,70,70,70,70,70,70,70,80,80,80,80,80,80,80,80,80,80,80,80,80,80,80,80,80,80,80,80,80,80,80,80,80,80,80,80,80,80,80,80,80,80,80,80,80,80,80],"relic_stats":{"Sozu":7,"Nunchaku":[21],"counters":[26,99],"Shuriken":[61],"Blue Candle":[0],"Tingsha":[15],"Whetstone":["Strike_G","Neutralize"],"Ginger":[1],"MawBank":24,"obtain_stats":[{"Girya":11,"Pear":13,"Blue Candle":45,"Tingsha":40,"Whetstone":30,"Ginger":44,"Paper Crane":9,"Empty Cage":34,"MawBank":48,"Sozu":17,"Nunchaku":28,"Shuriken":24,"Molten Egg 2":4,"StrikeDummy":43,"Toy Ornithopter":42,"Ring of the Snake":0},{"Girya":5,"Pear":6,"Blue Candle":23,"Tingsha":21,"Whetstone":15,"Ginger":22,"Paper Crane":3,"Empty Cage":17,"MawBank":25,"Sozu":8,"Nunchaku":14,"Shuriken":12,"Molten Egg 2":2,"StrikeDummy":22,"Toy Ornithopter":22,"Ring of the Snake":0},{"Girya":15,"Pear":21,"Blue Candle":88,"Tingsha":81,"Whetstone":54,"Ginger":85,"Paper Crane":10,"Empty Cage":64,"MawBank":93,"Sozu":31,"Nunchaku":50,"Shuriken":44,"Molten Egg 2":7,"StrikeDummy":85,"Toy Ornithopter":85,"Ring of the Snake":0}],"Toy Ornithopter":5,"Ring of the Snake":[52]},"card_choices":[{"not_picked":["Backstab","Reflex"],"picked":"Escape Plan","floor":0},{"not_picked":["Sucker Punch","Flying Knee"],"picked":"Blade Dance","floor":1},{"not_picked":["Backstab","Prepared","Acrobatics"],"picked":"SKIP","floor":2},{"not_picked":["Skewer+1","Slice+1","Acrobatics"],"picked":"SKIP","floor":5},{"not_picked":["Acrobatics","Flechettes+1"],"picked":"Blade Dance","floor":10},{"not_picked":["Phantasmal Killer","Poisoned Stab+1","Skewer+1"],"picked":"SKIP","floor":11},{"not_picked":["Quick Slash+1","Blur"],"picked":"Acrobatics","floor":13},{"not_picked":["Leg Sweep","Dagger Spray+1"],"picked":"Accuracy","floor":14},{"not_picked":["Burst","Storm of Steel"],"picked":"Adrenaline","floor":16},{"not_picked":["Slice+1","Dagger Spray+1","Expertise"],"picked":"SKIP","floor":18},{"not_picked":["Eviscerate+1","Caltrops"],"picked":"Accuracy","floor":20},{"not_picked":["Dagger Spray+1","Dagger Throw+1","Noxious Fumes"],"picked":"SKIP","floor":21},{"not_picked":["Acrobatics","Flying Knee+1","Masterful Stab+1"],"picked":"SKIP","floor":24},{"not_picked":["Sucker Punch+1","Bane+1","Night Terror"],"picked":"SKIP","floor":27},{"not_picked":["Underhanded Strike+1","Flying Knee+1","Accuracy"],"picked":"SKIP","floor":28},{"not_picked":["Unload+1","All Out Attack+1","Outmaneuver"],"picked":"SKIP","floor":30},{"not_picked":["Riddle With Holes+1","Slice+1","Catalyst"],"picked":"SKIP","floor":31},{"not_picked":["Corpse Explosion","Burst"],"picked":"Bullet Time","floor":33},{"not_picked":["Dodge and Roll","Bane+1"],"picked":"Blade Dance+1","floor":35},{"not_picked":["Dagger Throw+1","Deadly Poison+1","Dagger Spray+1"],"picked":"SKIP","floor":37},{"not_picked":["PiercingWail+1","Calculated Gamble","Quick Slash+1"],"picked":"SKIP","floor":39},{"not_picked":["Bouncing Flask+1","Heel Hook+1","Bane+1"],"picked":"SKIP","floor":40},{"not_picked":["Prepared+1","Well Laid Plans+1"],"picked":"Adrenaline","floor":42},{"not_picked":["Riddle With Holes+1","Sucker Punch+1","Accuracy+1"],"picked":"SKIP","floor":45},{"not_picked":["Dodge and Roll","Infinite Blades","Quick Slash+1"],"picked":"SKIP","floor":46},{"not_picked":["Tactician+1","Reflex","Quick Slash+1"],"picked":"SKIP","floor":48}],"player_experience":225751,"relics_obtained":[{"floor":9,"key":"Paper Crane"},{"floor":11,"key":"Girya"},{"floor":13,"key":"Pear"},{"floor":24,"key":"Shuriken"},{"floor":28,"key":"Nunchaku"},{"floor":30,"key":"Whetstone"},{"floor":40,"key":"Tingsha"},{"floor":42,"key":"Toy Ornithopter"},{"floor":43,"key":"StrikeDummy"},{"floor":45,"key":"Blue Candle"},{"floor":48,"key":"MawBank"}],"event_choices":[{"damage_healed":0,"gold_gain":0,"player_choice":"Success","damage_taken":18,"relics_obtained":["Molten Egg 2"],"max_hp_gain":0,"max_hp_loss":0,"event_name":"Scrap Ooze","floor":4,"gold_loss":0},{"damage_healed":0,"gold_gain":75,"player_choice":"Gather Gold","damage_taken":11,"max_hp_gain":0,"max_hp_loss":0,"event_name":"World of Goop","floor":7,"gold_loss":0},{"damage_healed":0,"gold_gain":0,"player_choice":"Ignored","damage_taken":0,"max_hp_gain":0,"max_hp_loss":0,"event_name":"Cursed Tome","floor":19,"gold_loss":0},{"damage_healed":0,"gold_gain":0,"player_choice":"Ignored","damage_taken":0,"max_hp_gain":0,"max_hp_loss":0,"event_name":"Vampires","floor":22,"gold_loss":0},{"cards_removed":["Strike_G"],"damage_healed":0,"gold_gain":0,"player_choice":"Purged","damage_taken":0,"max_hp_gain":0,"max_hp_loss":0,"event_name":"Purifier","floor":25,"gold_loss":0},{"damage_healed":0,"gold_gain":0,"player_choice":"Upgraded","damage_taken":0,"max_hp_gain":0,"max_hp_loss":0,"event_name":"Upgrade Shrine","floor":36,"gold_loss":0,"cards_upgraded":["Accuracy"]},{"damage_healed":0,"gold_gain":0,"player_choice":"Bought 0 Potions","damage_taken":0,"max_hp_gain":0,"max_hp_loss":0,"event_name":"The Woman in Blue","floor":38,"gold_loss":0}],"is_beta":false,"boss_relics":[{"not_picked":["Black Star","Philosopher\u0027s Stone"],"picked":"Sozu"},{"not_picked":["Fusion Hammer","Busted Crown"],"picked":"Empty Cage"}],"items_purged_floors":[8,44],"is_endless":false,"potions_floor_spawned":[2,5,11,13,18,30,31,33,39,45,46],"killed_by":"Time Eater","ascension_level":9}}