{"host":"5ffrjkuvgrxgllwx","time":1614023785,"event":{"mods":["AchievementEnabler","BaseMod","Colored Map","Colored Powertips","Minty Spire (QoL Compilation)","Quick Restart","Rare Cards Sparkle","StSLib","everything is the same but u backflip on backflip"],"gold_per_floor":[419,419,419,430,32,61,61,61,87,99,116,116,145,145,145,221,221,192,192,242,78,58,58,74,74,98,110,110,25,39,55,55,55,55],"floor_reached":33,"language":"ENG","playtime":2527,"items_purged":["Strike_P"],"score":468,"play_id":"f9cefe71-3fcc-4051-bec3-502edc93de1e","local_time":"20210222145625","is_ascension_mode":true,"campfire_choices":[{"floor":7.0,"key":"REST"},{"floor":12.0,"key":"REST"},{"data":"Eruption","floor":15.0,"key":"SMITH"},{"data":"DevaForm","floor":23,"key":"SMITH"},{"floor":25,"key":"REST"},{"floor":28,"key":"REST"},{"floor":32,"key":"REST"}],"circlet_count":0,"master_deck":["AscendersBane","Strike_P+1","Strike_P+1","Strike_P+1","Defend_P+1","Defend_P+1","Defend_P+1","Defend_P+1","Eruption+1","Vigilance","BattleHymn","Halt","Vengeance","Consecrate","Protect","DeusExMachina","DevaForm+1","CrushJoints","Halt","Tantrum","ClearTheMind+1"],"relics":["PureWater","Old Coin","Sundial","NlothsMask","Torii","White Beast Statue","Lantern","Kunai","VioletLotus","Lee\u0027s Waffle","Smiling Mask","Ginger"],"acts_visited":["Exordium","TheCity"],"potions_floor_usage":[27,30,31,33],"damage_taken":[{"damage":7.0,"enemies":"Jaw Worm","floor":1.0,"turns":3.0},{"damage":0.0,"enemies":"Cultist","floor":4.0,"turns":3.0},{"damage":5.0,"enemies":"3 Sentries","floor":6.0,"turns":8.0},{"damage":7.0,"enemies":"2 Louse","floor":10.0,"turns":3.0},{"damage":13.0,"enemies":"Looter","floor":11.0,"turns":3.0},{"damage":9.0,"enemies":"Lagavulin","floor":13.0,"turns":6.0},{"damage":43.0,"enemies":"The Guardian","floor":16.0,"turns":10.0},{"damage":13.0,"enemies":"2 Thieves","floor":18.0,"turns":4.0},{"damage":20,"enemies":"Shell Parasite","floor":24,"turns":6},{"damage":24,"enemies":"Snake Plant","floor":27,"turns":5},{"damage":15,"enemies":"Centurion and Healer","floor":30,"turns":6},{"damage":27,"enemies":"Shelled Parasite and Fungi","floor":31,"turns":3},{"damage":149,"enemies":"Champ","floor":33,"turns":7}],"seed_played":"6939245782524309870","potions_obtained":[{"floor":1.0,"key":"Dexterity Potion"},{"floor":10.0,"key":"Dexterity Potion"},{"floor":11.0,"key":"Fire Potion"},{"floor":13.0,"key":"BottledMiracle"},{"floor":16.0,"key":"Ancient Potion"},{"floor":18.0,"key":"FairyPotion"},{"floor":22,"key":"StancePotion"},{"floor":27,"key":"Energy Potion"},{"floor":30,"key":"PowerPotion"},{"floor":31,"key":"Block Potion"}],"is_trial":false,"path_per_floor":["M","?","?","M","$","E","R","$","T","M","M","R","E","T","R","B",null,"M","?","?","$","?","R","M","R","T","M","R","?","M","M","R","B"],"character_chosen":"WATCHER","items_purchased":["Torii","Lee\u0027s Waffle"],"campfire_rested":5,"item_purchase_floors":[5,21],"current_hp_per_floor":[54,49,49,49,49,44,62,62,62,55,42,60,51,51,51,8,49,36,36,36,69,69,69,49,69,69,45,65,65,50,23,43,0,0],"gold":55,"neow_bonus":"ONE_RARE_RELIC","is_daily":false,"chose_seed":false,"campfire_upgraded":2,"win_rate":0.0,"timestamp":1614023785,"path_taken":["M","?","?","M","$","E","R","$","T","?","M","R","E","?","R","BOSS","M","?","?","$","?","R","M","R","T","?","R","?","M","M","R","BOSS"],"items_purchased_type":["Relic","Relic"],"build_version":"2020-12-22","purchased_purges":1,"victory":false,"max_hp_per_floor":[62,62,62,62,62,62,62,62,62,62,62,62,62,62,62,62,62,62,62,62,69,69,69,69,69,69,69,69,69,69,69,69,69,69],"card_choices":[{"not_picked":["Wallop","Collect"],"picked":"BattleHymn","floor":1.0},{"not_picked":["Consecrate","Adaptation"],"picked":"Halt","floor":4.0},{"not_picked":["DeceiveReality","ThirdEye"],"picked":"Vengeance","floor":6.0},{"not_picked":["JustLucky","Study"],"picked":"Consecrate","floor":10.0},{"not_picked":["ClearTheMind","Evaluate"],"picked":"Protect","floor":11.0},{"not_picked":["EmptyFist","Crescendo"],"picked":"DeusExMachina","floor":13.0},{"not_picked":["SpiritShield","DeusExMachina"],"picked":"DevaForm","floor":16.0},{"not_picked":["SashWhip","BattleHymn"],"picked":"CrushJoints","floor":18.0},{"not_picked":["Evaluate","DeceiveReality","Crescendo"],"picked":"SKIP","floor":24},{"not_picked":["EmptyBody","Consecrate"],"picked":"Halt","floor":27},{"not_picked":["Consecrate","EmptyFist"],"picked":"Tantrum","floor":30},{"not_picked":["Protect","BowlingBash"],"picked":"ClearTheMind+1","floor":31}],"player_experience":1399263,"relics_obtained":[{"floor":6.0,"key":"White Beast Statue"},{"floor":13.0,"key":"Lantern"},{"floor":14.0,"key":"Kunai"},{"floor":26,"key":"Smiling Mask"}],"event_choices":[{"damage_healed":0.0,"max_hp_gain":0.0,"max_hp_loss":0.0,"gold_gain":0.0,"event_name":"Scrap Ooze","player_choice":"Success","floor":2.0,"gold_loss":0.0,"damage_taken":5.0,"relics_obtained":["Sundial"]},{"damage_healed":0.0,"max_hp_gain":0.0,"max_hp_loss":0.0,"gold_gain":0.0,"event_name":"FaceTrader","player_choice":"Trade","floor":3.0,"gold_loss":0.0,"damage_taken":0.0,"relics_obtained":["NlothsMask"]},{"damage_healed":0.0,"max_hp_gain":0.0,"max_hp_loss":0.0,"gold_gain":0.0,"event_name":"Back to Basics","player_choice":"Simplicity","floor":19.0,"gold_loss":0.0,"damage_taken":0.0,"cards_upgraded":["Strike_P","Strike_P","Strike_P","Defend_P","Defend_P","Defend_P","Defend_P"]},{"damage_healed":0,"gold_gain":50,"player_choice":"Stole From Cult","damage_taken":0,"max_hp_gain":0,"max_hp_loss":0,"event_name":"Nest","floor":20,"gold_loss":0},{"damage_healed":0,"gold_gain":0,"player_choice":"Bought 1 Potion","damage_taken":0,"max_hp_gain":0,"max_hp_loss":0,"event_name":"The Woman in Blue","floor":22,"gold_loss":0},{"damage_healed":0,"gold_gain":0,"player_choice":"Obtained Relic","damage_taken":0,"relics_obtained":["Ginger"],"max_hp_gain":0,"max_hp_loss":0,"event_name":"Addict","floor":29,"gold_loss":85}],"is_beta":false,"boss_relics":[{"not_picked":["Coffee Dripper","Velvet Choker"],"picked":"VioletLotus"}],"items_purged_floors":[5],"is_endless":false,"potions_floor_spawned":[1,10,11,13,16,18,24,27,30,31],"killed_by":"Champ","ascension_level":17}}