{"host":"cjhtzh7tp54jdfyv","time":1614000065,"event":{"mods":["AchievementEnabler","BaseMod","Colored Map","Colored Powertips","Curses Come First","DeckTracker","Filter the Spire","Minty Spire (QoL Compilation)","RNG Fix","Relic Sorter","Relic Stats","StSLib","UnlockEverythingMod","ojb\u0027s Better Paths Mod","ojb\u0027s Info Mod"],"gold_per_floor":[119,130,130,2,22,22,49,66,66,101,116,116,147,157,157,157,157],"floor_reached":16,"language":"JPN","playtime":1043,"items_purged":["Defend_P"],"score":344,"play_id":"faa0ecd6-cb9f-412f-ac82-00bd8c1994e5","local_time":"20210222082105","is_ascension_mode":true,"campfire_choices":[{"data":"Eruption","floor":6.0,"key":"SMITH"},{"floor":12,"key":"REST"},{"data":"Adaptation","floor":15,"key":"SMITH"}],"circlet_count":0,"master_deck":["AscendersBane","Strike_P","Strike_P","Strike_P","Strike_P","Defend_P","Defend_P","Eruption+1","Vigilance","DeceiveReality","CrushJoints","EmptyMind","InnerPeace","Adaptation+1"],"relics":["SacredBark","Omamori","Ice Cream","Vajra","Bottled Flame"],"acts_visited":["Exordium"],"potions_floor_usage":[7,8,13,16],"damage_taken":[{"damage":6.0,"enemies":"Jaw Worm","floor":1.0,"turns":4.0},{"damage":7.0,"enemies":"Small Slimes","floor":2.0,"turns":5.0},{"damage":0.0,"enemies":"Cultist","floor":5.0,"turns":2.0},{"damage":21,"enemies":"3 Sentries","floor":7,"turns":14},{"damage":7,"enemies":"Exordium Wildlife","floor":8,"turns":4},{"damage":0,"enemies":"Lagavulin","floor":10,"turns":7},{"damage":8,"enemies":"Large Slime","floor":11,"turns":6},{"damage":0,"enemies":"Gremlin Nob","floor":13,"turns":1},{"damage":3,"enemies":"Looter","floor":14,"turns":3},{"damage":23,"enemies":"Hexaghost","floor":16,"turns":9}],"seed_played":"5672813140683257386","potions_obtained":[{"floor":1.0,"key":"BottledMiracle"},{"floor":2.0,"key":"DuplicationPotion"},{"floor":11,"key":"AttackPotion"},{"floor":14,"key":"GamblersBrew"}],"is_trial":false,"path_per_floor":["M","M","?","$","M","R","E","M","T","E","M","R","E","M","R","B"],"character_chosen":"WATCHER","items_purchased":["CrushJoints"],"campfire_rested":1,"item_purchase_floors":[4],"current_hp_per_floor":[55,48,41,41,41,41,20,13,13,13,5,25,25,22,22,0,0],"gold":157,"neow_bonus":"BOSS_RELIC","is_daily":false,"chose_seed":false,"campfire_upgraded":2,"win_rate":0.0,"timestamp":1614000065,"path_taken":["M","M","?","$","M","R","E","M","T","E","?","R","E","?","R","BOSS"],"items_purchased_type":["Card"],"build_version":"2020-12-22","purchased_purges":1,"victory":false,"max_hp_per_floor":[68,68,68,68,68,68,68,68,68,68,68,68,68,68,68,68,68],"relic_stats":{"counters":[10,55],"obtain_stats":[{"Ice Cream":9,"Bottled Flame":13,"SacredBark":0,"Vajra":10,"Omamori":7,"PureWater":0},{"Ice Cream":5,"Bottled Flame":8,"SacredBark":0,"Vajra":6,"Omamori":4,"PureWater":0},{"Ice Cream":29,"Bottled Flame":43,"SacredBark":0,"Vajra":36,"Omamori":25,"PureWater":0}]},"card_choices":[{"not_picked":["Swivel","Crescendo","PathToVictory"],"picked":"SKIP","floor":1.0},{"not_picked":["Halt","Protect"],"picked":"DeceiveReality","floor":2.0},{"not_picked":["DeceiveReality","Halt"],"picked":"EmptyMind","floor":5.0},{"not_picked":["LikeWater","CrushJoints"],"picked":"InnerPeace","floor":7},{"not_picked":["ClearTheMind","Worship"],"picked":"Adaptation","floor":8},{"not_picked":["CrushJoints","Protect","JustLucky"],"picked":"SKIP","floor":10},{"not_picked":["FlyingSleeves","ThirdEye","PathToVictory"],"picked":"SKIP","floor":11},{"not_picked":["EmptyMind","Study","WheelKick"],"picked":"SKIP","floor":13},{"not_picked":["Establishment","FlurryOfBlows","SignatureMove"],"picked":"SKIP","floor":14}],"player_experience":5151990,"relics_obtained":[{"floor":7,"key":"Omamori"},{"floor":9,"key":"Ice Cream"},{"floor":10,"key":"Vajra"},{"floor":13,"key":"Bottled Flame"}],"event_choices":[{"cards_removed":["Defend_P"],"damage_healed":0.0,"max_hp_gain":0.0,"max_hp_loss":0.0,"gold_gain":0.0,"event_name":"Golden Wing","player_choice":"Card Removal","floor":3.0,"gold_loss":0.0,"damage_taken":7.0}],"is_beta":false,"boss_relics":[],"items_purged_floors":[4],"is_endless":false,"potions_floor_spawned":[1,2,11,14],"killed_by":"Hexaghost","ascension_level":20}}