{"host":"luxqpzmfgmumo25y","time":1614026197,"event":{"mods":["BaseMod","Colored Map","Colored Powertips","DeckTracker","Downfall","Googly Eyes","Minty Spire (QoL Compilation)","StSLib"],"gold_per_floor":[99,119,119,36,55,205,205,205,237,147,181,201,1,19,33,138,138,138,157,157,157,42,42,42,61,75,60,60,80,80,180,190,294,294,294,304,321,275,292,326,349,349,349,349,367,385,385,395,409,409,409,409],"floor_reached":50,"language":"ENG","playtime":4328,"items_purged":["downfall:Icky","downfall:Aged","Clumsy"],"score":584,"play_id":"a056aa4c-34bd-4c8a-9fa0-ed33c683ff8b","local_time":"20210222213637","is_ascension_mode":false,"campfire_choices":[{"data":"champ:Execute","floor":1,"key":"SMITH"},{"floor":13,"key":"REST"},{"data":"champ:StanceDance","floor":18,"key":"SMITH"},{"data":"champ:Taunt","floor":23,"key":"SMITH"},{"data":"champ:TripleStrike","floor":28,"key":"SMITH"},{"floor":30,"key":"REST"},{"data":"champ:UltimateStance","floor":35,"key":"SMITH"},{"floor":42,"key":"REST"},{"floor":44,"key":"RECALL"},{"floor":47,"key":"REST"}],"circlet_count":0,"master_deck":["champ:Strike","champ:Strike","champ:Strike","champ:Strike","champ:Defend","champ:Defend","champ:Defend","champ:Defend","champ:Execute+1","champ:Taunt+1","champ:BringItOn+1","champ:StanceDance+1","champ:ShieldWall+1","champ:PreciseThrust","champ:AdrenalArmor","champ:VampiricStrike","champ:IronFortress+1","champ:CrownThrow","champ:TripleStrike+1","champ:AdrenalArmor","champ:RisingSlash","champ:PreciseThrust","champ:FaceSlap","champ:StanceDance+1","champ:SkillfulDodge","champ:UltimateStance+1","champ:Backstep+1","champ:FocusedBerserking","champ:ShieldSlam","champ:FlashCut","downfall:Aged","champ:GutPunch+1","Pain","champ:RapidStrikes+1","champ:StanceDance","champ:BerserkersShout+1"],"relics":["champ:ChampionCrown","Orichalcum","Question Card","Strawberry","downfall:HeartBlessingBlue","downfall:HeartBlessingGreen","Cursed Key","Gambling Chip","Toy Ornithopter","Sozu","Singing Bowl","Darkstone Periapt","Dream Catcher","WarpedTongs"],"acts_visited":["Exordium","TheCity","TheBeyond"],"potions_floor_usage":[9,16,27,31,32,32,33,33],"damage_taken":[{"damage":10,"enemies":"Cultist","floor":2,"turns":3},{"damage":20,"enemies":"downfall:FleeingMerchant","floor":4,"turns":4},{"damage":5,"enemies":"2 Louse","floor":5,"turns":3},{"damage":20,"enemies":"Gremlin Nob","floor":9,"turns":4},{"damage":28,"enemies":"downfall:FleeingMerchant","floor":10,"turns":4},{"damage":34,"enemies":"3 Sentries","floor":11,"turns":8},{"damage":10,"enemies":"Small Slimes","floor":12,"turns":3},{"damage":34,"enemies":"Blue Slaver","floor":14,"turns":5},{"damage":22,"enemies":"Exordium Thugs","floor":15,"turns":4},{"damage":50,"enemies":"WA_ARCHETYPE_RETAIN","floor":16,"turns":9},{"damage":32,"enemies":"Shell Parasite","floor":19,"turns":4},{"damage":37,"enemies":"downfall:FleeingMerchant","floor":22,"turns":4},{"damage":65,"enemies":"3 Byrds","floor":25,"turns":6},{"damage":67,"enemies":"Cultist and Chosen","floor":26,"turns":5},{"damage":32,"enemies":"downfall:FleeingMerchant","floor":27,"turns":4},{"damage":35,"enemies":"Sentry and Sphere","floor":29,"turns":4},{"damage":108,"enemies":"downfall:LadyInBlue","floor":31,"turns":6},{"damage":60,"enemies":"Chosen and Byrds","floor":32,"turns":4},{"damage":102,"enemies":"DF_ARCHETYPE_CLAW","floor":33,"turns":8},{"damage":73,"enemies":"3 Darklings","floor":36,"turns":4},{"damage":8,"enemies":"3 Shapes","floor":37,"turns":6},{"damage":43,"enemies":"downfall:FleeingMerchant","floor":38,"turns":4},{"damage":35,"enemies":"3 Darklings","floor":39,"turns":5},{"damage":105,"enemies":"Giant Head","floor":40,"turns":9},{"damage":65,"enemies":"Transient","floor":45,"turns":5},{"damage":52,"enemies":"Jaw Worm Horde","floor":46,"turns":5},{"damage":65,"enemies":"Maw","floor":48,"turns":8},{"damage":71,"enemies":"Sphere and 2 Shapes","floor":49,"turns":6},{"damage":87,"enemies":"IC_BLOCK_ARCHETYPE","floor":50,"turns":4}],"seed_played":"-8354013145439523719","potions_obtained":[{"floor":5,"key":"SkillPotion"},{"floor":11,"key":"SmokeBomb"},{"floor":14,"key":"DistilledChaos"},{"floor":25,"key":"SteroidPotion"},{"floor":29,"key":"SneckoOil"},{"floor":31,"key":"champ:TechniquePotion"},{"floor":31,"key":"champ:TechniquePotion"},{"floor":31,"key":"DuplicationPotion"},{"floor":32,"key":"ColorlessPotion"}],"is_trial":false,"path_per_floor":["R","M","?","$","M","?","T","?","E","$","E","M","R","M","M","B",null,"R","M","?","?","$","R","T","M","M","$","R","M","R","?","M","B",null,"R","M","M","$","M","E","T","R","?","R","M","M","R","M","M","B"],"character_chosen":"THE_CHAMP","items_purchased":["champ:ShieldWall","Singing Bowl","champ:ShieldSlam"],"campfire_rested":4,"item_purchase_floors":[4,38,38],"current_hp_per_floor":[99,99,99,99,99,99,99,81,71,68,61,61,105,101,94,74,116,116,109,109,109,97,97,97,97,75,68,68,63,97,89,99,82,116,116,108,100,82,82,59,65,102,108,108,83,68,109,99,53,0,0,0],"gold":409,"neow_bonus":"TEN_PERCENT_HP_BONUS","is_daily":false,"chose_seed":false,"campfire_upgraded":5,"win_rate":0.0,"timestamp":1614026197,"path_taken":["R","M","?","$","?","?","T","?","E","$","E","M","R","M","M","BOSS","R","M","?","?","$","R","T","M","?","$","R","M","R","?","M","BOSS","R","M","M","$","M","E","T","R","?","R","?","M","R","M","M","BOSS"],"items_purchased_type":["Card","Relic","Card"],"build_version":"2020-12-22","purchased_purges":3,"victory":false,"max_hp_per_floor":[99,99,99,99,99,99,99,99,99,99,106,106,116,116,116,116,116,116,116,116,116,116,116,116,116,116,116,116,116,116,116,116,116,116,116,116,116,116,116,118,124,124,130,130,130,132,134,134,134,134,134,134],"card_choices":[{"not_picked":["champ:Haymaker","champ:CalledShot"],"picked":"champ:BringItOn","floor":2},{"not_picked":["champ:BringItOn","champ:Backstep"],"picked":"champ:StanceDance","floor":4},{"not_picked":["champ:RecklessLeap","champ:PerfectedStrike","champ:GladiatorStyle"],"picked":"SKIP","floor":5},{"not_picked":["champ:SetATrap","champ:DefensiveShout"],"picked":"champ:PreciseThrust","floor":9},{"not_picked":["champ:EnGarde","champ:SkillfulDodge","champ:BringItOn"],"picked":"champ:AdrenalArmor","floor":10},{"not_picked":["champ:PerfectedStrike","champ:Haymaker","champ:Shatter"],"picked":"champ:VampiricStrike","floor":11},{"not_picked":["champ:PerfectedStrike","champ:FocusedDefense","champ:BladeFlurry"],"picked":"champ:IronFortress","floor":12},{"not_picked":["champ:HeartStrike","champ:Shatter","champ:TornadoPunch","champ:FanOfKnives"],"picked":"SKIP","floor":14},{"not_picked":["champ:Parry","champ:ShieldWall","champ:Shatter"],"picked":"champ:CrownThrow","floor":15},{"not_picked":["champ:IgnorePain","champ:CheapShot","champ:VampiricStrike"],"picked":"champ:TripleStrike","floor":16},{"not_picked":["champ:IronFortress+1","champ:SetATrap","champ:EnGarde+1"],"picked":"champ:AdrenalArmor","floor":19},{"not_picked":["champ:CrownThrow+1","champ:DefensiveShout+1","champ:PreciseThrust"],"picked":"champ:RisingSlash","floor":22},{"not_picked":["champ:Circumvent","champ:DefensiveShout","champ:HeavySlash","champ:AdrenalArmor+1"],"picked":"SKIP","floor":25},{"not_picked":["champ:Lariat","champ:PreemptiveStrike","champ:PerfectedStrike"],"picked":"champ:PreciseThrust","floor":26},{"not_picked":["champ:Haymaker","champ:Circumvent","champ:IgnorePain"],"picked":"champ:FaceSlap","floor":27},{"not_picked":["champ:DeathBlow","champ:Backstep","champ:FocusedDefense"],"picked":"champ:StanceDance+1","floor":29},{"not_picked":["champ:EnragedBash","champ:Haymaker+1","champ:ShieldWall+1"],"picked":"champ:SkillfulDodge","floor":32},{"not_picked":["champ:VampiricStrike","champ:SteelEdge","champ:Devastate"],"picked":"champ:UltimateStance","floor":33},{"not_picked":["champ:Haymaker+1","champ:SetATrap","champ:CrownThrow","champ:TornadoPunch+1"],"picked":"SKIP","floor":36},{"not_picked":["champ:EnragedBash","champ:DeathBlow+1","champ:BladeFlurry+1"],"picked":"champ:Backstep+1","floor":37},{"not_picked":["champ:TornadoPunch+1","champ:DeathBlow+1","champ:Backstep+1"],"picked":"champ:FocusedBerserking","floor":38},{"not_picked":["champ:BerserkersShout","champ:BladeFlurry+1","champ:GutPunch+1"],"picked":"champ:FlashCut","floor":39},{"not_picked":["champ:FocusedBerserking","champ:VampiricStrike","champ:TornadoPunch","champ:ShieldThrow"],"picked":"Singing Bowl","floor":40},{"not_picked":["champ:CrookedStrike+1","champ:PerfectedStrike","champ:GladiatorStyle"],"picked":"champ:GutPunch+1","floor":42},{"not_picked":["champ:GutPunch+1","champ:EndlessRage","champ:PerfectedStrike"],"picked":"champ:RapidStrikes+1","floor":45},{"not_picked":["champ:PerfectedStrike","champ:SkillfulDodge","champ:SwordThrow","champ:FaceSlap+1"],"picked":"Singing Bowl","floor":46},{"not_picked":["champ:GutPunch+1","champ:GladiatorStyle+1","champ:BringItOn+1","champ:SetATrap+1"],"picked":"Singing Bowl","floor":47},{"not_picked":["champ:FocusedBerserking+1","champ:SetATrap+1","champ:Lariat+1"],"picked":"champ:StanceDance","floor":48},{"not_picked":["champ:RapidStrikes","champ:TornadoPunch","champ:SwordThrow"],"picked":"champ:BerserkersShout+1","floor":49}],"player_experience":215455,"relics_obtained":[{"floor":9,"key":"Question Card"},{"floor":11,"key":"Strawberry"},{"floor":24,"key":"Gambling Chip"},{"floor":31,"key":"Toy Ornithopter"},{"floor":40,"key":"Darkstone Periapt"},{"floor":41,"key":"Dream Catcher"}],"event_choices":[{"damage_healed":0,"gold_gain":0,"player_choice":"Success","damage_taken":18,"relics_obtained":["Orichalcum"],"max_hp_gain":0,"max_hp_loss":0,"event_name":"Scrap Ooze","floor":8,"gold_loss":0},{"damage_healed":0,"gold_gain":0,"player_choice":"Rummage","damage_taken":0,"relics_obtained":["WarpedTongs"],"max_hp_gain":0,"max_hp_loss":0,"event_name":"Accursed Blacksmith","floor":43,"gold_loss":0,"cards_obtained":["Pain"]}],"is_beta":false,"boss_relics":[{"not_picked":["Astrolabe","bronze:MakeshiftBattery"],"picked":"Cursed Key"},{"not_picked":["Philosopher\u0027s Stone","Snecko Eye"],"picked":"Sozu"}],"items_purged_floors":[10,22,38],"is_endless":false,"potions_floor_spawned":[5,11,14,25,29,31,32,36,39,46,49],"killed_by":"IC_BLOCK_ARCHETYPE","ascension_level":0}}