{"host":"04hmnwiiducntwm3","time":1614019539,"event":{"mods":["Aspiration","BaseMod","Downfall","Energized Spire","GifTheSpireLib","Halation","Hubris","Infinite Spire","Minty Spire (QoL Compilation)","Relic Filter","Reliquary","Replay The Spire","Shop Mod","Spikes Relics","StSLib","The Jungle"],"gold_per_floor":[115,132,151,151,326,326,359,105,105,121,156,156,171,171,171,272,272,282,282,282,282,294,294,322,322,347,202,202],"floor_reached":27,"language":"ENG","playtime":1000,"items_purged":["Doubt","Injury"],"score":239,"play_id":"4cc43a79-d10f-494b-97c0-93f9bb1ed67f","local_time":"20210222154539","is_ascension_mode":false,"campfire_choices":[{"floor":6.0,"key":"RECALL"},{"floor":12.0,"key":"REST"},{"floor":15.0,"key":"REST"},{"floor":23.0,"key":"REST"},{"floor":25.0,"key":"REST"}],"circlet_count":0,"master_deck":["Strike_R","Strike_R","Strike_R","Strike_R","Strike_R","Defend_R","Defend_R","Defend_R","Defend_R","Bash","Sword Boomerang","Heavy Blade","Flex+1","Flex+1","infinitespire:OneForAll","Limit Break+1","Amnesia","Hemogenesis","infinitespire:DeathsTouch"],"relics":["Burning Blood","Toxic Egg 2","infinitespire:PuzzleCube","hubris:TenFootPole","hubris:ToyBattleship","ReplayTheSpireMod:Ring of Sloth","Ring of Fury","infinitespire:Cupcake","Calipers","halation:KoshaPiece","reliquary:WeakTea","MerchantsRug"],"acts_visited":["Exordium","Exordium"],"potions_floor_usage":[],"damage_taken":[{"damage":16.0,"enemies":"Small Slimes","floor":1.0,"turns":3.0},{"damage":7.0,"enemies":"2 Louse","floor":2.0,"turns":3.0},{"damage":18.0,"enemies":"Jaw Worm","floor":3.0,"turns":3.0},{"damage":36.0,"enemies":"Lagavulin","floor":7.0,"turns":6.0},{"damage":0.0,"enemies":"3 Louse","floor":10.0,"turns":1.0},{"damage":27.0,"enemies":"3 Sentries","floor":11.0,"turns":5.0},{"damage":32.0,"enemies":"Gremlin Gang","floor":13.0,"turns":3.0},{"damage":28.0,"enemies":"Slime Boss","floor":16.0,"turns":9.0},{"damage":45.0,"enemies":"theJungle:GiantWrat","floor":18.0,"turns":6.0},{"damage":25.0,"enemies":"theJungle:Flameango_and_Byrd","floor":22.0,"turns":4.0},{"damage":29.0,"enemies":"theJungle:Cassacara","floor":24.0,"turns":5.0}],"seed_played":"-300474715630166034","potions_obtained":[{"floor":1.0,"key":"SpeedPotion"},{"floor":3.0,"key":"Strength Potion"},{"floor":7.0,"key":"Explosive Potion"},{"floor":10.0,"key":"Languid Potion"},{"floor":11.0,"key":"AttackPotion"},{"floor":16.0,"key":"Energy Potion"},{"floor":18.0,"key":"EssenceOfSteel"},{"floor":24.0,"key":"AttackPotion"}],"is_trial":false,"path_per_floor":["M","M","M","?","?","R","E","$","T","M","E","R","M","?","R","B",null,"M","?","?","AVR","M","R","E","R","T","$"],"character_chosen":"IRONCLAD","items_purchased":["Flex+1","hubris:TenFootPole","MerchantsRug"],"campfire_rested":4,"item_purchase_floors":[8,8,27],"current_hp_per_floor":[78,77,65,65,65,65,35,35,35,41,20,46,20,20,46,24,88,54,54,43,43,24,51,33,60,60,60,60],"gold":202,"neow_bonus":"TEN_PERCENT_HP_BONUS","is_daily":false,"chose_seed":false,"campfire_upgraded":0,"win_rate":0.0,"timestamp":1614019539,"path_taken":["M","M","M","?","?","R","E","?","T","?","E","R","M","?","R","BOSS","M","?","?","AVR","M","R","E","R","T","$"],"items_purchased_type":["Card","Relic","Relic"],"build_version":"2020-12-22","purchased_purges":2,"victory":false,"max_hp_per_floor":[88,88,88,88,88,88,88,88,88,88,88,88,88,88,88,88,88,88,93,93,93,93,93,93,93,93,93,93],"card_choices":[{"not_picked":["ReplayReversal","Warcry","Rage"],"picked":"SKIP","floor":1.0},{"not_picked":["Havoc","hubris:ReadiedAction","Body Slam"],"picked":"SKIP","floor":2.0},{"not_picked":["Run Through","Wild Strike"],"picked":"Sword Boomerang","floor":3.0},{"not_picked":["ReplayTheSpireMod:Limb From Limb","Perfected Strike"],"picked":"Heavy Blade","floor":7.0},{"not_picked":["Body Slam","Run Through"],"picked":"infinitespire:OneForAll","floor":10.0},{"not_picked":["True Grit+1","Replay:Undeath\u0027s Touch"],"picked":"Limit Break+1","floor":11.0},{"not_picked":["Feel No Pain","Run Through","Pommel Strike"],"picked":"SKIP","floor":13.0},{"not_picked":["Exhume+1","Fiend Fire"],"picked":"Hemogenesis","floor":16.0},{"not_picked":["Armaments+1","Clash","ReplayTheSpireMod:LeadingStrike"],"picked":"SKIP","floor":18.0},{"not_picked":["Armaments+1","Clash","ReplayTheSpireMod:LeadingStrike"],"picked":"SKIP","floor":18.0},{"not_picked":["ReplayTheSpireMod:Echoes of Time","ReplayTheSpireMod:Chaos Vortex"],"picked":"infinitespire:DeathsTouch","floor":20.0},{"not_picked":["Warcry+1","True Grit+1","Twin Strike"],"picked":"SKIP","floor":22.0},{"not_picked":["Intimidate+1","Twin Strike","Iron Wave+1"],"picked":"SKIP","floor":24.0}],"player_experience":387820,"relics_obtained":[{"floor":7.0,"key":"infinitespire:PuzzleCube"},{"floor":11.0,"key":"hubris:ToyBattleship"},{"floor":14.0,"key":"ReplayTheSpireMod:Ring of Sloth"},{"floor":14.0,"key":"Ring of Fury"},{"floor":24.0,"key":"halation:KoshaPiece"},{"floor":26.0,"key":"reliquary:WeakTea"}],"event_choices":[{"damage_healed":0.0,"max_hp_gain":0.0,"max_hp_loss":0.0,"gold_gain":175.0,"event_name":"Liars Game","player_choice":"AGREE","floor":5.0,"gold_loss":0.0,"damage_taken":0.0,"cards_obtained":["Doubt"]}],"is_beta":false,"boss_relics":[{"not_picked":["aspiration:RitualDagger","Snecko Eye"],"picked":"infinitespire:Cupcake"}],"items_purged_floors":[8,21],"is_endless":false,"potions_floor_spawned":[1,3,7,10,11,16,18,24],"ascension_level":0}}