{"host":"jyt72nbfoih0mxuq","time":1614030514,"event":{"mods":["BaseMod","Minty Spire (QoL Compilation)","Relic Stats"],"gold_per_floor":[113,124,137,137,156,156,156,156,156,187,198,198,123,123,123,222,222,240,254,25,43,0,0,0,0],"floor_reached":24,"language":"ENG","playtime":1678,"items_purged":["Strike_G"],"score":284,"play_id":"74fcb879-c782-448d-9037-ff808ea24744","local_time":"20210222224834","is_ascension_mode":true,"campfire_choices":[{"data":"Cloak And Dagger","floor":6,"key":"SMITH"},{"data":"Blade Dance","floor":8,"key":"SMITH"},{"floor":12,"key":"REST"},{"data":"Backflip","floor":15,"key":"SMITH"},{"data":"Burst","floor":23,"key":"SMITH"}],"circlet_count":0,"master_deck":["Strike_G","Strike_G","Defend_G","Defend_G","Defend_G","Defend_G","Survivor+1","Neutralize","Backflip+1","Blade Dance+1","Cloak And Dagger+1","Prepared+1","PiercingWail","Burst+1","Deflect+1","Wraith Form v2+1","Cloak And Dagger+1","Footwork","Leg Sweep+1"],"relics":["Ring of the Snake","Tingsha","Ginger","Pantograph","Astrolabe","PreservedInsect"],"acts_visited":["Exordium","TheCity"],"potions_floor_usage":[19,21],"damage_taken":[{"damage":7,"enemies":"Small Slimes","floor":1,"turns":5},{"damage":0,"enemies":"Cultist","floor":2,"turns":6},{"damage":0,"enemies":"Jaw Worm","floor":3,"turns":5},{"damage":10,"enemies":"3 Louse","floor":5,"turns":4},{"damage":32,"enemies":"Gremlin Nob","floor":10,"turns":5},{"damage":1,"enemies":"Large Slime","floor":11,"turns":4},{"damage":48,"enemies":"Hexaghost","floor":16,"turns":15},{"damage":0,"enemies":"3 Byrds","floor":18,"turns":6},{"damage":0,"enemies":"2 Thieves","floor":19,"turns":4},{"damage":3,"enemies":"Snake Plant","floor":21,"turns":7},{"damage":2,"enemies":"Chosen and Byrds","floor":24,"turns":8}],"seed_played":"4580573260815336497","potions_obtained":[{"floor":1,"key":"Fire Potion"},{"floor":5,"key":"Dexterity Potion"},{"floor":11,"key":"Explosive Potion"},{"floor":16,"key":"AttackPotion"},{"floor":21,"key":"Strength Potion"}],"is_trial":false,"path_per_floor":["M","M","M","?","M","R","?","R","T","E","M","R","$","?","R","B",null,"M","M","$","M","?","R","M"],"character_chosen":"THE_SILENT","items_purchased":["PreservedInsect","Footwork"],"campfire_rested":1,"item_purchase_floors":[20,20],"current_hp_per_floor":[56,56,56,56,46,46,46,46,46,14,13,34,34,34,34,11,55,55,55,55,52,52,52,50,50],"gold":0,"neow_bonus":"UPGRADE_CARD","is_daily":false,"chose_seed":false,"campfire_upgraded":4,"win_rate":0.0,"timestamp":1614030514,"path_taken":["M","M","M","?","?","R","?","R","T","E","M","R","$","?","R","BOSS","M","M","$","M","?","R","M"],"items_purchased_type":["Relic","Card"],"build_version":"2020-12-22","purchased_purges":1,"victory":false,"max_hp_per_floor":[70,70,70,70,70,70,70,70,70,70,70,70,70,70,70,70,70,70,70,70,70,70,70,70,70],"relic_stats":{"counters":[11,69],"Pantograph":25,"Astrolabe":["Deflect","Wraith Form v2","Cloak And Dagger"],"Tingsha":[127],"PreservedInsect":0,"Ginger":[7],"obtain_stats":[{"Pantograph":10,"Astrolabe":17,"Tingsha":4,"PreservedInsect":20,"Ginger":9,"Ring of the Snake":0},{"Pantograph":5,"Astrolabe":7,"Tingsha":3,"PreservedInsect":9,"Ginger":4,"Ring of the Snake":0},{"Pantograph":25,"Astrolabe":44,"Tingsha":16,"PreservedInsect":54,"Ginger":20,"Ring of the Snake":0}],"Ring of the Snake":[22]},"card_choices":[{"not_picked":["Sucker Punch","Cloak And Dagger"],"picked":"Backflip","floor":1},{"not_picked":["Blur","Terror"],"picked":"Blade Dance","floor":2},{"not_picked":["Crippling Poison","Flying Knee"],"picked":"Cloak And Dagger","floor":3},{"not_picked":["Slice","Acrobatics"],"picked":"Prepared","floor":5},{"not_picked":["Dash","Phantasmal Killer","Flechettes"],"picked":"SKIP","floor":10},{"not_picked":["Terror","Slice"],"picked":"PiercingWail","floor":11},{"not_picked":["Venomology","Storm of Steel"],"picked":"Burst","floor":16},{"not_picked":["Deadly Poison+1","Slice","Blade Dance"],"picked":"SKIP","floor":18},{"not_picked":["Flying Knee","Underhanded Strike","Blur"],"picked":"SKIP","floor":19},{"not_picked":["PiercingWail+1","Catalyst+1"],"picked":"Leg Sweep+1","floor":21}],"player_experience":224073,"relics_obtained":[{"floor":9,"key":"Ginger"},{"floor":10,"key":"Pantograph"}],"event_choices":[{"damage_healed":0,"gold_gain":0,"player_choice":"Gave Potion","damage_taken":0,"relics_obtained":["Tingsha"],"max_hp_gain":0,"max_hp_loss":0,"event_name":"WeMeetAgain","floor":4,"gold_loss":0},{"damage_healed":0,"gold_gain":0,"player_choice":"Grow","damage_taken":0,"max_hp_gain":0,"max_hp_loss":0,"event_name":"Living Wall","floor":7,"gold_loss":0,"cards_upgraded":["Prepared"]},{"damage_healed":0,"gold_gain":0,"player_choice":"Ignored","damage_taken":0,"max_hp_gain":0,"max_hp_loss":0,"event_name":"Liars Game","floor":14,"gold_loss":0},{"damage_healed":0,"gold_gain":0,"player_choice":"Paid Fearfully","damage_taken":0,"max_hp_gain":0,"max_hp_loss":0,"event_name":"Masked Bandits","floor":22,"gold_loss":43}],"is_beta":false,"boss_relics":[{"not_picked":["Fusion Hammer","Black Star"],"picked":"Astrolabe"}],"items_purged_floors":[13],"is_endless":false,"potions_floor_spawned":[1,5,11,16,21],"killed_by":"Chosen and Byrds","ascension_level":9}}