{"host":"lwys0gbp6t40j7jh","time":1614017157,"event":{"mods":["Act Like it!","BaseMod","CapriCore","Friendly Minions","GifTheSpireLib","Minty Spire (QoL Compilation)","StSLib","SuperFastMode","The Bug Knight"],"gold_per_floor":[113,130,130,130,194,194,225,325,352,352,371,371,381,406,406,508,508,523,622,547,561,572,572,590,590,670,690,690,690,690,709,709,805,805,821,838,838,838,849,849,866,866,891,347,347,347,365,384,384,384,384],"floor_reached":50,"language":"ENG","playtime":1410,"items_purged":["HollowMod:SoulMaster"],"score":452,"play_id":"1447ccb9-43b3-4a5d-8a1d-e4d928e909a9","local_time":"20210222190557","daily_mods":["SealedDeck","Heirloom"],"is_ascension_mode":false,"campfire_choices":[{"data":"HollowMod:ShadowDash","floor":6,"key":"SMITH"},{"floor":10,"key":"REST"},{"data":"HollowMod:ShadowDash","floor":12,"key":"SMITH"},{"floor":15,"key":"REST"},{"floor":23,"key":"REST"},{"floor":25,"key":"REST"},{"data":"HollowMod:MantisMark","floor":29,"key":"SMITH"},{"data":"HollowMod:WraithStrike","floor":32,"key":"SMITH"},{"floor":40,"key":"REST"},{"data":"HollowMod:PerfectDash","floor":42,"key":"SMITH"},{"data":"HollowMod:SiblingsShadow","floor":46,"key":"SMITH"},{"data":"HollowMod:BlackTendrils","floor":49,"key":"SMITH"}],"circlet_count":0,"master_deck":["HollowMod:PerfectDash+1","HollowMod:PerfectDash","HollowMod:SharpenedShadows","HollowMod:NewJinnsSoul","HollowMod:ShadowDash+1","HollowMod:WraithStrike+1","HollowMod:SiblingsShadow+1","HollowMod:WraithStrike","HollowMod:DescendingDark","HollowMod:ShadowDash+1","HollowMod:NewJinnsSoul","HollowMod:BlackTendrils+1","HollowMod:AbyssShriek","HollowMod:MantisMark+1","HollowMod:DoubleDash","HollowMod:CloakDash+1","HollowMod:BlackTendrils+1","HollowMod:DashSlash+1","HollowMod:BlackTendrils","HollowMod:VengefulVoid+1","HollowMod:CloakDash","HollowMod:CloakDash","Finesse","Writhe","Parasite","HollowMod:DescendingDark"],"relics":["HollowMod:VesselMask","Shovel","WingedGreaves","Dream Catcher","Letter Opener","Bottled Flame","Black Star","Art of War","Shuriken"],"acts_visited":["Exordium","TheCity","TheBeyond"],"potions_floor_usage":[7,14,14,33,39,41,41,41,47,47,50],"damage_taken":[{"damage":3,"enemies":"Cultist","floor":1,"turns":3},{"damage":12,"enemies":"2 Louse","floor":2,"turns":2},{"damage":26,"enemies":"Gremlin Nob","floor":7,"turns":4},{"damage":2,"enemies":"Jaw Worm","floor":11,"turns":5},{"damage":9,"enemies":"Exordium Thugs","floor":13,"turns":5},{"damage":38,"enemies":"3 Sentries","floor":14,"turns":9},{"damage":13,"enemies":"Slime Boss","floor":16,"turns":15},{"damage":26,"enemies":"3 Byrds","floor":18,"turns":6},{"damage":32,"enemies":"2 Thieves","floor":21,"turns":3},{"damage":22,"enemies":"Snake Plant","floor":22,"turns":4},{"damage":7,"enemies":"Snecko","floor":24,"turns":5},{"damage":0,"enemies":"3 Cultists","floor":27,"turns":3},{"damage":8,"enemies":"Snake Plant","floor":31,"turns":6},{"damage":30,"enemies":"Collector","floor":33,"turns":8},{"damage":13,"enemies":"3 Shapes","floor":35,"turns":3},{"damage":16,"enemies":"3 Darklings","floor":36,"turns":3},{"damage":47,"enemies":"Sphere and 2 Shapes","floor":39,"turns":7},{"damage":8,"enemies":"Transient","floor":41,"turns":5},{"damage":9,"enemies":"Writhing Mass","floor":47,"turns":8},{"damage":19,"enemies":"4 Shapes","floor":48,"turns":4},{"damage":67,"enemies":"Awakened One","floor":50,"turns":3}],"seed_played":"-5251283432102825567","potions_obtained":[{"floor":1,"key":"Block Potion"},{"floor":2,"key":"FearPotion"},{"floor":11,"key":"BlessingOfTheForge"},{"floor":18,"key":"SpeedPotion"},{"floor":22,"key":"ColorlessPotion"},{"floor":31,"key":"SpeedPotion"},{"floor":36,"key":"LiquidMemories"},{"floor":39,"key":"FearPotion"},{"floor":41,"key":"Weak Potion"},{"floor":48,"key":"SkillPotion"}],"is_trial":true,"path_per_floor":["M","M","$","$","?","R","E","?","T","R","M","R","M","E","R","B",null,"M","?","?","M","M","R","M","R","T","M","?","R","?","M","R","B",null,"M","M","?","?","M","R","M","R","T","$","?","R","M","M","R","B"],"character_chosen":"THE_BUGKNIGHT","items_purchased":["Shuriken","HollowMod:CloakDash","Regen Potion","Finesse"],"campfire_rested":5,"item_purchase_floors":[44,44,44,44],"current_hp_per_floor":[72,60,60,60,60,60,34,34,34,56,54,54,45,7,29,21,75,55,55,55,26,10,32,29,51,51,51,51,51,51,52,52,59,75,72,58,58,58,23,45,47,47,47,47,66,66,75,60,60,0,0],"gold":384,"neow_bonus":"","is_daily":false,"chose_seed":false,"campfire_upgraded":7,"win_rate":0.0,"timestamp":1614017157,"path_taken":["M","M","?","$","?","R","E","?","T","R","?","R","M","E","R","BOSS","M","?","?","M","M","R","M","R","T","M","?","R","?","?","R","BOSS","M","M","?","?","?","R","M","R","T","$","?","R","M","M","R","BOSS"],"items_purchased_type":["Relic","Card","Potion","Card"],"build_version":"2020-12-22","purchased_purges":1,"victory":false,"max_hp_per_floor":[75,75,75,75,75,75,75,75,75,75,75,75,75,75,75,75,75,75,75,75,75,75,75,75,75,75,75,75,75,75,75,75,75,75,75,75,75,75,75,75,75,75,75,75,75,75,75,75,75,75,75],"card_choices":[{"not_picked":["HollowMod:InfectedAttack","HollowMod:DescendingDark"],"picked":"HollowMod:ShadowDash","floor":1},{"not_picked":["HollowMod:NewLittleFool","HollowMod:MonarchWings","HollowMod:DesolateDive"],"picked":"SKIP","floor":2},{"not_picked":["HollowMod:SoulShaman","HollowMod:FastStrike","HollowMod:PureNailStrike"],"picked":"SKIP","floor":7},{"not_picked":["HollowMod:SiblingsSouls","HollowMod:LifebloodCocoon","HollowMod:PureNailStrike"],"picked":"SKIP","floor":11},{"not_picked":["HollowMod:WraithStrike","HollowMod:InfectedCysts"],"picked":"HollowMod:NewJinnsSoul","floor":13},{"not_picked":["HollowMod:GoodIntentions","HollowMod:CornifersMapStart"],"picked":"HollowMod:BlackTendrils","floor":14},{"not_picked":["HollowMod:RadiancesLament","HollowMod:NewInfectedGuardian"],"picked":"HollowMod:SoulMaster","floor":16},{"not_picked":["HollowMod:ChannelNail","HollowMod:InfectedAttack"],"picked":"HollowMod:AbyssShriek","floor":18},{"not_picked":["HollowMod:NewGlowingWomb+1","HollowMod:HeavyBlow"],"picked":"HollowMod:MantisMark","floor":21},{"not_picked":["HollowMod:AbyssShriek","HollowMod:ChannelNail","HollowMod:HowlingWraiths"],"picked":"SKIP","floor":22},{"not_picked":["HollowMod:NewLittleFool","HollowMod:InfectedCysts+1"],"picked":"HollowMod:DoubleDash","floor":24},{"not_picked":["HollowMod:HeavyBlow","HollowMod:MonarchWings"],"picked":"HollowMod:CloakDash+1","floor":25},{"not_picked":["HollowMod:CoiledNail","HollowMod:ChannelNail+1"],"picked":"HollowMod:BlackTendrils+1","floor":27},{"not_picked":["HollowMod:ChannelNail","HollowMod:DungDefenderAura","HollowMod:PureVessel"],"picked":"SKIP","floor":31},{"not_picked":["HollowMod:ChannelNail","HollowMod:MothsMistake+1"],"picked":"HollowMod:DashSlash+1","floor":35},{"not_picked":["HollowMod:SoulStrike","HollowMod:ChannelNail"],"picked":"HollowMod:BlackTendrils","floor":36},{"not_picked":["HollowMod:SoulSplash+1","HollowMod:HuntersJournal"],"picked":"HollowMod:VengefulVoid+1","floor":39},{"not_picked":["HollowMod:NewJinnsSoul+1","HollowMod:TaintedHusks+1"],"picked":"HollowMod:CloakDash","floor":41},{"not_picked":["HollowMod:InfectedAttack+1","HollowMod:SiblingsSouls"],"picked":"HollowMod:DescendingDark","floor":47},{"not_picked":["HollowMod:NewJinnsSoul+1","HollowMod:CornifersMapStart+1","HollowMod:SlysStrikes"],"picked":"SKIP","floor":48}],"player_experience":1312502,"relics_obtained":[{"floor":7,"key":"WingedGreaves"},{"floor":9,"key":"Dream Catcher"},{"floor":14,"key":"Letter Opener"},{"floor":26,"key":"Bottled Flame"},{"floor":43,"key":"Art of War"}],"event_choices":[{"damage_healed":0,"gold_gain":64,"player_choice":"Gained Gold","damage_taken":0,"max_hp_gain":0,"max_hp_loss":0,"event_name":"Golden Wing","floor":5,"gold_loss":0},{"damage_healed":0,"gold_gain":100,"player_choice":"Pray","damage_taken":0,"max_hp_gain":0,"max_hp_loss":0,"event_name":"Golden Shrine","floor":8,"gold_loss":0},{"damage_healed":0,"gold_gain":99,"player_choice":"Stole From Cult","damage_taken":0,"max_hp_gain":0,"max_hp_loss":0,"event_name":"Nest","floor":19,"gold_loss":0},{"cards_removed":["HollowMod:PerfectDash"],"damage_healed":0,"gold_gain":0,"player_choice":"Gave Gold","damage_taken":0,"max_hp_gain":0,"max_hp_loss":0,"event_name":"Beggar","floor":20,"gold_loss":75},{"damage_healed":0,"gold_gain":0,"player_choice":"Ignored","damage_taken":0,"max_hp_gain":0,"max_hp_loss":0,"event_name":"Cursed Tome","floor":28,"gold_loss":0},{"damage_healed":0,"gold_gain":0,"player_choice":"Leave","damage_taken":0,"max_hp_gain":0,"max_hp_loss":0,"event_name":"FaceTrader","floor":30,"gold_loss":0},{"damage_healed":0,"gold_gain":0,"player_choice":"Ignored","damage_taken":0,"max_hp_gain":0,"max_hp_loss":0,"event_name":"Tomb of Lord Red Mask","floor":37,"gold_loss":0},{"damage_healed":0,"gold_gain":0,"player_choice":"Bought 0 Potions","damage_taken":0,"max_hp_gain":0,"max_hp_loss":0,"event_name":"The Woman in Blue","floor":38,"gold_loss":0},{"damage_healed":19,"gold_gain":0,"player_choice":"Writhe","damage_taken":0,"max_hp_gain":0,"max_hp_loss":0,"event_name":"Winding Halls","floor":45,"gold_loss":0,"cards_obtained":["Writhe"]}],"is_beta":false,"boss_relics":[{"not_picked":["Philosopher\u0027s Stone","Ectoplasm","Coffee Dripper"]},{"not_picked":["Astrolabe","Velvet Choker"],"picked":"Black Star"}],"items_purged_floors":[44],"is_endless":true,"potions_floor_spawned":[1,2,11,18,22,31,36,39,41,48],"killed_by":"Awakened One","ascension_level":0}}