{"host":"ymmeoa1x24ihslbm","time":1614012092,"event":{"mods":["AchievementEnabler","BaseMod","CatGirl Mod","Colored Map","Colored Powertips","Defuse TimeMaze Blight","Hermit","Highlight Path","HornydragonMod","Hyrulean Relics","Infinite Spire","Minty Spire (QoL Compilation)","Permanent Neow","Potionbrewer","Quick Restart","Rare Cards Sparkle","Relic Sorter","Robot Space Explorer","Shapeshifter Mod","Shop Mod","StSLib","The Marked","TheSurvivalist"],"gold_per_floor":[119,136,146,164,180,180,192,192,215,233,233,508,525,558,558,558,558],"floor_reached":16,"language":"ENG","playtime":827,"items_purged":[],"score":106,"play_id":"eac80b62-9582-4b31-9bd8-d5fa8f43d6ae","local_time":"20210222174132","is_ascension_mode":false,"campfire_choices":[{"data":"RobotSpaceExplorer:Arsenal","floor":6.0,"key":"SMITH"},{"data":"RobotSpaceExplorer:MiniLasers","floor":8.0,"key":"SMITH"},{"data":"RobotSpaceExplorer:Ammunition","floor":11,"key":"SMITH"},{"data":"RobotSpaceExplorer:Blaster","floor":15,"key":"SMITH"}],"circlet_count":0,"master_deck":["RobotSpaceExplorer:Strike","RobotSpaceExplorer:Strike","RobotSpaceExplorer:Strike","RobotSpaceExplorer:Strike","RobotSpaceExplorer:Defend","RobotSpaceExplorer:Defend","RobotSpaceExplorer:Defend","RobotSpaceExplorer:Defend","RobotSpaceExplorer:Scan","RobotSpaceExplorer:MiniLasers+1","RobotSpaceExplorer:MetalStrike","RobotSpaceExplorer:Ammunition+1","RobotSpaceExplorer:Probe","RobotSpaceExplorer:ShovelStrike","RobotSpaceExplorer:Arsenal+1","RobotSpaceExplorer:PowerCollector","RobotSpaceExplorer:SurgingShield","Regret","RobotSpaceExplorer:Fix","RobotSpaceExplorer:Blaster+1"],"relics":["RobotSpaceExplorer:RoboCore","Toy Ornithopter","Boot"],"acts_visited":["Exordium"],"potions_floor_usage":[10,16],"damage_taken":[{"damage":4.0,"enemies":"Cultist","floor":1.0,"turns":4.0},{"damage":7.0,"enemies":"Jaw Worm","floor":2.0,"turns":4.0},{"damage":0.0,"enemies":"2 Louse","floor":3.0,"turns":4.0},{"damage":0.0,"enemies":"Exordium Wildlife","floor":4.0,"turns":4.0},{"damage":5.0,"enemies":"Large Slime","floor":5.0,"turns":6.0},{"damage":8.0,"enemies":"Red Slaver","floor":7.0,"turns":2.0},{"damage":24,"enemies":"Gremlin Gang","floor":10,"turns":6},{"damage":0,"enemies":"Blue Slaver","floor":13,"turns":3},{"damage":30,"enemies":"Lagavulin","floor":14,"turns":8},{"damage":18,"enemies":"Slime Boss","floor":16,"turns":3}],"seed_played":"-2380229738253047842","potions_obtained":[{"floor":2.0,"key":"Energy Potion"},{"floor":5.0,"key":"CultistPotion"},{"floor":7.0,"key":"Weak Potion"}],"is_trial":false,"path_per_floor":["M","M","M","M","M","R","M","R","T","M","R","?","M","E","R","B"],"character_chosen":"RobotSpaceExplorer","items_purchased":[],"campfire_rested":0,"item_purchase_floors":[],"current_hp_per_floor":[78,71,71,71,66,66,58,58,58,39,39,39,39,13,13,0,0],"gold":558,"neow_bonus":"TEN_PERCENT_HP_BONUS","is_daily":false,"chose_seed":false,"campfire_upgraded":4,"win_rate":0.0,"timestamp":1614012092,"path_taken":["M","M","M","M","M","R","M","R","T","M","R","?","M","E","R","BOSS"],"items_purchased_type":[],"build_version":"2020-12-22","purchased_purges":0,"victory":false,"max_hp_per_floor":[82,82,82,82,82,82,82,82,82,82,82,82,82,82,82,82,82],"card_choices":[{"not_picked":["RobotSpaceExplorer:SwiftStep","RobotSpaceExplorer:SlimeMissile"],"picked":"RobotSpaceExplorer:MetalStrike","floor":1.0},{"not_picked":["RobotSpaceExplorer:ImprovisedAttack","RobotSpaceExplorer:FrostMissile"],"picked":"RobotSpaceExplorer:Ammunition","floor":2.0},{"not_picked":["RobotSpaceExplorer:ScrapMissile","RobotSpaceExplorer:SlimeMissile"],"picked":"RobotSpaceExplorer:Probe","floor":3.0},{"not_picked":["RobotSpaceExplorer:MetalStrike","RobotSpaceExplorer:MiniDrones"],"picked":"RobotSpaceExplorer:ShovelStrike","floor":4.0},{"not_picked":["RobotSpaceExplorer:Blitz","RobotSpaceExplorer:Electropulse"],"picked":"RobotSpaceExplorer:Arsenal","floor":5.0},{"not_picked":["RobotSpaceExplorer:Calculate","RobotSpaceExplorer:Electropulse"],"picked":"RobotSpaceExplorer:PowerCollector","floor":7.0},{"not_picked":["RobotSpaceExplorer:FranticSearch","RobotSpaceExplorer:SlimeMissile"],"picked":"RobotSpaceExplorer:SurgingShield","floor":10},{"not_picked":["RobotSpaceExplorer:FranticSearch","RobotSpaceExplorer:SlimeMissile"],"picked":"RobotSpaceExplorer:Fix","floor":13},{"not_picked":["RobotSpaceExplorer:Smokescreen","RobotSpaceExplorer:DoubleFind"],"picked":"RobotSpaceExplorer:Blaster","floor":14}],"player_experience":804586,"relics_obtained":[{"floor":9.0,"key":"Toy Ornithopter"},{"floor":14,"key":"Boot"}],"event_choices":[{"damage_healed":0,"gold_gain":275,"player_choice":"Desecrate","damage_taken":0,"max_hp_gain":0,"max_hp_loss":0,"event_name":"Golden Shrine","floor":12,"gold_loss":0,"cards_obtained":["Regret"]}],"is_beta":false,"boss_relics":[],"items_purged_floors":[],"is_endless":false,"potions_floor_spawned":[2,5,7],"killed_by":"Slime Boss","ascension_level":0}}