{"host":"yam1wfjwvpwz1503","time":1614009431,"event":{"mods":["Act Like it!","Aspiration","Bard","BaseMod","Beaked The Cultist","Colored Powertips","Custom Start","Downfall","Friendly Minions","Hallownest","Hermit","Highlight Path","Hubris","Infinite Spire","Lobotomy","Minty Spire (QoL Compilation)","Quick Restart","Random Character Button","Replay The Spire","Shop Mod","StSLib","The Bug Knight","The Cursed","The Disciple","The Jungle","The Kombatant","The Runesmith"],"gold_per_floor":[199,211,661,523,523,523,546,546,557,575,595,610,610,685,695,798,798,798,811,822,840,854,854,854,854,874,874,874],"floor_reached":26,"language":"ENG","playtime":1536,"items_purged":[],"score":200,"play_id":"40ced876-8de9-4df3-89a4-25d6d4b6c0bc","local_time":"20210222175711","is_ascension_mode":false,"campfire_choices":[{"data":"hexamod:Float","floor":1.0,"key":"SMITH"},{"data":"hexamod:PowerFromBeyond","floor":6,"key":"SMITH"},{"data":"hubris:DuctTapeCard","floor":18,"key":"SMITH"},{"floor":23,"key":"REST"},{"floor":25,"key":"REST"}],"circlet_count":0,"master_deck":["hexamod:Strike","hexamod:Strike","hexamod:Strike","hexamod:Strike","hexamod:Defend","hexamod:Defend","hexamod:Defend","hexamod:Defend","hexamod:ThermalTransfer","downfall:Icky","downfall:Icky","downfall:Icky","hexamod:PowerFromBeyond+1","hexamod:NightmareGuise","hexamod:EmpoweredFlame","Survivor+1","Pot Of Greed","Pot Of Greed","hexamod:Incineration","hubris:DuctTapeCard+2","Crippling Poison","hexamod:HeatMetal+1","hexamod:Hexaguard+1","hexamod:FirstSeal","Pot Of Greed"],"relics":["m_HexaRing","Grinning Jar","hubris:DuctTape","aspiration:RitualDagger","Replay:Bandana"],"acts_visited":["Exordium","TheCity"],"potions_floor_usage":[12,15,16,19],"damage_taken":[{"damage":6.0,"enemies":"Jaw Worm","floor":2.0,"turns":3.0},{"damage":5.0,"enemies":"downfall:FleeingMerchant","floor":4.0,"turns":4.0},{"damage":2,"enemies":"2 Louse","floor":9,"turns":3},{"damage":0,"enemies":"Cultist","floor":10,"turns":5},{"damage":8,"enemies":"2 Fungi Beasts","floor":11,"turns":4},{"damage":28,"enemies":"Exordium Wildlife","floor":12,"turns":5},{"damage":10,"enemies":"downfall:LooterAlt","floor":15,"turns":3},{"damage":56,"enemies":"DF_ARCHETYPE_STREAMLINE","floor":16,"turns":11},{"damage":30,"enemies":"downfall:LooterAlt2","floor":19,"turns":4},{"damage":59,"enemies":"Shell Parasite","floor":20,"turns":7},{"damage":30,"enemies":"Snake Plant","floor":21,"turns":3},{"damage":34,"enemies":"Shelled Parasite and Fungi","floor":22,"turns":5},{"damage":52,"enemies":"3 Cultists","floor":26,"turns":4}],"seed_played":"7009948063426046693","potions_obtained":[{"floor":9,"key":"DistilledChaos"},{"floor":11,"key":"ColorlessPotion"},{"floor":14,"key":"downfall:CursedFountainPotion"},{"floor":15,"key":"hexamod:SoulburnPotion"},{"floor":22,"key":"Strength Potion"}],"is_trial":false,"path_per_floor":["R","M","?","$","?","R","T","?","M","M","M","M","?","?","M","B",null,"R","M","M","M","M","R","T","R","M"],"character_chosen":"THE_SPIRIT","items_purchased":["hexamod:NightmareGuise","hexamod:EmpoweredFlame"],"campfire_rested":2,"item_purchase_floors":[4,4],"current_hp_per_floor":[70,64,64,59,59,59,59,70,68,68,60,32,20,70,60,4,70,70,40,61,36,8,29,29,50,0,0,0],"gold":874,"neow_bonus":"HUNDRED_GOLD","is_daily":false,"chose_seed":false,"campfire_upgraded":3,"win_rate":0.0,"timestamp":1614009431,"path_taken":["R","M","?","$","?","R","T","?","M","M","?","M","?","?","M","BOSS","R","M","M","M","?","R","T","R","M"],"items_purchased_type":["Card","Card"],"build_version":"2020-12-22","purchased_purges":0,"victory":false,"max_hp_per_floor":[70,70,70,70,70,70,70,70,70,70,70,70,70,70,70,70,70,70,70,70,70,70,70,70,70,70,70,70],"card_choices":[{"not_picked":["hexamod:Hexaguard","hexamod:SwordOfDarkness"],"picked":"hexamod:ThermalTransfer","floor":2.0},{"not_picked":["hexamod:GiftsFromTheDead","hexamod:Hexaguard"],"picked":"hexamod:PowerFromBeyond","floor":4},{"not_picked":["hexamod:SwordOfDarkness","hexamod:RecurringNightmare","hexamod:SpectralSpark"],"picked":"SKIP","floor":9},{"not_picked":["hexamod:Rewind","hexamod:AdvancingGuard","hexamod:ShieldOfDarkness"],"picked":"SKIP","floor":10},{"not_picked":["hexamod:Again","hexamod:Hexaguard"],"picked":"hexamod:PhantomFireball","floor":11},{"not_picked":["hexamod:NightmareStrike","hexamod:FlamesFromBeyond"],"picked":"hexamod:Incineration","floor":12},{"not_picked":["hexamod:FlamesFromBeyond","hexamod:HauntingEcho"],"picked":"Crippling Poison","floor":15},{"not_picked":["hexamod:ExtraCrispy+1","hexamod:FlamesFromBeyond+1"],"picked":"hexamod:HeatMetal+1","floor":19},{"not_picked":["hexamod:RetreatToShadows+1","hexamod:RainOfEmbers","hexamod:StepThrough"],"picked":"SKIP","floor":20},{"not_picked":["hexamod:ChargedBarrage","hexamod:GhostLash"],"picked":"hexamod:Hexaguard+1","floor":21},{"not_picked":["hexamod:EtherealExpedition","hexamod:SpectersWail+1"],"picked":"hexamod:FirstSeal","floor":22}],"player_experience":1288325,"relics_obtained":[{"floor":7,"key":"Grinning Jar"},{"floor":24,"key":"Replay:Bandana"}],"event_choices":[{"damage_healed":11,"gold_gain":0,"player_choice":"Full Heal","damage_taken":0,"max_hp_gain":0,"max_hp_loss":0,"event_name":"Wheel of Change","floor":8,"gold_loss":0},{"damage_healed":0,"gold_gain":0,"player_choice":"Success","damage_taken":12,"relics_obtained":["hubris:DuctTape"],"max_hp_gain":0,"max_hp_loss":0,"event_name":"Scrap Ooze","floor":13,"gold_loss":0}],"is_beta":false,"boss_relics":[{"not_picked":["aspiration:BardSkillbook","hubris:BlackHole"],"picked":"aspiration:RitualDagger"}],"items_purged_floors":[],"is_endless":false,"potions_floor_spawned":[9,11,15,22],"killed_by":"3 Cultists","ascension_level":0}}