{"host":"2ifzph3yvi2kkz1c","time":1614016724,"event":{"mods":["BaseMod","BetterRewards","Colored Map","Conspire","Minty Spire (QoL Compilation)","Permanent Neow","Replay The Spire","StSLib","The Bug Knight"],"gold_per_floor":[114,128,128,128,128,156,156,191,216,226,244,244,244,255,255,255,255],"floor_reached":16,"language":"ENG","playtime":924,"items_purged":[],"score":171,"play_id":"20d8e706-1793-474e-9ad9-0152b28a12d6","local_time":"20210222125844","is_ascension_mode":true,"campfire_choices":[{"data":"ReplayTheSpireMod:Trickstab","floor":7,"key":"SMITH"},{"data":"True Grit","floor":12,"key":"SMITH"},{"data":"Bash","floor":15,"key":"SMITH"}],"circlet_count":0,"master_deck":["AscendersBane","Strike_R","Strike_R","Strike_R","Strike_R","Defend_R","Defend_R","Defend_R+1","Defend_R","Bash+1","ReplayTheSpireMod:Trickstab+1","ReplayTheSpireMod:Corrosion Curse+1","Anger","True Grit+1","Spot Weakness"],"relics":["Burning Blood","Centennial Puzzle","Akabeko","Nunchaku","Potion Belt"],"acts_visited":["Exordium"],"potions_floor_usage":[8,16],"damage_taken":[{"damage":11,"enemies":"Jaw Worm","floor":1,"turns":5},{"damage":0,"enemies":"Small Slimes","floor":2,"turns":3},{"damage":26,"enemies":"Lagavulin","floor":6,"turns":5},{"damage":25,"enemies":"3 Sentries","floor":8,"turns":6},{"damage":0,"enemies":"conspire:RoseBush","floor":10,"turns":3},{"damage":0,"enemies":"2 Fungi Beasts","floor":11,"turns":3},{"damage":2,"enemies":"Red Slaver","floor":14,"turns":3},{"damage":51,"enemies":"Fading Forest","floor":16,"turns":9}],"seed_played":"5031505074569119283","potions_obtained":[{"floor":1,"key":"LiquidBronze"},{"floor":2,"key":"PowerPotion"},{"floor":6,"key":"Weak Potion"}],"is_trial":false,"path_per_floor":["M","M","?","?","?","E","R","E","T","M","M","R","?","M","R","B"],"character_chosen":"IRONCLAD","items_purchased":[],"campfire_rested":0,"item_purchase_floors":[],"current_hp_per_floor":[67,73,73,57,50,30,30,11,11,17,23,23,23,27,27,0,0],"gold":255,"neow_bonus":"RANDOM_COLORLESS","is_daily":false,"chose_seed":false,"campfire_upgraded":3,"win_rate":0.0,"timestamp":1614016724,"path_taken":["M","M","?","?","?","E","R","E","T","M","M","R","?","?","R","BOSS"],"items_purchased_type":[],"build_version":"2020-12-22","purchased_purges":0,"victory":false,"max_hp_per_floor":[80,80,80,80,80,80,80,80,80,80,80,80,80,80,80,80,80],"card_choices":[{"not_picked":["Bandage Up","ReplayTheSpireMod:Private Reserves"],"picked":"ReplayTheSpireMod:Trickstab","floor":0},{"not_picked":["Power Through","Body Slam"],"picked":"ReplayTheSpireMod:Corrosion Curse","floor":1},{"not_picked":["Heavy Blade","Perfected Strike"],"picked":"Anger","floor":2},{"not_picked":["Seeing Red","Iron Wave","Blood for Blood"],"picked":"SKIP","floor":6},{"not_picked":["Dropkick","Replay:Undeath\u0027s Touch"],"picked":"True Grit","floor":8},{"not_picked":["Rupture","ReplayTheSpireMod:Strike From Hell","Replay:Undeath\u0027s Touch"],"picked":"SKIP","floor":10},{"not_picked":["ReplayTheSpireMod:Strike From Hell","Run Through","Anger"],"picked":"SKIP","floor":11},{"not_picked":["Clash","Havoc"],"picked":"Spot Weakness","floor":14}],"player_experience":384342,"relics_obtained":[{"floor":6,"key":"Akabeko"},{"floor":8,"key":"Nunchaku"},{"floor":9,"key":"Potion Belt"}],"event_choices":[{"damage_healed":0,"gold_gain":0,"player_choice":"Leave","damage_taken":0,"max_hp_gain":0,"max_hp_loss":0,"event_name":"conspire:Investor","floor":3,"gold_loss":0},{"damage_healed":0,"gold_gain":0,"player_choice":"Entered Light","damage_taken":16,"max_hp_gain":0,"max_hp_loss":0,"event_name":"Shining Light","floor":4,"gold_loss":0,"cards_upgraded":["ReplayTheSpireMod:Corrosion Curse","Defend_R"]},{"damage_healed":0,"gold_gain":0,"player_choice":"Success","damage_taken":7,"relics_obtained":["Centennial Puzzle"],"max_hp_gain":0,"max_hp_loss":0,"event_name":"Scrap Ooze","floor":5,"gold_loss":0},{"cards_removed":["Strike_R"],"damage_healed":0,"gold_gain":0,"player_choice":"Purged","damage_taken":0,"max_hp_gain":0,"max_hp_loss":0,"event_name":"Purifier","floor":13,"gold_loss":0}],"is_beta":false,"boss_relics":[],"items_purged_floors":[],"is_endless":false,"potions_floor_spawned":[1,2,6],"killed_by":"Fading Forest","ascension_level":11}}