{"host":"lkve521c3unthi3l","time":1614030439,"event":{"mods":["BaseMod","Better Third Choice","BetterRewards","Duelist Mod","Marisa（霧雨　魔理沙）","Minty Spire (QoL Compilation)","Reliquary","Replay The Spire","StSLib","The Animator","The Cursed","The Marked"],"gold_per_floor":[143,143,143,158,234,262,262,288,288,288,41,68,84,102,102,199,199,212,212,127,142,142,142,169,169,169,169,19,29,29,56,56,161,161,175,194,211,129,129,129,161,161,216,244,262,282,301,314,314,314,314],"floor_reached":50,"language":"ENG","playtime":4592,"items_purged":["theDuelist:ClearKuriboh"],"score":889,"play_id":"cbbb4ea2-f00e-4884-a9c8-bf4381198632","local_time":"20210222164719","is_ascension_mode":true,"campfire_choices":[{"floor":10.0,"key":"RECALL"},{"data":"theDuelist:HammerShot","floor":15.0,"key":"SMITH"},{"data":"theDuelist:MultiplicationOfAnts","floor":23,"key":"SMITH"},{"floor":25,"key":"REST"},{"floor":32,"key":"REST"},{"data":"theDuelist:HammerShot","floor":40,"key":"SMITH"},{"data":"theDuelist:Fissure","floor":42,"key":"SMITH"},{"data":"theDuelist:Relinkuriboh","floor":42,"key":"SMITH"},{"floor":49,"key":"REST"}],"circlet_count":0,"master_deck":["theDuelist:LostBlueBreaker+1","theDuelist:Relinkuriboh+1","theDuelist:RainbowKuriboh+1","theDuelist:HammerShot+1","theDuelist:WingedKuriboh","theDuelist:Fissure+1","theDuelist:FlameTiger","theDuelist:Sparks","theDuelist:WingedKuribohLv9","theDuelist:DarkSimorgh","theDuelist:FluteKuriboh","theDuelist:WingedKuribohLv9","theDuelist:JunkKuriboh","theDuelist:FluteKuriboh","theDuelist:DarkSpider","Bandage Up","theDuelist:FluteKuriboh","theDuelist:JunkKuriboh","theDuelist:JunkKuriboh+1","theDuelist:WingedKuriboh","theDuelist:WingedKuribohLv10","theDuelist:SilverApples","theDuelist:SphereKuriboh+1","theDuelist:HammerShot+1","theDuelist:Kuribohrn+1","Apotheosis+1","theDuelist:MultiplicationOfAnts+1","theDuelist:PotGenerosity","theDuelist:PotGenerosity","theDuelist:LostBlueBreaker","theDuelist:HammerShot+1","PanicButton+1","theDuelist:VampireCurse","theDuelist:RainbowKuriboh+1","theDuelist:HammerShot+1","theDuelist:LostBlueBreaker","theDuelist:JunkKuriboh+1","theDuelist:DarklordSuperbia","theDuelist:AmuletAmbition+1"],"relics":["theDuelist:MillenniumPuzzle","theDuelist:CardPoolRelic","theDuelist:CardPoolBasicRelic","theDuelist:BoosterPackPoolRelic","theDuelist:CardPoolAddRelic","theDuelist:CardPoolMinusRelic","theDuelist:CardPoolSaveRelic","theDuelist:CardPoolOptionsRelic","theDuelist:SpellMaxHPRelic","Blue Doll","Replay:Accelerometer","ReplayFunnel","reliquary:PurpleTingedLeaf","Toxic Egg 2","Vajra","Ring of Fury","ReplayTheSpireMod:TigerMarble","reliquary:IridiumChain","Honey Jar","theDuelist:MillenniumNecklace","Replay:Arrowhead","Red Skull","Mirror"],"acts_visited":["Exordium","TheCity","TheBeyond"],"potions_floor_usage":[24,33,44,44,45,50,50,50],"damage_taken":[{"damage":5.0,"enemies":"2 Louse","floor":1.0,"turns":3.0},{"damage":9.0,"enemies":"Small Slimes","floor":4.0,"turns":3.0},{"damage":7.0,"enemies":"Lagavulin","floor":6.0,"turns":6.0},{"damage":7.0,"enemies":"Gremlin Nob","floor":8.0,"turns":4.0},{"damage":0.0,"enemies":"Lagavulin","floor":12.0,"turns":6.0},{"damage":7.0,"enemies":"Jaw Worm","floor":13.0,"turns":4.0},{"damage":5.0,"enemies":"2 Fungi Beasts","floor":14.0,"turns":3.0},{"damage":0.0,"enemies":"Slime Boss","floor":16.0,"turns":7.0},{"damage":0.0,"enemies":"Spheric Guardian","floor":18.0,"turns":3.0},{"damage":22,"enemies":"2 Thieves","floor":21,"turns":3},{"damage":51,"enemies":"Book of Stabbing","floor":24,"turns":5},{"damage":12,"enemies":"Cultist and Chosen","floor":29,"turns":3},{"damage":0,"enemies":"Slavers","floor":31,"turns":1},{"damage":3,"enemies":"Automaton","floor":33,"turns":5},{"damage":0,"enemies":"3 Darklings","floor":35,"turns":1},{"damage":6,"enemies":"3 Shapes","floor":36,"turns":2},{"damage":5,"enemies":"Jaw Worm Horde","floor":37,"turns":3},{"damage":18,"enemies":"R_Hoarder","floor":41,"turns":4},{"damage":0,"enemies":"Reptomancer","floor":44,"turns":2},{"damage":58,"enemies":"Transient","floor":45,"turns":5},{"damage":0,"enemies":"Spire Growth","floor":46,"turns":3},{"damage":8,"enemies":"Jaw Worm Horde","floor":47,"turns":2},{"damage":0,"enemies":"3 Darklings","floor":48,"turns":1},{"damage":42,"enemies":"Awakened One","floor":50,"turns":3}],"seed_played":"-953790069907613184","potions_obtained":[{"floor":8.0,"key":"Explosive Potion"},{"floor":12.0,"key":"Block Potion"},{"floor":14.0,"key":"Elixir"},{"floor":16.0,"key":"FearPotion"},{"floor":24,"key":"theDuelist:DestructPotionPotB"},{"floor":33,"key":"theDuelist:SealedPackD"},{"floor":36,"key":"BlessingOfTheForge"},{"floor":37,"key":"Elixir"},{"floor":41,"key":"theDuelist:ReducerPotion"},{"floor":41,"key":"SkillPotion"},{"floor":44,"key":"theDuelist:WaterBottle"},{"floor":45,"key":"theDuelist:BurningPotion"},{"floor":46,"key":"Explosive Potion"},{"floor":47,"key":"CunningPotion"},{"floor":48,"key":"theDuelist:BigTributeBottle"},{"floor":48,"key":"theDuelist:LavaBottle"}],"is_trial":false,"path_per_floor":["M","?","?","M","T","E","?","E","T","R","$","E","M","M","R","B",null,"M","?","?","M","?","R","E","R","T","?","$","M","$","E","R","B",null,"M","M","M","$","?","R","E","R","T","E","M","M","M","M","R","B"],"character_chosen":"THE_DUELIST","items_purchased":["theDuelist:WingedKuribohLv9","Apotheosis+1","Bandage Up","theDuelist:RainbowKuriboh+1","PanicButton+1"],"campfire_rested":3,"item_purchase_floors":[11,11,11,28,38],"current_hp_per_floor":[75,75,80,71,71,65,65,58,58,58,58,62,59,61,61,65,87,87,87,87,65,65,65,20,46,46,46,46,38,38,39,65,69,89,90,84,84,84,84,84,66,66,66,67,14,14,6,11,38,0,0],"gold":314,"neow_bonus":"TRANSFORM_CARD","is_daily":false,"chose_seed":false,"campfire_upgraded":5,"win_rate":0.0,"timestamp":1614030439,"path_taken":["M","?","?","M","?","E","?","E","T","R","?","E","M","?","R","BOSS","M","?","?","M","?","R","E","R","T","?","$","M","$","E","R","BOSS","M","M","M","$","?","R","E","R","T","E","M","?","?","M","R","BOSS"],"items_purchased_type":["Card","Card","Card","Card","Card"],"build_version":"2020-12-22","purchased_purges":1,"victory":false,"max_hp_per_floor":[80,80,85,85,85,86,86,86,86,86,86,86,86,87,87,87,87,87,87,87,87,87,87,87,87,87,87,87,87,87,88,88,89,89,90,90,91,91,91,91,91,91,91,92,92,92,92,93,93,93,93],"card_choices":[{"not_picked":["theDuelist:LightningVortex","theDuelist:FluteKuriboh","theDuelist:StrayLambs","theDuelist:Fissure"],"picked":"theDuelist:HammerShot","floor":1.0},{"not_picked":["theDuelist:CrossSwordBeetle","theDuelist:Relinkuriboh","theDuelist:UndergroundArachnid","theDuelist:HammerShot"],"picked":"theDuelist:DarkSimorgh","floor":4.0},{"not_picked":["theDuelist:CrossSwordBeetle","theDuelist:DarkFusion","theDuelist:Spore","theDuelist:Relinkuriboh"],"picked":"theDuelist:FluteKuriboh","floor":6.0},{"not_picked":["theDuelist:CrossSwordBeetle","theDuelist:DarkFusion","theDuelist:Relinkuriboh","theDuelist:ClearKuriboh"],"picked":"theDuelist:JunkKuriboh","floor":8.0},{"not_picked":["theDuelist:InariFire+1","theDuelist:GoblinSecret+1","theDuelist:UltimateOffering+1","theDuelist:WhiteHowling+1"],"picked":"theDuelist:SphereKuriboh+1","floor":12.0},{"not_picked":["theDuelist:CrossSwordBeetle","theDuelist:GeminiElf","theDuelist:DarkFusion","theDuelist:Relinkuriboh"],"picked":"theDuelist:JunkKuriboh","floor":13.0},{"not_picked":["theDuelist:AmuletAmbition","theDuelist:SmashingGround","theDuelist:Scapegoat","theDuelist:PotGenerosity"],"picked":"theDuelist:MultiplicationOfAnts","floor":14.0},{"not_picked":["theDuelist:SwordsBurning","theDuelist:AmuletAmbition","theDuelist:SmashingGround","theDuelist:PotGenerosity"],"picked":"theDuelist:WingedKuribohLv10","floor":16.0},{"not_picked":["theDuelist:ClearKuriboh","theDuelist:WingedKuriboh","theDuelist:PotAvarice","theDuelist:MultiplicationOfAnts"],"picked":"theDuelist:FlameTiger","floor":18},{"not_picked":["theDuelist:Fissure","theDuelist:GemKnightAmethyst+1"],"picked":"theDuelist:LostBlueBreaker+1","floor":21},{"not_picked":["theDuelist:Relinkuriboh","theDuelist:Spore+1","theDuelist:DarkFusion+1","theDuelist:GeminiElf+1"],"picked":"theDuelist:JunkKuriboh+1","floor":24},{"not_picked":["theDuelist:LostBlueBreaker","theDuelist:DarklordSuperbia","theDuelist:DarkSpider+1","theDuelist:WingedKuribohLv10+1"],"picked":"theDuelist:Kuribohrn+1","floor":29},{"not_picked":["theDuelist:CastleWalls+1","theDuelist:FluteKuriboh+1","theDuelist:MultiplicationOfAnts+1","theDuelist:SilverApples+1"],"picked":"theDuelist:HammerShot","floor":31},{"not_picked":["theDuelist:SmashingGround","theDuelist:WingedKuribohLv10+1","theDuelist:BeastFangs+1","theDuelist:MultiplicationOfAnts+1"],"picked":"theDuelist:PotGenerosity","floor":33},{"not_picked":["theDuelist:WingedKuribohLv9+1","theDuelist:DarkSpider+1","theDuelist:WingedKuribohLv10+1","theDuelist:SilverApples+1"],"picked":"theDuelist:PotGenerosity","floor":35},{"not_picked":["theDuelist:Scapegoat+1","theDuelist:SmashingGround","theDuelist:SwordsBurning","theDuelist:MultiplicationOfAnts+1"],"picked":"theDuelist:LostBlueBreaker","floor":36},{"not_picked":["theDuelist:WingedKuriboh","theDuelist:LegendaryFlameLord"],"picked":"theDuelist:HammerShot+1","floor":37},{"not_picked":["theDuelist:Relinkuriboh","theDuelist:CrossSwordBeetle","theDuelist:JunkKuriboh+1","theDuelist:FluteKuriboh+1"],"picked":"theDuelist:RainbowKuriboh+1","floor":41},{"not_picked":["theDuelist:Sparks","theDuelist:MultiplicationOfAnts+1","theDuelist:SilverApples+1","theDuelist:PotGenerosity+1"],"picked":"theDuelist:HammerShot+1","floor":44},{"not_picked":["theDuelist:ClearKuriboh+1","theDuelist:DarkSimorgh+1"],"picked":"theDuelist:LostBlueBreaker","floor":45},{"not_picked":["theDuelist:DarkSpider+1","theDuelist:WingedKuribohLv9+1","theDuelist:SphereKuriboh","theDuelist:LostBlueBreaker"],"picked":"theDuelist:JunkKuriboh+1","floor":46},{"not_picked":["theDuelist:UndergroundArachnid","theDuelist:Spore+1","theDuelist:GeminiElf+1","theDuelist:ArsenalBug+1"],"picked":"theDuelist:DarklordSuperbia","floor":47},{"not_picked":["theDuelist:Scapegoat+1","theDuelist:SmashingGround","theDuelist:SwordsBurning+1","theDuelist:MultiplicationOfAnts+1"],"picked":"theDuelist:AmuletAmbition+1","floor":48}],"player_experience":68058,"relics_obtained":[{"floor":6.0,"key":"theDuelist:SpellMaxHPRelic"},{"floor":8.0,"key":"Blue Doll"},{"floor":9.0,"key":"Replay:Accelerometer"},{"floor":12.0,"key":"ReplayFunnel"},{"floor":24,"key":"Toxic Egg 2"},{"floor":26,"key":"Vajra"},{"floor":27,"key":"Ring of Fury"},{"floor":31,"key":"ReplayTheSpireMod:TigerMarble"},{"floor":41,"key":"Replay:Arrowhead"},{"floor":43,"key":"Red Skull"},{"floor":44,"key":"Mirror"}],"event_choices":[{"damage_healed":0.0,"max_hp_gain":0.0,"max_hp_loss":0.0,"gold_gain":0.0,"event_name":"Relic Duplicator","player_choice":"Leave","duelist":true,"floor":2.0,"gold_loss":0.0,"damage_taken":0.0},{"damage_healed":0.0,"max_hp_gain":5.0,"max_hp_loss":0.0,"gold_gain":0.0,"event_name":"Big Fish","player_choice":"Donut","floor":3.0,"gold_loss":0.0,"damage_taken":0.0},{"damage_healed":0.0,"max_hp_gain":0.0,"max_hp_loss":0.0,"gold_gain":0.0,"event_name":"Egyptian Village","player_choice":"Leave","duelist":true,"floor":7.0,"gold_loss":0.0,"damage_taken":0.0},{"damage_healed":0,"gold_gain":0,"cards_transformed":["theDuelist:CastleWalls","theDuelist:CastleWalls"],"player_choice":"Became Test Subject","damage_taken":0,"max_hp_gain":0,"max_hp_loss":0,"event_name":"Drug Dealer","floor":19,"gold_loss":0,"cards_obtained":["theDuelist:SilverApples","theDuelist:ClearKuriboh"]},{"damage_healed":0,"gold_gain":0,"player_choice":"Obtained Relic","damage_taken":0,"relics_obtained":["reliquary:PurpleTingedLeaf"],"max_hp_gain":0,"max_hp_loss":0,"event_name":"Addict","floor":20,"gold_loss":85},{"damage_healed":0,"gold_gain":0,"player_choice":"Leave","duelist":true,"damage_taken":0,"max_hp_gain":0,"max_hp_loss":0,"event_name":"Card Trader","floor":22,"gold_loss":0},{"damage_healed":0,"gold_gain":0,"player_choice":"Took item - Received: Millennium Necklace","duelist":true,"damage_taken":0,"max_hp_gain":0,"max_hp_loss":0,"event_name":"Millennium Items","floor":39,"gold_loss":0}],"is_beta":false,"boss_relics":[{"not_picked":["Replay:Wanted Poster","reliquary:KinkedSpring","Cursed Key"]},{"not_picked":["Velvet Choker","Ring of Chaos"],"picked":"Honey Jar"}],"items_purged_floors":[28],"is_endless":false,"potions_floor_spawned":[8,12,14,16,21,24,29,33,36,37,41,48],"killed_by":"Awakened One","ascension_level":3}}