{"host":"928gv66myv2vlnsd","time":1614010841,"event":{"mods":["BaseMod","Highlight Path","Minty Spire (QoL Compilation)","Relic Stats","StSLib"],"gold_per_floor":[115,265,265,265,275,309,309,344,344,149,160,176,190,207,207,207,207],"floor_reached":16,"language":"ENG","playtime":512,"items_purged":["Doubt"],"score":274,"play_id":"2ae41b07-a838-4a83-b549-35e4ed505168","local_time":"20210222112041","is_ascension_mode":true,"campfire_choices":[{"data":"Hemokinesis","floor":7,"key":"SMITH"},{"floor":15,"key":"REST"}],"circlet_count":0,"master_deck":["AscendersBane","Strike_R","Strike_R","Strike_R","Strike_R","Strike_R","Defend_R+1","Defend_R+1","Defend_R","Defend_R","Bash","Sword Boomerang","Hemokinesis+1","Pommel Strike","Power Through","Inflame","Pummel","Flame Barrier","Battle Trance"],"relics":["Burning Blood","NeowsBlessing","CaptainsWheel","Shovel"],"acts_visited":["Exordium"],"potions_floor_usage":[],"damage_taken":[{"damage":0,"enemies":"Jaw Worm","floor":1,"turns":1},{"damage":0,"enemies":"2 Louse","floor":5,"turns":1},{"damage":0,"enemies":"Lagavulin","floor":6,"turns":1},{"damage":61,"enemies":"3 Sentries","floor":8,"turns":13},{"damage":2,"enemies":"Small Slimes","floor":11,"turns":3},{"damage":7,"enemies":"Red Slaver","floor":12,"turns":3},{"damage":0,"enemies":"Looter","floor":13,"turns":3},{"damage":8,"enemies":"Blue Slaver","floor":14,"turns":3},{"damage":41,"enemies":"Hexaghost","floor":16,"turns":9}],"seed_played":"4336102580467099956","potions_obtained":[{"floor":4,"key":"GamblersBrew"},{"floor":4,"key":"Ancient Potion"},{"floor":6,"key":"Fruit Juice"}],"is_trial":false,"path_per_floor":["M","?","?","?","M","E","R","E","T","$","M","M","M","M","R","B"],"character_chosen":"IRONCLAD","items_purchased":["Power Through","Inflame"],"campfire_rested":1,"item_purchase_floors":[10,10],"current_hp_per_floor":[74,74,51,51,57,63,63,8,8,8,12,11,17,15,37,0,0],"gold":207,"neow_bonus":"THREE_ENEMY_KILL","is_daily":false,"chose_seed":false,"campfire_upgraded":1,"win_rate":0.0,"timestamp":1614010841,"path_taken":["M","?","?","?","M","E","R","E","T","$","M","M","M","?","R","BOSS"],"items_purchased_type":["Card","Card"],"build_version":"2020-12-22","purchased_purges":1,"victory":false,"max_hp_per_floor":[75,75,75,75,75,75,75,75,75,75,75,75,75,75,75,75,75],"relic_stats":{"Shovel":0,"counters":[9,37],"obtain_stats":[{"CaptainsWheel":6,"Shovel":9,"NeowsBlessing":0,"Burning Blood":0},{"CaptainsWheel":3,"Shovel":4,"NeowsBlessing":0,"Burning Blood":0},{"CaptainsWheel":3,"Shovel":16,"NeowsBlessing":0,"Burning Blood":0}],"Burning Blood":48},"card_choices":[{"not_picked":["Flex","Wild Strike"],"picked":"Sword Boomerang","floor":1},{"not_picked":["Twin Strike","Sword Boomerang","Heavy Blade"],"picked":"SKIP","floor":5},{"not_picked":["Exhume","Warcry"],"picked":"Hemokinesis","floor":6},{"not_picked":["Sentinel","Battle Trance"],"picked":"Pommel Strike","floor":8},{"not_picked":["Iron Wave","Perfected Strike"],"picked":"Pummel","floor":11},{"not_picked":["Metallicize","Havoc","Power Through"],"picked":"SKIP","floor":12},{"not_picked":["Carnage","Rupture"],"picked":"Flame Barrier","floor":13},{"not_picked":["Armaments","Clothesline"],"picked":"Battle Trance","floor":14}],"player_experience":1476829,"relics_obtained":[{"floor":6,"key":"CaptainsWheel"},{"floor":9,"key":"Shovel"}],"event_choices":[{"damage_healed":0,"gold_gain":150,"player_choice":"AGREE","damage_taken":0,"max_hp_gain":0,"max_hp_loss":0,"event_name":"Liars Game","floor":2,"gold_loss":0,"cards_obtained":["Doubt"]},{"damage_healed":0,"gold_gain":0,"player_choice":"Entered Light","damage_taken":23,"max_hp_gain":0,"max_hp_loss":0,"event_name":"Shining Light","floor":3,"gold_loss":0,"cards_upgraded":["Defend_R","Defend_R"]},{"damage_healed":0,"gold_gain":0,"player_choice":"Got Potions","damage_taken":0,"max_hp_gain":0,"max_hp_loss":0,"event_name":"Lab","floor":4,"gold_loss":0}],"is_beta":false,"boss_relics":[],"items_purged_floors":[10],"is_endless":false,"potions_floor_spawned":[6,8,11,12],"killed_by":"Hexaghost","ascension_level":20}}