{"host":"5ezk7t18wcb10u1o","time":1614006980,"event":{"mods":["BaseMod","Bestiary","Colored Powertips","Minty Spire (QoL Compilation)","Relic Sorter"],"gold_per_floor":[13,13,13,33,183,183,208,208,208,96,96,96,96],"floor_reached":12,"language":"ENG","playtime":361,"items_purged":["Doubt"],"score":132,"play_id":"53aec892-66c4-4b8b-a83c-4b98c9cbee22","local_time":"20210222151620","is_ascension_mode":true,"campfire_choices":[{"floor":6,"key":"REST"},{"data":"Apotheosis","floor":8,"key":"SMITH"},{"data":"Self Repair","floor":11,"key":"SMITH"}],"circlet_count":0,"master_deck":["AscendersBane","Strike_B","Strike_B","Strike_B","Strike_B","Defend_B","Defend_B","Defend_B","Defend_B","Zap","Dualcast","Apotheosis+1","Chill","Steam","Steam","Self Repair+1"],"relics":["Cracked Core","Golden Idol","Singing Bowl"],"acts_visited":["Exordium"],"potions_floor_usage":[12],"damage_taken":[{"damage":6,"enemies":"2 Louse","floor":1,"turns":4},{"damage":0,"enemies":"Small Slimes","floor":4,"turns":4},{"damage":0,"enemies":"Cultist","floor":7,"turns":3},{"damage":82,"enemies":"Gremlin Nob","floor":12,"turns":4}],"seed_played":"-7576138450474334667","potions_obtained":[{"floor":1,"key":"FocusPotion"},{"floor":7,"key":"FocusPotion"}],"is_trial":false,"path_per_floor":["M","?","?","M","?","R","M","R","T","$","R","E"],"character_chosen":"DEFECT","items_purchased":["Self Repair"],"campfire_rested":1,"item_purchase_floors":[10],"current_hp_per_floor":[58,58,51,51,51,71,71,71,71,71,71,0,0],"gold":96,"neow_bonus":"RANDOM_COLORLESS_2","is_daily":false,"chose_seed":false,"campfire_upgraded":2,"win_rate":0.0,"timestamp":1614006980,"path_taken":["M","?","?","M","?","R","M","R","T","$","R","E"],"items_purchased_type":["Card"],"build_version":"2020-12-22","purchased_purges":1,"victory":false,"max_hp_per_floor":[71,71,71,71,71,71,71,71,71,71,71,71,71],"card_choices":[{"not_picked":["HandOfGreed","Thinking Ahead"],"picked":"Apotheosis","floor":0},{"not_picked":["Gash","Beam Cell"],"picked":"Chill","floor":1},{"not_picked":["Redo","Rebound"],"picked":"Steam","floor":4},{"not_picked":["Cold Snap","Gash"],"picked":"Steam","floor":7}],"player_experience":1247397,"relics_obtained":[{"floor":9,"key":"Singing Bowl"}],"event_choices":[{"damage_healed":0,"gold_gain":0,"player_choice":"Take Wound","damage_taken":0,"relics_obtained":["Golden Idol"],"max_hp_gain":0,"max_hp_loss":0,"event_name":"Golden Idol","floor":2,"gold_loss":0,"cards_obtained":["Injury"]},{"cards_removed":["Injury"],"damage_healed":0,"gold_gain":0,"player_choice":"Card Removal","damage_taken":7,"max_hp_gain":0,"max_hp_loss":0,"event_name":"Golden Wing","floor":3,"gold_loss":0},{"damage_healed":0,"gold_gain":150,"player_choice":"AGREE","damage_taken":0,"max_hp_gain":0,"max_hp_loss":0,"event_name":"Liars Game","floor":5,"gold_loss":0,"cards_obtained":["Doubt"]}],"is_beta":false,"boss_relics":[],"items_purged_floors":[10],"is_endless":false,"potions_floor_spawned":[1,7],"killed_by":"Gremlin Nob","ascension_level":20}}