{"host":"yq9izw6r1wt570l5","time":1614030759,"event":{"mods":["AchievementEnabler","BaseMod","BetterRewards","Colored Powertips","Downfall","Hermit","Infinite Spire","Jorbs\u0027s Wanderer Trilogy","Minty Spire (QoL Compilation)","Replay The Spire","StSLib","The Bladedancer","The Cursed","The Runesmith"],"gold_per_floor":[118,137,137,157,177,204,222,248,248,260,323,348,348,363,363,466,466,478,492,255,267,298,325,335,354,354,389,389,34,50,61,61,157,157,170,190,190,202,202,236,252,278,278,288,313,313,363,379,379,379,379,379,38,71,71],"floor_reached":56,"language":"ENG","playtime":5686,"items_purged":["blademaster:Strike"],"score":1730,"play_id":"87e11b38-d61d-41e7-81ef-43a17755f38f","local_time":"20210222185239","is_ascension_mode":false,"campfire_choices":[{"data":"blademaster:Empower","floor":15.0,"key":"SMITH"},{"floor":32.0,"key":"RECALL"},{"data":"blademaster:ColdBlood","floor":46,"key":"SMITH"},{"data":"blademaster:AspectOfWind","floor":49,"key":"SMITH"},{"data":"blademaster:EnchantedCuirass","floor":52,"key":"SMITH"}],"circlet_count":0,"master_deck":["blademaster:Strike","blademaster:Strike","blademaster:Strike","blademaster:Defend","blademaster:Defend","blademaster:Defend","blademaster:Defend","blademaster:RagingBlow","blademaster:HighVoltage","blademaster:Cut","blademaster:HighVoltage","blademaster:AspectOfLightning","blademaster:ThunderingOpener","blademaster:CombatPrep","blademaster:Quickness+1","blademaster:Cut","blademaster:Stability","blademaster:SharpBlades","blademaster:Flurry","blademaster:WindSlash","blademaster:Bloodbath","blademaster:Empower+1","blademaster:RagingBlow","blademaster:SharpBlades","blademaster:AspectOfWind+1","blademaster:Cut","blademaster:Rupture","blademaster:Rupture","blademaster:CombatPrep+1","blademaster:Stability+1","blademaster:CullingStrike+1","blademaster:Flurry","blademaster:BladeMastery+1","blademaster:FuriousStrike","blademaster:ColdBlood+1","blademaster:CombatPrep","blademaster:EnchantedCuirass+1","blademaster:DragonStrike","blademaster:Sunder","blademaster:LeechingStrike+1","blademaster:ThunderSlash+1","blademaster:Sharpen","blademaster:Sharpen","blademaster:EyeOfTheStorm","blademaster:LeechingStrike+1","blademaster:Sunder+1","blademaster:AwakeningStrike+1","blademaster:BladeMastery","blademaster:Sharpen+1","blademaster:Cut+1","blademaster:Reversal+1","blademaster:Reversal","blademaster:Reversal+1"],"relics":["blademaster:DancersAmulet","Replay:Ringing Soul","Blue Doll","Potion Belt","Meat on the Bone","Toy Ornithopter","Philosopher\u0027s Stone","Replay:Baseball","Red Mask","infinitespire:CheckeredPen","Ornamental Fan","Happy Flower","ReplayTheSpireMod:Lightbulb","Honey Jar","Prayer Wheel","SacredBark","Garlic","infinitespire:Satchel","ReplayTheSpireMod:Ninjato","ReplayFunnel","Shovel","Runesmith:Nanobots","Eternal Feather"],"acts_visited":["Exordium","TheCity","TheBeyond","TheEnding"],"potions_floor_usage":[45,48,55,55],"damage_taken":[{"damage":0.0,"enemies":"2 Louse","floor":1.0,"turns":4.0},{"damage":0.0,"enemies":"Small Slimes","floor":2.0,"turns":5.0},{"damage":3.0,"enemies":"Jaw Worm","floor":4.0,"turns":3.0},{"damage":7.0,"enemies":"2 Fungi Beasts","floor":5.0,"turns":3.0},{"damage":13.0,"enemies":"Lagavulin","floor":6.0,"turns":8.0},{"damage":11.0,"enemies":"Large Slime","floor":7.0,"turns":4.0},{"damage":15.0,"enemies":"Gremlin Nob","floor":8.0,"turns":3.0},{"damage":1.0,"enemies":"Exordium Wildlife","floor":10.0,"turns":3.0},{"damage":4.0,"enemies":"3 Sentries","floor":12.0,"turns":6.0},{"damage":12.0,"enemies":"Lots of Slimes","floor":14.0,"turns":3.0},{"damage":0.0,"enemies":"Fading Forest","floor":16.0,"turns":11.0},{"damage":5.0,"enemies":"Shell Parasite","floor":18.0,"turns":3.0},{"damage":29.0,"enemies":"2 Thieves","floor":19.0,"turns":4.0},{"damage":15.0,"enemies":"3 Cultists","floor":21.0,"turns":4.0},{"damage":1.0,"enemies":"Masked Bandits","floor":22.0,"turns":3.0},{"damage":0.0,"enemies":"Gremlin Leader","floor":23.0,"turns":2.0},{"damage":0.0,"enemies":"Cultist and Chosen","floor":24.0,"turns":4.0},{"damage":8.0,"enemies":"Chosen and Byrds","floor":25.0,"turns":3.0},{"damage":18.0,"enemies":"Slavers","floor":27.0,"turns":3.0},{"damage":0.0,"enemies":"3 Cultists","floor":30.0,"turns":3.0},{"damage":1.0,"enemies":"Centurion and Healer","floor":31.0,"turns":3.0},{"damage":14.0,"enemies":"Collector","floor":33.0,"turns":4.0},{"damage":9.0,"enemies":"3 Darklings","floor":35.0,"turns":3.0},{"damage":8.0,"enemies":"Orb Walker","floor":36.0,"turns":2.0},{"damage":0.0,"enemies":"4 Shapes","floor":38.0,"turns":3.0},{"damage":15.0,"enemies":"Reptomancer","floor":40.0,"turns":3.0},{"damage":0.0,"enemies":"Maw","floor":41.0,"turns":3.0},{"damage":53.0,"enemies":"Nemesis","floor":42.0,"turns":4.0},{"damage":3.0,"enemies":"Spire Growth","floor":44.0,"turns":3.0},{"damage":0,"enemies":"Reptomancer","floor":45,"turns":3},{"damage":2,"enemies":"Mind Bloom Boss Battle","floor":47,"turns":3},{"damage":6,"enemies":"3 Darklings","floor":48,"turns":4},{"damage":46,"enemies":"infinitespire:MassOfShapes","floor":50,"turns":5},{"damage":59,"enemies":"Shield and Spear","floor":54,"turns":4},{"damage":18,"enemies":"The Heart","floor":55,"turns":7}],"seed_played":"-5314081460494900876","potions_obtained":[{"floor":1.0,"key":"ColorlessPotion"},{"floor":2.0,"key":"Dexterity Potion"},{"floor":4.0,"key":"Energy Potion"},{"floor":8.0,"key":"Block Potion"},{"floor":16.0,"key":"Guardian:BlockOnCardUsePotion"},{"floor":19.0,"key":"SpeedPotion"},{"floor":23.0,"key":"Explosive Potion"},{"floor":27.0,"key":"LiquidMemories"},{"floor":31.0,"key":"Fire Potion"},{"floor":36.0,"key":"ColorlessPotion"},{"floor":42.0,"key":"CultistPotion"},{"floor":44.0,"key":"Milkshake"},{"floor":47,"key":"FairyPotion"},{"floor":48,"key":"Fruit Juice"}],"is_trial":false,"path_per_floor":["M","M","?","M","M","E","M","E","T","M","?","E","?","M","R","B",null,"M","M","$","M","?","E","M","M","T","E","?","$","M","M","R","B",null,"M","M","AVR","M","?","E","M","E","T","M","E","R","?","M","R","B",null,"R","$","E","B",null],"character_chosen":"THE_BLADEMASTER","items_purchased":["blademaster:Cut","blademaster:HighVoltage","blademaster:AspectOfLightning","blademaster:ThunderingOpener","Replay:Baseball","blademaster:Cut","blademaster:Rupture","Happy Flower","ReplayTheSpireMod:Lightbulb","blademaster:Reversal","Runesmith:Nanobots"],"campfire_rested":0,"item_purchase_floors":[0,0,0,0,20,20,20,29,29,53,53],"current_hp_per_floor":[64,64,64,61,54,44,36,24,24,29,32,49,42,48,48,67,93,96,76,79,78,86,95,104,105,105,101,101,101,110,123,123,121,129,129,130,130,138,138,132,141,97,97,114,128,128,135,153,153,115,169,169,172,127,125],"gold":71,"neow_bonus":"","is_daily":false,"chose_seed":false,"campfire_upgraded":4,"win_rate":0.0,"timestamp":1614030759,"path_taken":["M","M","?","M","M","E","M","E","T","M","?","E","?","?","R","BOSS","M","M","$","M","?","E","M","M","T","E","?","?","?","M","R","BOSS","M","?","AVR","M","?","E","M","E","T","M","E","R","?","?","R","BOSS","R","$","E","BOSS"],"items_purchased_type":["Card","Card","Card","Card","Relic","Card","Card","Relic","Relic","Card","Relic"],"build_version":"2020-12-22","purchased_purges":1,"victory":true,"max_hp_per_floor":[75,75,75,75,75,78,81,84,84,84,87,90,90,90,90,93,93,96,99,102,105,108,111,114,117,117,120,120,120,123,126,126,129,129,132,135,135,138,138,141,144,147,147,150,153,153,156,169,169,169,169,169,172,175,175],"card_choices":[{"not_picked":["blademaster:Thrust","blademaster:Quickstep"],"picked":"blademaster:Quickness","floor":1.0},{"not_picked":["blademaster:Gust","blademaster:ChargingUp"],"picked":"blademaster:Cut","floor":2.0},{"not_picked":["blademaster:LeechingStrike","blademaster:Slice"],"picked":"blademaster:Stability","floor":4.0},{"not_picked":["blademaster:CloudOfSteel","blademaster:SharpBlades","blademaster:Slice"],"picked":"SKIP","floor":5.0},{"not_picked":["blademaster:CloudOfSteel","blademaster:Slice"],"picked":"blademaster:SharpBlades","floor":5.0},{"not_picked":["blademaster:Stability","blademaster:Quickstep"],"picked":"blademaster:Flurry","floor":6.0},{"not_picked":["blademaster:ParryingStrike","blademaster:Sunder"],"picked":"blademaster:WindSlash","floor":7.0},{"not_picked":["blademaster:Thrust","blademaster:Cut"],"picked":"blademaster:RollingTyphoon","floor":8.0},{"not_picked":["blademaster:Breeze","blademaster:Thrust","blademaster:TraverseCut"],"picked":"SKIP","floor":10.0},{"not_picked":["blademaster:DaggerAndCloak","blademaster:ParryingStrike"],"picked":"blademaster:Bloodbath","floor":11.0},{"not_picked":["blademaster:ThunderSlash","blademaster:Cut"],"picked":"blademaster:Empower","floor":12.0},{"not_picked":["blademaster:DancingEdge","blademaster:AwakeningStrike","blademaster:Thrust"],"picked":"SKIP","floor":14.0},{"not_picked":["blademaster:CloudOfSteel","blademaster:HighVoltage"],"picked":"blademaster:RagingBlow","floor":16.0},{"not_picked":["blademaster:Quickness","blademaster:LeechingStrike"],"picked":"blademaster:SharpBlades","floor":18.0},{"not_picked":["blademaster:Stormstrike","blademaster:ThunderSlash"],"picked":"blademaster:AspectOfWind","floor":19.0},{"not_picked":["blademaster:LeechingStrike","blademaster:BloodyBlow"],"picked":"blademaster:CombatPrep+1","floor":21.0},{"not_picked":["blademaster:DragonStrike","blademaster:ThunderSlash+1"],"picked":"blademaster:Stability+1","floor":22.0},{"not_picked":["blademaster:BladeCross","blademaster:DaggerAndCloak+1"],"picked":"blademaster:CullingStrike+1","floor":23.0},{"not_picked":["blademaster:ThunderingOpener","blademaster:Quickstep"],"picked":"blademaster:Flurry","floor":24.0},{"not_picked":["blademaster:Safeguard","blademaster:AspectOfLightning"],"picked":"blademaster:BladeMastery+1","floor":25.0},{"not_picked":["blademaster:BladeCross","blademaster:ThunderSlash"],"picked":"blademaster:FuriousStrike","floor":27.0},{"not_picked":["blademaster:Frontflip+1","blademaster:Flurry"],"picked":"blademaster:ColdBlood","floor":30.0},{"not_picked":["blademaster:ThunderSlash+1","blademaster:DaggerAndCloak"],"picked":"blademaster:CombatPrep","floor":31.0},{"not_picked":["blademaster:RagingBlow","blademaster:LightningDraw"],"picked":"blademaster:EnchantedCuirass","floor":33.0},{"not_picked":["blademaster:Quickstep+1","blademaster:Flurry+1","blademaster:AwakeningStrike"],"picked":"blademaster:DragonStrike","floor":35.0},{"not_picked":["blademaster:ChargingUp","blademaster:AspectOfLightning+1","blademaster:Hailwind"],"picked":"blademaster:Sunder","floor":36.0},{"not_picked":["blademaster:DaggerAndCloak","blademaster:LightningCrash","blademaster:BloodyBlow"],"picked":"blademaster:LeechingStrike+1","floor":38.0},{"not_picked":["blademaster:Slice","blademaster:DragonStrike+1","blademaster:RagingBlow"],"picked":"blademaster:ThunderSlash+1","floor":38.0},{"not_picked":["blademaster:SharpBlades+1","blademaster:RagingBlow","blademaster:DeadlyDance"],"picked":"blademaster:Sharpen","floor":40.0},{"not_picked":["blademaster:BloodyBlow+1","blademaster:Quickstep+1","blademaster:Rupture+1"],"picked":"blademaster:Sharpen","floor":41.0},{"not_picked":["blademaster:StanceMastery","blademaster:DaggerAndCloak+1","blademaster:Frontflip"],"picked":"blademaster:EyeOfTheStorm","floor":41.0},{"not_picked":["blademaster:Safeguard+1","blademaster:ParryingStrike","blademaster:AwakeningDefend+1"],"picked":"blademaster:LeechingStrike+1","floor":42.0},{"not_picked":["blademaster:AirSlash","blademaster:SlyStabs","blademaster:AspectOfWind"],"picked":"blademaster:Sunder+1","floor":44.0},{"not_picked":["blademaster:DragonStrike","blademaster:Frontflip","blademaster:AirSlash"],"picked":"blademaster:AwakeningStrike+1","floor":44.0},{"not_picked":["blademaster:AspectOfLightning+1","blademaster:AspectOfWind+1","blademaster:AncestralHealing+1"],"picked":"blademaster:BladeMastery","floor":45},{"not_picked":["blademaster:Discharge","blademaster:ParryingStrike+1","blademaster:Slice"],"picked":"blademaster:Sharpen+1","floor":47},{"not_picked":["blademaster:ThreePointStrike","blademaster:FuriousStrike","blademaster:Thrust+1"],"picked":"blademaster:Cut+1","floor":48},{"not_picked":["blademaster:Stormstrike+1","blademaster:DaggerAndCloak+1","blademaster:Sunder+1"],"picked":"blademaster:Reversal+1","floor":48},{"not_picked":["blademaster:LightningDraw","blademaster:ParryingStrike","blademaster:EnchantedCuirass"],"picked":"blademaster:Reversal+1","floor":54}],"player_experience":70172,"relics_obtained":[{"floor":6.0,"key":"Replay:Ringing Soul"},{"floor":6.0,"key":"blademaster:FuryEveryTurnPerk"},{"floor":8.0,"key":"Blue Doll"},{"floor":8.0,"key":"blademaster:StanceHealPerk"},{"floor":9.0,"key":"Potion Belt"},{"floor":11.0,"key":"Meat on the Bone"},{"floor":12.0,"key":"Toy Ornithopter"},{"floor":12.0,"key":"blademaster:DextrousPerk"},{"floor":22.0,"key":"Red Mask"},{"floor":23.0,"key":"infinitespire:CheckeredPen"},{"floor":23.0,"key":"blademaster:StrongPerk"},{"floor":27.0,"key":"Ornamental Fan"},{"floor":27.0,"key":"blademaster:OnAttackedChargePerk"},{"floor":40.0,"key":"Garlic"},{"floor":40.0,"key":"blademaster:RandomBladePerk"},{"floor":42.0,"key":"infinitespire:Satchel"},{"floor":42.0,"key":"blademaster:LightningChargePerk"},{"floor":43.0,"key":"ReplayTheSpireMod:Ninjato"},{"floor":45,"key":"ReplayFunnel"},{"floor":45,"key":"blademaster:BleedingLaceratePerk"},{"floor":47,"key":"Shovel"},{"floor":47,"key":"blademaster:FinisherDrawCardPerk"},{"floor":54,"key":"Eternal Feather"},{"floor":54,"key":"blademaster:RandomStancePerk"}],"event_choices":[{"cards_removed":["ReplayTheSpireMod:Splinters"],"damage_healed":0.0,"max_hp_gain":0.0,"max_hp_loss":0.0,"gold_gain":0.0,"event_name":"Golden Wing","player_choice":"Card Removal","floor":13.0,"gold_loss":0.0,"damage_taken":7.0},{"damage_healed":0.0,"max_hp_gain":0.0,"max_hp_loss":0.0,"gold_gain":0.0,"event_name":"Masked Bandits","player_choice":"Fought Bandits","floor":22.0,"gold_loss":0.0,"damage_taken":0.0},{"damage_healed":0.0,"max_hp_gain":0.0,"max_hp_loss":0.0,"gold_gain":0.0,"event_name":"Ghosts","player_choice":"Ignored","floor":28.0,"gold_loss":0.0,"damage_taken":0.0},{"cards_removed":["blademaster:RollingTyphoon"],"damage_healed":0.0,"max_hp_gain":0.0,"max_hp_loss":0.0,"gold_gain":0.0,"event_name":"Falling","player_choice":"Removed Attack","floor":39.0,"gold_loss":0.0,"damage_taken":0.0},{"damage_healed":0,"gold_gain":0,"player_choice":"Fight","damage_taken":0,"max_hp_gain":0,"max_hp_loss":0,"event_name":"MindBloom","floor":47,"gold_loss":0}],"is_beta":false,"boss_relics":[{"not_picked":["Empty Cage","Coffee Dripper"],"picked":"Philosopher\u0027s Stone"},{"not_picked":["ReplayTheSpireMod:DimensionalGlitch","Runic Dome"],"picked":"Honey Jar"}],"items_purged_floors":[37],"is_endless":false,"potions_floor_spawned":[1,2,4,8,16,19,23,27,31,36,42,44,47,48],"ascension_level":0}}