{"host":"005oipbkxhicanek","time":1614005745,"event":{"mods":["AchievementEnabler","BaseMod","Colored Map","Colored Powertips","Minty Spire (QoL Compilation)"],"gold_per_floor":[116,116,133,58,133,158,158,170,170,170,196,206,235,159,159,159,159],"floor_reached":16,"language":"ENG","playtime":490,"items_purged":["Defend_R"],"score":136,"play_id":"9b1f1e0d-56bc-4f79-b49f-a58adb7b2c8e","local_time":"20210222155545","is_ascension_mode":true,"campfire_choices":[{"data":"Bash","floor":7,"key":"SMITH"},{"floor":10,"key":"REST"},{"floor":15,"key":"REST"}],"circlet_count":0,"master_deck":["Strike_R","Strike_R","Defend_R","Defend_R","Defend_R","Bash+1","Bludgeon+1","Barricade+1","Evolve","Flame Barrier","Shockwave"],"relics":["Astrolabe","Pear","Question Card","Dream Catcher","Akabeko","Lantern"],"acts_visited":["Exordium"],"potions_floor_usage":[16],"damage_taken":[{"damage":7,"enemies":"Jaw Worm","floor":1,"turns":2},{"damage":6,"enemies":"Cultist","floor":3,"turns":3},{"damage":20,"enemies":"Lagavulin","floor":6,"turns":6},{"damage":6,"enemies":"Small Slimes","floor":8,"turns":2},{"damage":16,"enemies":"Gremlin Nob","floor":11,"turns":3},{"damage":22,"enemies":"Exordium Thugs","floor":12,"turns":6},{"damage":20,"enemies":"Lagavulin","floor":13,"turns":3},{"damage":53,"enemies":"Hexaghost","floor":16,"turns":11}],"seed_played":"1644548145187428799","potions_obtained":[{"floor":6,"key":"AttackPotion"},{"floor":11,"key":"SmokeBomb"}],"is_trial":false,"path_per_floor":["M","?","M","$","?","E","R","M","T","R","E","M","E","$","R","B"],"character_chosen":"IRONCLAD","items_purchased":["Regen Potion"],"campfire_rested":2,"item_purchase_floors":[14],"current_hp_per_floor":[73,83,77,77,66,46,46,40,40,67,51,29,9,9,36,0,0],"gold":159,"neow_bonus":"BOSS_RELIC","is_daily":false,"chose_seed":false,"campfire_upgraded":1,"win_rate":0.0,"timestamp":1614005745,"path_taken":["M","?","?","$","?","E","R","M","T","R","E","M","E","?","R","BOSS"],"items_purchased_type":["Potion"],"build_version":"2020-12-22","purchased_purges":1,"victory":false,"max_hp_per_floor":[80,90,90,90,90,90,90,90,90,90,90,90,90,90,90,90,90],"card_choices":[{"not_picked":["Heavy Blade","Pommel Strike","Pummel"],"picked":"SKIP","floor":1},{"not_picked":["Sword Boomerang","Dual Wield","Thunderclap"],"picked":"SKIP","floor":3},{"not_picked":["Thunderclap","Demon Form","Body Slam"],"picked":"SKIP","floor":6},{"not_picked":["Cleave","Twin Strike","Flex","Wild Strike"],"picked":"SKIP","floor":8},{"not_picked":["Dual Wield","Cleave","Offering"],"picked":"Evolve","floor":10},{"not_picked":["Second Wind","Anger","Bloodletting"],"picked":"Flame Barrier","floor":11},{"not_picked":["Wild Strike","Iron Wave","Whirlwind","Thunderclap"],"picked":"SKIP","floor":12},{"not_picked":["Havoc","Heavy Blade","Uppercut"],"picked":"Shockwave","floor":13}],"player_experience":131774,"relics_obtained":[{"floor":6,"key":"Question Card"},{"floor":9,"key":"Dream Catcher"},{"floor":11,"key":"Akabeko"},{"floor":13,"key":"Lantern"}],"event_choices":[{"cards_removed":["Pummel"],"damage_healed":0,"gold_gain":0,"player_choice":"Gave Card","damage_taken":0,"relics_obtained":["Pear"],"max_hp_gain":0,"max_hp_loss":0,"event_name":"WeMeetAgain","floor":2,"gold_loss":0},{"damage_healed":0,"gold_gain":75,"player_choice":"Gather Gold","damage_taken":11,"max_hp_gain":0,"max_hp_loss":0,"event_name":"World of Goop","floor":5,"gold_loss":0}],"is_beta":false,"boss_relics":[],"items_purged_floors":[4],"is_endless":false,"potions_floor_spawned":[6,11],"killed_by":"Hexaghost","ascension_level":3}}