{"host":"8juwo4eokezucgda","time":1614020567,"event":{"mods":["AchievementEnabler","BaseMod","BetterRewards","Colored Map","Colored Powertips","Downfall","Hermit","Hubris","Marisa????????","Minty Spire (QoL Compilation)","Rare Cards Sparkle","Relic Stats","Replay The Spire","StSLib","The Construct","The Cursed","The Disciple","The Mystic","The Necromancer","The Servant 0.9.4"],"gold_per_floor":[14,31,48,3868,3868,3868,3868,3298,3298,3298,3308,3308,1900,1935,1935,2034,2084,2103,2115,1155,1155,1155,1155,1184,161,161,190,190,190,190,203,203,299,299,314,398,398,417,417,417,447,56,56,82,0,275,289,316,316,316,316,316,130,159,159],"floor_reached":56,"language":"ENG","playtime":6800,"items_purged":["Strike_P","Defend_P","Vigilance","Eruption","Defend_P","Strike_P","Strike_P+1","Omniscience","BowlingBash"],"score":1595,"play_id":"d43739e9-ee9c-4076-8dff-baca3eef4835","local_time":"20210223030247","is_ascension_mode":true,"campfire_choices":[{"floor":6,"key":"RECALL"},{"floor":10,"key":"REST"},{"floor":12,"key":"REST"},{"data":"Omniscience","floor":15,"key":"SMITH"},{"data":"RitualDagger","floor":23,"key":"SMITH"},{"data":"Mayhem","floor":29,"key":"SMITH"},{"data":"Midas Touch","floor":32,"key":"SMITH"},{"data":"Blasphemy","floor":40,"key":"SMITH"},{"floor":49,"key":"REST"},{"data":"Worship","floor":52,"key":"SMITH"}],"circlet_count":0,"master_deck":["Defend_P+1","Crescendo+1","Vault+1","Poisoned Strike","FlurryOfBlows","Metamorphosis+1","Replay:LoomingThreat","DeceiveReality","CarveReality","Brilliance","Replay:DivineShield","Crescendo+1","Mayhem+1","Halt","hubris:DuctTapeCard","RitualDagger+1","Worship+1","RitualDagger+1","Midas Touch+1","ReachHeaven+1","Wallop+1","Blasphemy+1","Worship+1","Sadistic Nature","Dramatic Entrance","Replay:AtTheReady+1","Brilliance","Prostrate","Replay:AtTheReady+1","Master of Strategy","Omniscience","Tantrum","Worship+1","SandsOfTime+1","Violence","Ragnarok"],"relics":["PureWater","Quantum Egg","HandDrill","Gremlin Food","BranchBurnRelic","Mirror","Replay:Purple Gloves","Replay:Towering Pillar of Hats","CaptainsWheel","Melange","Ice Cream","Tiny House","hubris:ToyBattleship","hubris:HerbalPaste","hubris:DuctTape","Ancient Tea Set","hubris:CrystalStatue","Bottled Tornado","DollysMirror","Replay:Multitool","hubris:Towel","Philosopher\u0027s Stone","Regal Pillow","Omamori","Chemical X","Incense Burner","Bag of Preparation","hubris:TenFootPole","Bag of Marbles","Medical Kit","Replay:Kaleidoscope","Happy Flower","Red Mask","Question Card","Du-Vu Doll","hubris:CuriousFeather","Orichalcum","Strange Spoon","Replay:Bottled Flurry","Replay:Baseball"],"acts_visited":["Exordium","TheCity","TheBeyond","TheEnding"],"potions_floor_usage":[],"damage_taken":[{"damage":9,"enemies":"Jaw Worm","floor":1,"turns":5},{"damage":5,"enemies":"2 Louse","floor":2,"turns":2},{"damage":15,"enemies":"Small Slimes","floor":3,"turns":2},{"damage":2,"enemies":"Looter","floor":11,"turns":2},{"damage":0,"enemies":"Gremlin Nob","floor":14,"turns":3},{"damage":0,"enemies":"Fading Forest","floor":16,"turns":11},{"damage":0,"enemies":"Chosen","floor":18,"turns":4},{"damage":13,"enemies":"Shell Parasite","floor":19,"turns":4},{"damage":12,"enemies":"Book of Stabbing","floor":24,"turns":3},{"damage":27,"enemies":"Gremlin Leader","floor":27,"turns":4},{"damage":0,"enemies":"Snecko","floor":31,"turns":3},{"damage":8,"enemies":"Automaton","floor":33,"turns":4},{"damage":116,"enemies":"3 Darklings","floor":35,"turns":3},{"damage":26,"enemies":"3 Shapes","floor":38,"turns":3},{"damage":1,"enemies":"Nemesis","floor":41,"turns":4},{"damage":20,"enemies":"Reptomancer","floor":44,"turns":4},{"damage":0,"enemies":"Sphere and 2 Shapes","floor":47,"turns":3},{"damage":1,"enemies":"Giant Head","floor":48,"turns":5},{"damage":60,"enemies":"Awakened One","floor":50,"turns":4},{"damage":0,"enemies":"Shield and Spear","floor":54,"turns":3},{"damage":88,"enemies":"The Heart","floor":55,"turns":4}],"seed_played":"-2822569015534209977","potions_obtained":[{"floor":1,"key":"Languid Potion"},{"floor":17,"key":"Elixir"},{"floor":18,"key":"PowerPotion"}],"is_trial":false,"path_per_floor":["M","M","M","$","?","R","?","$","T","R","M","R","$","E","R","B",null,"M","M","$","?","?","R","E","$","T","E","?","R","?","M","R","B",null,"M","$","T","M","?","R","E","$","T","E","?","$","M","E","R_BF","B",null,"R","$","E","B",null],"character_chosen":"WATCHER","items_purchased":["Quantum Egg","HandDrill","Dead Branch","Dexterity Potion","Fire Potion","Vault","Poisoned Strike","Mirror","CultistPotion","FlurryOfBlows","BattleHymn","Replay:Towering Pillar of Hats","CaptainsWheel","Melange","Metamorphosis","Replay:LoomingThreat","DeceiveReality","CarveReality","FairyPotion","hubris:ToyBattleship","hubris:HerbalPaste","Mayhem","BottledMiracle","Halt","hubris:DuctTape","hubris:CrystalStatue","Bottled Tornado","DollysMirror","Midas Touch","Regal Pillow","Omamori","Chemical X","Sadistic Nature","Dramatic Entrance","hubris:TenFootPole","Bag of Marbles","Medical Kit","Brilliance","Prostrate","Question Card","Du-Vu Doll","Master of Strategy","BottledMiracle","Omniscience","Tantrum","Orichalcum","Strange Spoon","Violence","Ragnarok","Replay:Bottled Flurry"],"campfire_rested":3,"item_purchase_floors":[4,4,4,4,4,4,4,8,8,8,8,13,13,13,13,13,13,13,13,20,20,20,20,20,20,25,25,25,25,36,36,36,36,36,42,42,42,42,42,46,46,46,46,46,46,53,53,53,53,53],"current_hp_per_floor":[63,58,43,43,31,31,31,31,31,52,55,72,72,72,72,72,77,77,64,64,64,58,58,61,61,61,40,40,40,40,55,55,68,77,31,31,31,10,10,10,80,80,80,66,66,66,71,76,127,80,127,127,127,127,45],"gold":159,"neow_bonus":"REMOVE_TWO","is_daily":false,"chose_seed":false,"campfire_upgraded":6,"win_rate":0.0,"timestamp":1614020567,"path_taken":["M","M","M","$","?","R","?","$","T","R","M","R","$","E","R","BOSS","M","M","$","?","?","R","E","$","T","E","?","R","?","M","R","BOSS","M","$","?","M","?","R","E","$","T","E","?","?","M","E","R_BF","BOSS","R","$","E","BOSS"],"items_purchased_type":["Relic","Relic","Relic","Potion","Potion","Card","Card","Relic","Potion","Card","Card","Relic","Relic","Relic","Card","Card","Card","Card","Potion","Relic","Relic","Card","Potion","Card","Relic","Relic","Relic","Relic","Card","Relic","Relic","Relic","Card","Card","Relic","Relic","Relic","Card","Card","Relic","Relic","Card","Potion","Card","Card","Relic","Relic","Card","Card","Relic"],"build_version":"2020-12-22","purchased_purges":9,"victory":true,"max_hp_per_floor":[72,72,72,72,72,72,72,72,72,72,72,72,72,72,72,72,77,77,77,77,77,77,77,77,77,77,77,77,77,77,77,77,77,77,127,127,127,127,127,127,127,127,127,127,127,127,127,127,127,127,127,127,127,127,127],"relic_stats":{"Strange Spoon":[15],"Regal Pillow":13,"Happy Flower":[6],"counters":[21,80],"Melange":[15],"HandDrill":[8],"Bag of Preparation":[12],"Chemical X":[2],"Orichalcum":[12],"Medical Kit":[3],"Question Card":8,"obtain_stats":[{"Ice Cream":14,"Regal Pillow":36,"Tiny House":17,"hubris:CrystalStatue":25,"Replay:Purple Gloves":9,"Melange":13,"Replay:Multitool":27,"Incense Burner":37,"Bag of Preparation":41,"Bottled Tornado":25,"Ancient Tea Set":24,"BranchBurnRelic":6,"hubris:HerbalPaste":20,"DollysMirror":25,"Philosopher\u0027s Stone":34,"hubris:CuriousFeather":48,"HandDrill":4,"Red Mask":45,"Replay:Bottled Flurry":53,"Chemical X":36,"Gremlin Food":5,"Replay:Towering Pillar of Hats":13,"hubris:DuctTape":20,"Happy Flower":44,"Quantum Egg":4,"Dead Branch":4,"Omamori":36,"Replay:Kaleidoscope":43,"hubris:Towel":28,"Orichalcum":53,"Medical Kit":42,"Question Card":46,"Du-Vu Doll":46,"Strange Spoon":53,"CaptainsWheel":13,"Replay:Baseball":54,"hubris:ToyBattleship":20,"hubris:TenFootPole":42,"Bag of Marbles":42,"PureWater":0,"Mirror":8},{"Ice Cream":5,"Regal Pillow":13,"Tiny House":6,"hubris:CrystalStatue":9,"Replay:Purple Gloves":3,"Melange":4,"Replay:Multitool":10,"Incense Burner":13,"Bag of Preparation":15,"Bottled Tornado":9,"Ancient Tea Set":9,"BranchBurnRelic":3,"hubris:HerbalPaste":8,"DollysMirror":9,"Philosopher\u0027s Stone":12,"hubris:CuriousFeather":18,"HandDrill":3,"Red Mask":16,"Replay:Bottled Flurry":19,"Chemical X":13,"Gremlin Food":3,"Replay:Towering Pillar of Hats":4,"hubris:DuctTape":8,"Happy Flower":16,"Quantum Egg":3,"Dead Branch":3,"Omamori":13,"Replay:Kaleidoscope":15,"hubris:Towel":10,"Orichalcum":19,"Medical Kit":15,"Question Card":16,"Du-Vu Doll":16,"Strange Spoon":19,"CaptainsWheel":4,"Replay:Baseball":20,"hubris:ToyBattleship":8,"hubris:TenFootPole":15,"Bag of Marbles":15,"PureWater":0,"Mirror":3},{"Ice Cream":14,"Regal Pillow":50,"Tiny House":25,"hubris:CrystalStatue":36,"Replay:Purple Gloves":9,"Melange":11,"Replay:Multitool":40,"Incense Burner":50,"Bag of Preparation":57,"Bottled Tornado":36,"Ancient Tea Set":36,"BranchBurnRelic":9,"hubris:HerbalPaste":33,"DollysMirror":36,"Philosopher\u0027s Stone":47,"hubris:CuriousFeather":69,"HandDrill":9,"Red Mask":61,"Replay:Bottled Flurry":73,"Chemical X":50,"Gremlin Food":9,"Replay:Towering Pillar of Hats":11,"hubris:DuctTape":33,"Happy Flower":61,"Quantum Egg":9,"Dead Branch":9,"Omamori":50,"Replay:Kaleidoscope":57,"hubris:Towel":40,"Orichalcum":73,"Medical Kit":57,"Question Card":61,"Du-Vu Doll":61,"Strange Spoon":73,"CaptainsWheel":11,"Replay:Baseball":76,"hubris:ToyBattleship":33,"hubris:TenFootPole":57,"Bag of Marbles":57,"PureWater":0,"Mirror":9}]},"card_choices":[{"not_picked":["EmptyMind","CutThroughFate"],"picked":"BowlingBash","floor":1},{"not_picked":["Study","ClearTheMind","ThirdEye"],"picked":"SKIP","floor":2},{"not_picked":["EmptyFist","ThirdEye"],"picked":"Crescendo","floor":3},{"not_picked":["Protect","FollowUp","CutThroughFate"],"picked":"SKIP","floor":11},{"not_picked":["PathToVictory","LikeWater"],"picked":"Omniscience","floor":14},{"not_picked":["Vault","Scrawl"],"picked":"Brilliance","floor":16},{"not_picked":["Protect","EmptyFist"],"picked":"Replay:DivineShield","floor":17},{"not_picked":["BowlingBash+1","Omniscience"],"picked":"Crescendo+1","floor":18},{"not_picked":["FearNoEvil","EmptyFist+1","Sanctity"],"picked":"SKIP","floor":19},{"not_picked":["Indignation","Meditate"],"picked":"Worship","floor":24},{"not_picked":["BattleHymn+1","Tantrum"],"picked":"ReachHeaven+1","floor":27},{"not_picked":["PathToVictory","Replay:ManipulateFuture"],"picked":"Wallop+1","floor":31},{"not_picked":["Judgement","LessonLearned"],"picked":"Blasphemy","floor":33},{"not_picked":["BowlingBash+1","EmptyFist"],"picked":"Worship+1","floor":35},{"not_picked":["BattleHymn+1","InnerPeace+1"],"picked":"Replay:AtTheReady+1","floor":38},{"not_picked":["WheelKick","CutThroughFate","BattleHymn+1"],"picked":"SKIP","floor":41},{"not_picked":["EmptyFist+1","Worship"],"picked":"Replay:AtTheReady+1","floor":44},{"not_picked":["Protect+1","FlurryOfBlows+1","Replay:ManipulateFuture"],"picked":"Worship+1","floor":47},{"not_picked":["BattleHymn+1","Swivel","EmptyFist"],"picked":"SandsOfTime+1","floor":48},{"not_picked":["SignatureMove","Indignation","CrushJoints+1","Meditate"],"picked":"SKIP","floor":54}],"player_experience":160600,"relics_obtained":[{"floor":9,"key":"Replay:Purple Gloves"},{"floor":14,"key":"Ice Cream"},{"floor":24,"key":"Ancient Tea Set"},{"floor":27,"key":"Replay:Multitool"},{"floor":37,"key":"Incense Burner"},{"floor":41,"key":"Bag of Preparation"},{"floor":43,"key":"Replay:Kaleidoscope"},{"floor":44,"key":"Happy Flower"},{"floor":48,"key":"hubris:CuriousFeather"},{"floor":54,"key":"Replay:Baseball"}],"event_choices":[{"damage_healed":0,"gold_gain":0,"player_choice":"Success","damage_taken":12,"relics_obtained":["Gremlin Food"],"max_hp_gain":0,"max_hp_loss":0,"event_name":"Scrap Ooze","floor":5,"gold_loss":0},{"damage_healed":0,"gold_gain":0,"player_choice":"Grow","damage_taken":0,"max_hp_gain":0,"max_hp_loss":0,"event_name":"Living Wall","floor":7,"gold_loss":0,"cards_upgraded":["Vault"]},{"damage_healed":0,"gold_gain":0,"player_choice":"Ignored","damage_taken":0,"max_hp_gain":0,"max_hp_loss":0,"event_name":"Ghosts","floor":21,"gold_loss":0},{"damage_healed":0,"gold_gain":0,"player_choice":"Joined the Cult","damage_taken":6,"max_hp_gain":0,"max_hp_loss":0,"event_name":"Nest","floor":22,"gold_loss":0,"cards_obtained":["RitualDagger"]},{"damage_healed":0,"gold_gain":0,"player_choice":"Forge","damage_taken":0,"max_hp_gain":0,"max_hp_loss":0,"event_name":"Accursed Blacksmith","floor":30,"gold_loss":0,"cards_upgraded":["Metamorphosis"]},{"damage_healed":0,"gold_gain":0,"player_choice":"Paid","damage_taken":0,"relics_obtained":["Red Mask"],"max_hp_gain":0,"max_hp_loss":0,"event_name":"Tomb of Lord Red Mask","floor":45,"gold_loss":82}],"is_beta":false,"boss_relics":[{"not_picked":["SacredBark","ReplayTheSpireMod:DimensionalGlitch"],"picked":"Tiny House"},{"not_picked":["hubris:VirtuousBlindfold","hubris:Backtick"],"picked":"Philosopher\u0027s Stone"}],"items_purged_floors":[4,8,13,20,25,36,42,46,53],"is_endless":false,"potions_floor_spawned":[1,14,18,31,33,35,44,47],"ascension_level":1}}