{"host":"en4narc5947t7k9n","time":1614016643,"event":{"mods":["AchievementEnabler","BaseMod","Colored Map","Minty Spire (QoL Compilation)","SuperFastMode"],"gold_per_floor":[119,119,139,151,168,168,182,209,263,72,72,27,27,27,27,129,129,141,153,1,11,26,26,1,1,25,40,56,155,155,169,169,169,169],"floor_reached":33,"language":"KOR","playtime":1482,"items_purged":[],"score":249,"play_id":"0c426eab-adc9-4ec4-bd9c-8f8d4db5397a","local_time":"20210223025723","is_ascension_mode":false,"campfire_choices":[{"data":"Neutralize","floor":6,"key":"SMITH"},{"data":"Terror","floor":11,"key":"SMITH"},{"data":"Masterful Stab","floor":13,"key":"SMITH"},{"floor":15,"key":"RECALL"},{"floor":23,"key":"REST"},{"data":"Infinite Blades","floor":25,"key":"SMITH"},{"data":"Envenom","floor":32,"key":"SMITH"}],"circlet_count":0,"master_deck":["Strike_G","Strike_G","Strike_G","Strike_G","Defend_G","Defend_G","Defend_G","Defend_G","Defend_G","Survivor","Neutralize+1","Dagger Throw","Poisoned Stab","Dagger Spray","Infinite Blades+1","Terror+1","Backstab","Masterful Stab+1","Deadly Poison","Well Laid Plans","Envenom+1","Crippling Poison","Bane","Deflect+1","PiercingWail","Blade Dance","Tools of the Trade","Blade Dance+1","Endless Agony"],"relics":["Ring of the Snake","NeowsBlessing","Centennial Puzzle","Happy Flower","WristBlade","ClockworkSouvenir","Bag of Marbles"],"acts_visited":["Exordium","TheCity"],"potions_floor_usage":[8,8,18,18,21,33],"damage_taken":[{"damage":0,"enemies":"Cultist","floor":1,"turns":1},{"damage":0,"enemies":"Jaw Worm","floor":3,"turns":1},{"damage":0,"enemies":"Small Slimes","floor":4,"turns":1},{"damage":8,"enemies":"2 Fungi Beasts","floor":5,"turns":3},{"damage":9,"enemies":"Large Slime","floor":7,"turns":6},{"damage":13,"enemies":"Lagavulin","floor":8,"turns":6},{"damage":23,"enemies":"The Guardian","floor":16,"turns":8},{"damage":0,"enemies":"2 Thieves","floor":18,"turns":3},{"damage":4,"enemies":"3 Byrds","floor":19,"turns":4},{"damage":32,"enemies":"Centurion and Healer","floor":21,"turns":5},{"damage":17,"enemies":"Snake Plant","floor":22,"turns":4},{"damage":2,"enemies":"Shelled Parasite and Fungi","floor":27,"turns":3},{"damage":4,"enemies":"Cultist and Chosen","floor":28,"turns":5},{"damage":4,"enemies":"3 Cultists","floor":31,"turns":4},{"damage":56,"enemies":"Collector","floor":33,"turns":4}],"seed_played":"2097630836888822516","potions_obtained":[{"floor":3,"key":"SkillPotion"},{"floor":5,"key":"ColorlessPotion"},{"floor":7,"key":"Energy Potion"},{"floor":16,"key":"Block Potion"},{"floor":19,"key":"CunningPotion"},{"floor":31,"key":"Strength Potion"}],"is_trial":false,"path_per_floor":["M","$","M","M","M","R","M","E","T","$","R","$","R","?","R","B",null,"M","M","$","M","M","R","$","R","T","M","M","?","?","M","R","B"],"character_chosen":"THE_SILENT","items_purchased":["Masterful Stab","Happy Flower","Deadly Poison","ClockworkSouvenir","Blade Dance"],"campfire_rested":1,"item_purchase_floors":[10,10,12,20,24],"current_hp_per_floor":[70,70,70,70,62,62,53,40,40,40,40,40,40,40,40,17,70,70,66,66,34,17,38,38,38,38,36,32,32,55,51,51,0,0],"gold":169,"neow_bonus":"THREE_ENEMY_KILL","is_daily":false,"chose_seed":false,"campfire_upgraded":5,"win_rate":0.0,"timestamp":1614016643,"path_taken":["M","?","M","?","M","R","M","E","T","?","R","$","R","?","R","BOSS","M","M","$","M","?","R","$","R","T","M","M","?","?","M","R","BOSS"],"items_purchased_type":["Card","Relic","Card","Relic","Card"],"build_version":"2020-12-22","purchased_purges":0,"victory":false,"max_hp_per_floor":[70,70,70,70,70,70,70,70,70,70,70,70,70,70,70,70,70,70,70,70,70,70,70,70,70,70,70,70,70,70,70,70,70,70],"card_choices":[{"not_picked":["Footwork","Quick Slash"],"picked":"Dagger Throw","floor":1},{"not_picked":["Backflip","Predator"],"picked":"Poisoned Stab","floor":3},{"not_picked":["Sucker Punch","Finisher"],"picked":"Dagger Spray","floor":4},{"not_picked":["Deflect","Flying Knee"],"picked":"Infinite Blades","floor":5},{"not_picked":["Concentrate","Endless Agony"],"picked":"Terror","floor":7},{"not_picked":["Dagger Spray","Cloak And Dagger"],"picked":"Backstab","floor":8},{"not_picked":["Wraith Form v2","Burst"],"picked":"Envenom","floor":16},{"not_picked":["Acrobatics+1","PiercingWail"],"picked":"Crippling Poison","floor":18},{"not_picked":["Flying Knee","Terror"],"picked":"Bane","floor":19},{"not_picked":["Underhanded Strike","Bane"],"picked":"Deflect+1","floor":21},{"not_picked":["Acrobatics","Prepared+1"],"picked":"PiercingWail","floor":22},{"not_picked":["Underhanded Strike","Dash"],"picked":"Tools of the Trade","floor":27},{"not_picked":["Footwork","Quick Slash"],"picked":"Blade Dance+1","floor":28},{"not_picked":["Deadly Poison","Infinite Blades"],"picked":"Endless Agony","floor":31}],"player_experience":168510,"relics_obtained":[{"floor":8,"key":"Centennial Puzzle"},{"floor":26,"key":"Bag of Marbles"}],"event_choices":[{"damage_healed":0,"gold_gain":0,"cards_transformed":["Strike_G"],"player_choice":"Transformed","damage_taken":0,"max_hp_gain":0,"max_hp_loss":0,"event_name":"Transmorgrifier","floor":14,"gold_loss":0,"cards_obtained":["Well Laid Plans"]},{"damage_healed":0,"gold_gain":99,"player_choice":"Stole From Cult","damage_taken":0,"max_hp_gain":0,"max_hp_loss":0,"event_name":"Nest","floor":29,"gold_loss":0},{"damage_healed":23,"gold_gain":0,"player_choice":"Heal","damage_taken":0,"max_hp_gain":0,"max_hp_loss":0,"event_name":"The Library","floor":30,"gold_loss":0}],"is_beta":false,"boss_relics":[{"not_picked":["Velvet Choker","Ring of the Serpent"],"picked":"WristBlade"}],"items_purged_floors":[],"is_endless":false,"potions_floor_spawned":[3,5,7,16,19,31],"killed_by":"Collector","ascension_level":0}}