{"host":"m1hrbr0uwda4cktq","time":1614019086,"event":{"mods":["BaseMod","BetterRewards","Colored Map","Colored Powertips","Highlight Path","Minty Spire (QoL Compilation)","Shop Mod","SuperFastMode"],"gold_per_floor":[113,131,151,169,187,187,197,231,231,262,262,280,306,317,317,416,416,429,445,7,7,27,27,57,77,77,77,104,119,147,163,163,259,259,278,298,298,312,328,328,358,9,62,62,88,105,120,139,139,139],"floor_reached":51,"language":"ENG","playtime":4965,"items_purged":[],"score":1015,"play_id":"a81ec5d1-6323-425a-93fc-53c76b668658","local_time":"20210222153806","is_ascension_mode":true,"campfire_choices":[{"data":"Self Repair","floor":6.0,"key":"SMITH"},{"data":"Loop","floor":11.0,"key":"SMITH"},{"data":"Buffer","floor":15.0,"key":"SMITH"},{"data":"Redo","floor":23.0,"key":"SMITH"},{"data":"Go for the Eyes","floor":27.0,"key":"SMITH"},{"data":"Go for the Eyes","floor":32.0,"key":"SMITH"},{"floor":40.0,"key":"RECALL"},{"data":"Echo Form","floor":49.0,"key":"SMITH"}],"circlet_count":0,"master_deck":["Defend_B","Defend_B","Defend_B","Zap","Dualcast","Self Repair+1","Cold Snap","Gash","Loop+1","Doom and Gloom","Capacitor","FTL","Ball Lightning","Hologram","Cold Snap","Buffer+1","Compile Driver","Creative AI","Redo+1","BootSequence+1","Bite","Bite","Bite","Bite","Bite","Redo+1","Rebound+1","Go for the Eyes+1","Loop","Go for the Eyes+1","Echo Form+1","Gash","Ball Lightning","Glacier","FTL+1","Steam+1","Conserve Battery","Conserve Battery+1","Glacier+1"],"relics":["FrozenCore","Eternal Feather","Vajra","Happy Flower","Dead Branch","Art of War","Thread and Needle","Medical Kit","Singing Bowl","Centennial Puzzle","Kunai","Sundial","Nuclear Battery","Frozen Egg 2","Lantern","Pen Nib","Toxic Egg 2"],"acts_visited":["Exordium","TheCity","TheBeyond"],"potions_floor_usage":[],"damage_taken":[{"damage":6.0,"enemies":"Small Slimes","floor":1.0,"turns":4.0},{"damage":10.0,"enemies":"Jaw Worm","floor":2.0,"turns":3.0},{"damage":0.0,"enemies":"Cultist","floor":3.0,"turns":3.0},{"damage":20.0,"enemies":"Exordium Thugs","floor":4.0,"turns":5.0},{"damage":9.0,"enemies":"Looter","floor":5.0,"turns":3.0},{"damage":0.0,"enemies":"Large Slime","floor":7.0,"turns":4.0},{"damage":24.0,"enemies":"Gremlin Nob","floor":8.0,"turns":4.0},{"damage":28.0,"enemies":"Lagavulin","floor":10.0,"turns":7.0},{"damage":5.0,"enemies":"Blue Slaver","floor":12.0,"turns":5.0},{"damage":37.0,"enemies":"3 Sentries","floor":13.0,"turns":5.0},{"damage":8.0,"enemies":"3 Louse","floor":14.0,"turns":4.0},{"damage":36.0,"enemies":"Slime Boss","floor":16.0,"turns":6.0},{"damage":4.0,"enemies":"Chosen","floor":18.0,"turns":7.0},{"damage":28.0,"enemies":"3 Byrds","floor":19.0,"turns":7.0},{"damage":8.0,"enemies":"Snecko","floor":22.0,"turns":5.0},{"damage":17.0,"enemies":"Slavers","floor":24.0,"turns":5.0},{"damage":15.0,"enemies":"Sentry and Sphere","floor":25.0,"turns":9.0},{"damage":45.0,"enemies":"Gremlin Leader","floor":28.0,"turns":7.0},{"damage":4.0,"enemies":"Centurion and Healer","floor":29.0,"turns":9.0},{"damage":51.0,"enemies":"Slavers","floor":30.0,"turns":7.0},{"damage":21.0,"enemies":"3 Cultists","floor":31.0,"turns":7.0},{"damage":45.0,"enemies":"Collector","floor":33.0,"turns":6.0},{"damage":0.0,"enemies":"3 Shapes","floor":35.0,"turns":9.0},{"damage":12.0,"enemies":"Orb Walker","floor":36.0,"turns":5.0},{"damage":56.0,"enemies":"Maw","floor":38.0,"turns":7.0},{"damage":17.0,"enemies":"Jaw Worm Horde","floor":39.0,"turns":7.0},{"damage":43.0,"enemies":"Reptomancer","floor":41.0,"turns":6.0},{"damage":0.0,"enemies":"Nemesis","floor":45.0,"turns":13.0},{"damage":0.0,"enemies":"Sphere and 2 Shapes","floor":46.0,"turns":8.0},{"damage":15.0,"enemies":"4 Shapes","floor":47.0,"turns":8.0},{"damage":24.0,"enemies":"Maw","floor":48.0,"turns":10.0},{"damage":53,"enemies":"Time Eater","floor":50,"turns":17}],"seed_played":"-8451618477594040263","potions_obtained":[{"floor":2.0,"key":"CultistPotion"},{"floor":4.0,"key":"AttackPotion"},{"floor":10.0,"key":"SteroidPotion"},{"floor":12.0,"key":"EssenceOfDarkness"},{"floor":13.0,"key":"LiquidBronze"},{"floor":18.0,"key":"Regen Potion"},{"floor":24.0,"key":"FocusPotion"},{"floor":30.0,"key":"ColorlessPotion"},{"floor":33.0,"key":"DistilledChaos"},{"floor":38.0,"key":"LiquidMemories"},{"floor":39.0,"key":"Regen Potion"},{"floor":46.0,"key":"Weak Potion"}],"is_trial":false,"path_per_floor":["M","M","M","M","M","R","M","E","T","E","R","M","E","M","R","B",null,"M","M","$","?","M","R","E","M","T","R","E","M","E","M","R","B",null,"M","M","?","M","M","R","E","$","T","?","E","M","M","M","R","B",null],"character_chosen":"DEFECT","items_purchased":["Eternal Feather","Self Repair","Cold Snap","Gash","Thread and Needle","Medical Kit","Lantern","Conserve Battery","FairyPotion","FocusPotion"],"campfire_rested":0,"item_purchase_floors":[0,0,0,0,20,20,42,42,42,42],"current_hp_per_floor":[75,72,75,62,60,69,75,61,61,43,52,57,30,32,44,18,61,67,49,49,49,52,52,51,52,52,52,31,54,21,26,44,3,43,53,56,53,15,18,39,24,24,24,24,53,55,57,51,57,24],"gold":139,"neow_bonus":"","is_daily":false,"chose_seed":false,"campfire_upgraded":7,"win_rate":0.0,"timestamp":1614019086,"path_taken":["M","M","M","M","M","R","M","E","T","E","R","M","E","M","R","BOSS","M","M","$","?","M","R","E","M","T","R","E","M","E","M","R","BOSS","M","M","?","M","M","R","E","$","T","?","E","M","M","M","R","BOSS"],"items_purchased_type":["Relic","Card","Card","Card","Relic","Relic","Relic","Card","Potion","Potion"],"build_version":"2020-12-22","purchased_purges":0,"victory":true,"max_hp_per_floor":[75,75,75,75,75,75,75,75,75,75,75,75,75,75,75,75,75,75,75,75,52,52,52,52,52,52,52,54,54,54,56,56,56,56,56,56,53,53,53,53,53,53,53,53,53,55,57,57,57,57],"card_choices":[{"not_picked":["Gash","Ball Lightning"],"picked":"Loop","floor":1.0},{"not_picked":["Redo","Rebound","Undo"],"picked":"SKIP","floor":2.0},{"not_picked":["Rebound","Turbo"],"picked":"Doom and Gloom","floor":3.0},{"not_picked":["Core Surge","Streamline"],"picked":"Capacitor","floor":4.0},{"not_picked":["Storm","Redo"],"picked":"FTL","floor":5.0},{"not_picked":["Rip and Tear","Melter"],"picked":"Ball Lightning","floor":7.0},{"not_picked":["Sunder","Tempest","Steam Power"],"picked":"SKIP","floor":8.0},{"not_picked":["Barrage","Stack"],"picked":"Hologram","floor":10.0},{"not_picked":["Streamline","Hologram"],"picked":"Cold Snap","floor":12.0},{"not_picked":["Glacier","Capacitor"],"picked":"Buffer","floor":13.0},{"not_picked":["Hello World","Redo"],"picked":"Compile Driver","floor":14.0},{"not_picked":["Fission","Buffer"],"picked":"Creative AI","floor":16.0},{"not_picked":["Chaos+1","Melter"],"picked":"Redo","floor":18.0},{"not_picked":["Ball Lightning","Stack"],"picked":"BootSequence+1","floor":19.0},{"not_picked":["Cold Snap","Reprogram"],"picked":"Redo+1","floor":22.0},{"not_picked":["Self Repair","Turbo"],"picked":"Rebound+1","floor":24.0},{"not_picked":["Force Field+1","White Noise+1"],"picked":"Go for the Eyes","floor":25.0},{"not_picked":["Fusion","Amplify","Scrape"],"picked":"Singing Bowl","floor":28.0},{"not_picked":["Go for the Eyes","Streamline"],"picked":"Loop","floor":29.0},{"not_picked":["Melter","Doom and Gloom"],"picked":"Go for the Eyes","floor":30.0},{"not_picked":["Double Energy","Streamline","Leap"],"picked":"Singing Bowl","floor":31.0},{"not_picked":["Biased Cognition","Creative AI"],"picked":"Echo Form","floor":33.0},{"not_picked":["Leap","Force Field+1"],"picked":"Gash","floor":35.0},{"not_picked":["Chaos","Double Energy"],"picked":"Ball Lightning","floor":36.0},{"not_picked":["Turbo","White Noise+1"],"picked":"Glacier","floor":38.0},{"not_picked":["Tempest","Ball Lightning"],"picked":"FTL+1","floor":39.0},{"not_picked":["Thunder Strike","Beam Cell+1"],"picked":"Steam+1","floor":41.0},{"not_picked":["Core Surge","Thunder Strike"],"picked":"Conserve Battery+1","floor":45.0},{"not_picked":["Force Field+1","Melter","Rebound"],"picked":"Singing Bowl","floor":46.0},{"not_picked":["Beam Cell+1","Compile Driver","Gash"],"picked":"Singing Bowl","floor":47.0},{"not_picked":["Coolheaded+1","Steam+1"],"picked":"Glacier+1","floor":48.0}],"player_experience":193952,"relics_obtained":[{"floor":8.0,"key":"Vajra"},{"floor":9.0,"key":"Happy Flower"},{"floor":10.0,"key":"Dead Branch"},{"floor":13.0,"key":"Art of War"},{"floor":24.0,"key":"Singing Bowl"},{"floor":26.0,"key":"Centennial Puzzle"},{"floor":28.0,"key":"Kunai"},{"floor":30.0,"key":"Sundial"},{"floor":41.0,"key":"Frozen Egg 2"},{"floor":43.0,"key":"Pen Nib"},{"floor":45.0,"key":"Toxic Egg 2"}],"event_choices":[{"damage_healed":0.0,"max_hp_gain":0.0,"max_hp_loss":23.0,"gold_gain":0.0,"event_name":"Vampires","player_choice":"Became a vampire","floor":21.0,"gold_loss":0.0,"damage_taken":0.0,"cards_obtained":["Bite","Bite","Bite","Bite","Bite"]},{"damage_healed":0.0,"max_hp_gain":0.0,"max_hp_loss":3.0,"gold_gain":0.0,"event_name":"Winding Halls","player_choice":"Max HP","floor":37.0,"gold_loss":0.0,"damage_taken":0.0},{"cards_removed":["Defend_B"],"damage_healed":0.0,"max_hp_gain":0.0,"max_hp_loss":0.0,"gold_gain":0.0,"event_name":"Purifier","player_choice":"Purged","floor":44.0,"gold_loss":0.0,"damage_taken":0.0}],"is_beta":false,"boss_relics":[{"not_picked":["Tiny House","Velvet Choker"],"picked":"FrozenCore"},{"not_picked":["Inserter","SlaversCollar"],"picked":"Nuclear Battery"}],"items_purged_floors":[],"is_endless":false,"potions_floor_spawned":[2,4,10,12,13,14,18,24,25,29,30,33,38,39,46,47],"ascension_level":5}}