{"host":"dwyzfvnzfcqffr30","time":1614006169,"event":{"mods":["2.2 Compatiblity","Act Like it!","Aspiration","BaseMod","Beaked The Cultist","Better Altar","Better Match","Better Note","Better Sensory Stone","Better Skull","Better Third Choice","Clockwork Mod","Colored Map","Colored Powertips","Conspire","Downfall","Elementarium","GifTheSpireLib","Halation","Hermit","Hubris","Infinite Spire","Ironclad Rager","Jedi Mod","Menagerie","Mimic Mod","Minty Spire (QoL Compilation)","Permanent Neow","Random Character Button","Relic Filter Mod","Reliquary","Replay The Spire","Shapeshifter Mod","Spicy Shops","Spikes Relics","StSLib","Stuff the Spire","The Construct","The Disciple","The Druid","The Marked","TheFirefly","Trackpad","Wandering Minibosses"],"gold_per_floor":[117,143,143,163,191,191,238,269,307,307,232,262,289,335,335,454,454,494,30,49,49,67,67,105,105,140,174,199,20,54,90,90,191,191,217,217,300,300,300,300,347,389,427,468,531,531,531,595,595,595,595,595,62,96,96],"floor_reached":56,"language":"ENG","playtime":19479,"items_purged":["CommonCold","theMarked:Defend+1"],"score":2471,"play_id":"e54a3514-76ac-4957-98a2-1c024f583f80","local_time":"20210222070249","is_ascension_mode":true,"campfire_choices":[{"floor":6,"key":"RECALL"},{"floor":23,"key":"REST"},{"floor":25,"key":"REST"},{"floor":32,"key":"REST"},{"data":"champ:GladiatorStyle+2","floor":40,"key":"SMITH"},{"floor":46,"key":"REST"},{"data":"theDruid:BristlingDefense+1","floor":49,"key":"SMITH"},{"data":"theDruid:BristlingDefense+2","floor":52,"key":"SMITH"}],"circlet_count":0,"master_deck":["StSShapeShifter:RitualOfTheElders+2","theMarked:Strike+1","theMarked:Strike+1","theMarked:Strike+1","theMarked:Strike+1","theMarked:Defend+1","theMarked:Defend+3","theMarked:Defend+1","Apotheosis+1","MasterReality+1","theMarked:EnhanceMovement+1","theMarked:Electrify+3","theMarked:RepellingDischarge+1","theMarked:Parkour+1","theDruid:BristlingDefense+3","Adrenaline+1","beaked:MaddeningMurmurs+1","Reforge+1","champ:GladiatorStyle+3","Machine Learning+1","Perseverance+1","infinitespire:UltimateForm+1","theMarked:Maelstrom+1"],"relics":["theMarked:ArtifactOfAir","Frozen Egg 2","Toxic Egg 2","Molten Egg 2","Quantum Egg","infinitespire:EvilPickle","conspire:InfiniteJournal","SacredBark","halation:Prosthetics","hubris:TinFlute","Bottled Tornado","Gremlin Food","PrismaticShard","StuffTheSpire:Mouthbags","reliquary:TuningFork","reliquary:Stiletto","CrustySpines","Happy Flower","halation:TwoAmDonut","BrokenLever","hubris:BottledRain","Letter Opener","infinitespire:EvilPickle","SlaversCollar","Red Mask","conspire:TopHat","hubris:CuriousFeather","CherryCoatedStake","trackpad:SneckoScepter","Replay:Rubber Ducky","Pen Nib","reliquary:CitrusReamer","trackpad:BiPhaseBiplane","aspiration:HummingbirdHeart"],"acts_visited":[],"potions_floor_usage":[7,7,16,24,24,27,33,33,37,43,50],"damage_taken":[{"damage":0,"enemies":"2 Louse","floor":1,"turns":2},{"damage":0,"enemies":"conspire:RoseBush","floor":2,"turns":3},{"damage":1,"enemies":"Jaw Worm","floor":4,"turns":3},{"damage":0,"enemies":"3 Louse","floor":5,"turns":4},{"damage":0,"enemies":"3 Sentries","floor":7,"turns":4},{"damage":0,"enemies":"Blue Slaver","floor":8,"turns":3},{"damage":0,"enemies":"Lots of Slimes","floor":9,"turns":4},{"damage":5,"enemies":"Lots of Slimes","floor":13,"turns":4},{"damage":0,"enemies":"Replay:BlueRogue","floor":14,"turns":4},{"damage":3,"enemies":"Fading Forest","floor":16,"turns":11},{"damage":10,"enemies":"3 Byrds","floor":18,"turns":4},{"damage":26,"enemies":"conspire:FuzzyDice","floor":20,"turns":4},{"damage":14,"enemies":"3 Cultists","floor":22,"turns":5},{"damage":16,"enemies":"conspire:Head Lice","floor":24,"turns":7},{"damage":3,"enemies":"Chosen and Byrds","floor":26,"turns":6},{"damage":19,"enemies":"Gremlin Leader","floor":27,"turns":6},{"damage":0,"enemies":"Chosen and Byrds","floor":28,"turns":4},{"damage":25,"enemies":"Replay:Snechameleon","floor":30,"turns":4},{"damage":0,"enemies":"conspire:MimicChest","floor":31,"turns":5},{"damage":2,"enemies":"Pondfish","floor":33,"turns":7},{"damage":0,"enemies":"3 Shapes","floor":35,"turns":3},{"damage":0,"enemies":"Giant Head","floor":41,"turns":5},{"damage":25,"enemies":"3 Darklings","floor":42,"turns":5},{"damage":0,"enemies":"Writhing Mass","floor":43,"turns":6},{"damage":0,"enemies":"Writhing Mass","floor":44,"turns":4},{"damage":12,"enemies":"beaked:SuperParasite","floor":45,"turns":3},{"damage":16,"enemies":"Reptomancer","floor":48,"turns":5},{"damage":3,"enemies":"infinitespire:MassOfShapes","floor":50,"turns":7},{"damage":4,"enemies":"Shield and Spear","floor":54,"turns":5},{"damage":8,"enemies":"The Heart","floor":55,"turns":5}],"seed_played":"-2808373672023588044","potions_obtained":[{"floor":2,"key":"Strength Potion"},{"floor":5,"key":"Dexterity Potion"},{"floor":13,"key":"SteroidPotion"},{"floor":18,"key":"EssenceOfSteel"},{"floor":20,"key":"FearPotion"},{"floor":22,"key":"Dexterity Potion"},{"floor":28,"key":"jedi:mysterypotion"},{"floor":30,"key":"CultistPotion"},{"floor":31,"key":"Adrenaline Potion"},{"floor":42,"key":"BlessingOfTheForge"},{"floor":48,"key":"theMarked:ChargePotion"}],"is_trial":false,"path_per_floor":["M","M","?","M","M","R","E","M","MIM","?","$","?","M","E","R_BF","B",null,"M","$","M","?","M","R","E","R","MIM","E","M","$","E","?","R","B",null,"M","?","?","?","?","R","E","M","MIM","M","E","R","AVR","E","R","B",null,"R","$","E","B",null],"character_chosen":"THE_DEFAULT","items_purchased":["reliquary:Stiletto","CrustySpines","Reforge+1","theMarked:Maelstrom+1","Pen Nib","reliquary:CitrusReamer","trackpad:BiPhaseBiplane"],"campfire_rested":4,"item_purchase_floors":[19,19,29,53,53,53,53],"current_hp_per_floor":[45,50,50,54,59,59,64,69,74,74,74,74,74,79,85,90,90,85,85,64,64,55,86,75,108,110,96,96,96,76,81,120,123,132,137,137,137,137,137,137,142,122,127,132,125,165,165,164,164,175,175,175,175,183,185],"gold":96,"neow_bonus":"RANDOM_EVENT","is_daily":false,"chose_seed":false,"campfire_upgraded":3,"win_rate":0.0,"timestamp":1614006169,"path_taken":["M","M","?","M","M","R","E","M","MIM","?","$","?","?","E","R_BF","BOSS","M","$","?","?","?","R","E","R","MIM","E","M","?","E","?","R","BOSS","M","?","?","?","?","R","E","M","MIM","?","E","R","AVR","E","R","BOSS","R","$","E","BOSS"],"items_purchased_type":["Relic","Relic","Card","Card","Relic","Relic","Relic"],"build_version":"2020-12-22","purchased_purges":2,"victory":true,"max_hp_per_floor":[45,50,50,55,60,60,65,70,75,75,75,75,80,85,85,90,90,95,95,100,100,105,105,110,110,115,120,120,120,125,130,130,135,135,140,140,140,140,140,140,145,150,155,160,165,165,165,170,170,175,175,175,175,185,195],"card_choices":[{"not_picked":["theMarked:ChainLightning+1","theMarked:WastefulAttack+1"],"picked":"theMarked:EnhanceMovement+1","floor":1},{"not_picked":["theMarked:ShockingTouch+1","theMarked:WastefulAttack+1"],"picked":"theMarked:Electrify+1","floor":2},{"not_picked":["theMarked:ResourceFulStrike+1","theMarked:Aftermath+1"],"picked":"theMarked:Parkour+1","floor":4},{"not_picked":["theMarked:SwordAndMagic+1","theMarked:Defy+1"],"picked":"theMarked:RepellingDischarge+1","floor":5},{"not_picked":["theMarked:ShockingTouch+1","theMarked:EmpowerWeapon+1","theMarked:ResourceFulStrike+1"],"picked":"SKIP","floor":7},{"not_picked":["theMarked:Seal+1","theMarked:Memento+1","theMarked:Panic+1"],"picked":"SKIP","floor":8},{"not_picked":["champ:DefensiveShout+1","Battle Trance+1"],"picked":"theDruid:BristlingDefense+1","floor":13},{"not_picked":["bronze:OilSpill+1","theDruid:Pathfinder+1","Slimebound:HungryTackle+1"],"picked":"SKIP","floor":14},{"not_picked":["bronze:BurnOut+1","A Thousand Cuts+1"],"picked":"Adrenaline+1","floor":16},{"not_picked":["hexamod:AdvancingGuard+1","PrimeTime+1","theMarked:Determination+1"],"picked":"SKIP","floor":18},{"not_picked":["bronze:Overheat+1","hexamod:ShieldOfDarkness+1","Guardian:Gem_Blue"],"picked":"SKIP","floor":20},{"not_picked":["StSShapeShifter:BarkSkin+1","hexamod:SuperheatedStrike+1","Worship+1"],"picked":"SKIP","floor":22},{"not_picked":["hermit:Ricochet+1","StSShapeShifter:BulwarkOfDiscovery+1","A Thousand Cuts+1"],"picked":"SKIP","floor":24},{"not_picked":["construct:Construct_Overclock+1","hermit:Desperado+1"],"picked":"beaked:MaddeningMurmurs+1","floor":26},{"not_picked":["Clockwork:Friction+1","construct:Overcharge+1","Guardian:ConstructionForm+1"],"picked":"SKIP","floor":27},{"not_picked":["Slimebound:Nibble+1","Slimebound:ProtectTheBoss+1","HandsUpB+1"],"picked":"SKIP","floor":28},{"not_picked":["thefirefly:CoveringFire+1","sneckomod:SoulDraw+1"],"picked":"champ:GladiatorStyle+1","floor":30},{"not_picked":["sneckomod:SerpentMind+1","StuffTheSpire:Recharge+1"],"picked":"Machine Learning+1","floor":33},{"not_picked":["hermit:Vantage+1","hermit:Dive+1"],"picked":"Perseverance+1","floor":35},{"not_picked":["construct:Autoturret+1","Wraith Form v2+1","Clockwork:Pluck+1"],"picked":"SKIP","floor":41},{"not_picked":["StSShapeShifter:Guard+1","sneckomod:UnknownClassTHE_BRONZE_AUTOMATON+1","construct:Versatility+1"],"picked":"SKIP","floor":42},{"not_picked":["bronze:Deprecate+1","thefirefly:InterceptingShot+1","theDruid:BloodiedFur+1"],"picked":"SKIP","floor":44},{"not_picked":["Protect+1","thefirefly:QuantumTunneling+1","theDruid:AstralShield+1"],"picked":"SKIP","floor":45},{"not_picked":["Protect+1","thefirefly:QuantumTunneling+1","theDruid:AstralShield+1"],"picked":"SKIP","floor":45},{"not_picked":["hubris:TrickCloak+1","Double Energy+1","Guardian:RollAttack+1"],"picked":"SKIP","floor":48},{"not_picked":["Guardian:SentryBeam+1","Clothesline+1","bronze:Flail+1"],"picked":"SKIP","floor":54}],"player_experience":3431019,"relics_obtained":[{"floor":7,"key":"Gremlin Food"},{"floor":14,"key":"reliquary:TuningFork"},{"floor":24,"key":"Happy Flower"},{"floor":26,"key":"halation:TwoAmDonut"},{"floor":27,"key":"BrokenLever"},{"floor":30,"key":"hubris:BottledRain"},{"floor":31,"key":"Letter Opener"},{"floor":41,"key":"conspire:TopHat"},{"floor":43,"key":"hubris:CuriousFeather"},{"floor":45,"key":"CherryCoatedStake"},{"floor":48,"key":"Replay:Rubber Ducky"},{"floor":54,"key":"aspiration:HummingbirdHeart"}],"event_choices":[{"damage_healed":0,"gold_gain":0,"player_choice":"Simplicity","damage_taken":0,"max_hp_gain":0,"max_hp_loss":9,"event_name":"betterThird:BetterWriting","floor":0,"gold_loss":0},{"cards_removed":["theMarked:SoldierOfQuellstein"],"damage_healed":0,"gold_gain":0,"player_choice":"Forget","damage_taken":0,"max_hp_gain":0,"max_hp_loss":0,"event_name":"Living Wall","floor":3,"gold_loss":0},{"damage_healed":0,"gold_gain":30,"player_choice":"Searched \u00273\u0027 times","damage_taken":0,"relics_obtained":["StuffTheSpire:Mouthbags"],"max_hp_gain":0,"max_hp_loss":0,"event_name":"Dead Adventurer","floor":12,"gold_loss":0},{"damage_healed":0,"gold_gain":0,"player_choice":"Ignored","damage_taken":0,"max_hp_gain":0,"max_hp_loss":0,"event_name":"Transmorgrifier","floor":21,"gold_loss":0},{"damage_healed":0,"gold_gain":0,"player_choice":"Paid","damage_taken":0,"relics_obtained":["Red Mask"],"max_hp_gain":0,"max_hp_loss":0,"event_name":"Tomb of Lord Red Mask","floor":37,"gold_loss":217},{"cards_removed":["theMarked:Strike"],"damage_healed":0,"gold_gain":0,"player_choice":"Removed Attack","damage_taken":0,"max_hp_gain":0,"max_hp_loss":0,"event_name":"Falling","floor":38,"gold_loss":0},{"damage_healed":0,"gold_gain":0,"player_choice":"Upgraded","damage_taken":0,"max_hp_gain":0,"max_hp_loss":0,"event_name":"Upgrade Shrine","floor":39,"gold_loss":0,"cards_upgraded":["champ:GladiatorStyle"]}],"is_beta":false,"boss_relics":[{"not_picked":["reliquary:RedPaperclip","conspire:SlowCooker","Kintsugi"]},{"not_picked":["theMarked:Eyepatch","aspiration:RunicSpoon"],"picked":"SlaversCollar"}],"items_purged_floors":[11,47],"is_endless":false,"potions_floor_spawned":[1,2,5,7,13,18,20,22,28,30,31,42,44,48],"ascension_level":8}}