{"host":"mu5qkq7030l6349q","time":1614018647,"event":{"mods":["AchievementEnabler","BaseMod","Colored Powertips","Downfall","Highlight Path","Minty Spire (QoL Compilation)","Permanent Neow","Rare Cards Sparkle","Relic Sorter","Relic Stats","StSLib"],"gold_per_floor":[99,118,16,31,50,50,50,68,98,98,113,142,142,152,162,257,257,257,268,280,280,280,308,333,353,370,388,402,402,402,435,451,553,553,553,566,291,338,223,223,277,288,106,132,151,151,168,18,31,31],"floor_reached":51,"language":"ENG","playtime":7369,"items_purged":["hexamod:Strike","hexamod:Strike","hexamod:Defend","hexamod:Defend"],"score":783,"play_id":"545f76c0-e419-4ebd-a7f1-a057898a70d7","local_time":"20210222193047","is_ascension_mode":false,"campfire_choices":[{"data":"hexamod:Float","floor":1.0,"key":"SMITH"},{"floor":10.0,"key":"REST"},{"data":"hexamod:BurningTouch","floor":18.0,"key":"SMITH"},{"floor":30.0,"key":"REST"},{"data":"hexamod:DynamicBlow","floor":35.0,"key":"SMITH"},{"floor":46.0,"key":"REST"}],"circlet_count":0,"master_deck":["hexamod:Strike+1","hexamod:Defend","hexamod:Defend","hexamod:Sear","hexamod:Float+1","hexamod:AdvancingGuard","hexamod:BurningTouch+1","hexamod:DynamicBlow+1","hexamod:HauntingEcho+1","hexamod:HeatShield","hexamod:FlamesFromBeyond","hexamod:Float+1","hexamod:Firestarter","hexamod:RainOfEmbers","hexamod:FirstSeal","hexamod:Hexaguard","hexamod:ShieldOfDarkness","hexamod:PhantomFireball","hexamod:VolcanoVisage","hexamod:Hexaguard","hexamod:EtherealExpedition+1","hexamod:ExtraCrispy","hexamod:ShieldOfDarkness","hexamod:InspiringFlames","hexamod:ThermalTransfer+1","hexamod:RadiantFlame+1","hexamod:SpectralAdrenaline+1","hexamod:SoulSteal","Secret Technique","hexamod:EtherealExpedition+1","hexamod:FlamesFromBeyond","hexamod:BurningTouch","hexamod:ThermalTransfer","expansioncontent:DashGenerateEvil","hexamod:GhostOfSpireFuture","hexamod:GhostOfSpireFuture+1","hexamod:RadiantFlame+1","hexamod:PhantomCloak","hexamod:PhantomCloak","hexamod:ExtraCrispy"],"relics":["hexamod:UnbrokenSoul","Dream Catcher","Regal Pillow","WingedGreaves","Whetstone","Question Card","SlaversCollar","Bottled Lightning","Anchor","Blue Candle","hexamod:MatchstickCase","Pocketwatch","Lantern","Membership Card","Gremlin Horn","Bag of Preparation"],"acts_visited":["Exordium","TheCity","TheBeyond"],"potions_floor_usage":[50,50],"damage_taken":[{"damage":0.0,"enemies":"Cultist","floor":2.0,"turns":3.0},{"damage":0.0,"enemies":"downfall:FleeingMerchant","floor":3.0,"turns":4.0},{"damage":11.0,"enemies":"Small Slimes","floor":4.0,"turns":3.0},{"damage":4.0,"enemies":"Jaw Worm","floor":5.0,"turns":4.0},{"damage":6.0,"enemies":"Lots of Slimes","floor":8.0,"turns":4.0},{"damage":34.0,"enemies":"3 Sentries","floor":9.0,"turns":9.0},{"damage":5.0,"enemies":"Exordium Thugs","floor":11.0,"turns":4.0},{"damage":13.0,"enemies":"Gremlin Nob","floor":12.0,"turns":3.0},{"damage":0.0,"enemies":"downfall:LooterAlt","floor":14.0,"turns":3.0},{"damage":7.0,"enemies":"Blue Slaver","floor":15.0,"turns":3.0},{"damage":10.0,"enemies":"IC_STATUS_ARCHETYPE","floor":16.0,"turns":6.0},{"damage":1.0,"enemies":"Spheric Guardian","floor":19.0,"turns":4.0},{"damage":8.0,"enemies":"downfall:LooterAlt2","floor":20.0,"turns":5.0},{"damage":32.0,"enemies":"Gremlin Leader","floor":23.0,"turns":6.0},{"damage":14.0,"enemies":"Snecko","floor":25.0,"turns":7.0},{"damage":6.0,"enemies":"Snake Plant","floor":26.0,"turns":3.0},{"damage":13.0,"enemies":"3 Cultists","floor":27.0,"turns":5.0},{"damage":9.0,"enemies":"Chosen and Byrds","floor":28.0,"turns":5.0},{"damage":20.0,"enemies":"Slavers","floor":31.0,"turns":6.0},{"damage":0.0,"enemies":"Centurion and Healer","floor":32.0,"turns":5.0},{"damage":30.0,"enemies":"SI_MIRROR_ARCHETYPE","floor":33.0,"turns":10.0},{"damage":0.0,"enemies":"3 Shapes","floor":36.0,"turns":5.0},{"damage":0.0,"enemies":"downfall:FleeingMerchant","floor":37.0,"turns":4.0},{"damage":4.0,"enemies":"2 Orb Walkers","floor":38.0,"turns":3.0},{"damage":7.0,"enemies":"downfall:FleeingMerchant","floor":39.0,"turns":4.0},{"damage":0.0,"enemies":"Orb Walker","floor":42.0,"turns":3.0},{"damage":20.0,"enemies":"downfall:FleeingMerchant","floor":43.0,"turns":4.0},{"damage":46.0,"enemies":"Reptomancer","floor":44.0,"turns":7.0},{"damage":10.0,"enemies":"Spire Growth","floor":45.0,"turns":5.0},{"damage":0.0,"enemies":"Writhing Mass","floor":47.0,"turns":4.0},{"damage":22.0,"enemies":"Jaw Worm Horde","floor":49.0,"turns":3.0},{"damage":31,"enemies":"DF_ARCHETYPE_ORBS","floor":50,"turns":9}],"seed_played":"5709381835384525328","potions_obtained":[{"floor":5.0,"key":"LiquidBronze"},{"floor":8.0,"key":"Block Potion"},{"floor":9.0,"key":"EntropicBrew"},{"floor":11.0,"key":"hexamod:EctoCoolerPotion"},{"floor":23.0,"key":"PowerPotion"},{"floor":26.0,"key":"FairyPotion"},{"floor":33.0,"key":"Regen Potion"},{"floor":36.0,"key":"Swift Potion"},{"floor":42.0,"key":"Strength Potion"},{"floor":45.0,"key":"hexamod:SoulburnPotion"},{"floor":47.0,"key":"Fruit Juice"}],"is_trial":false,"path_per_floor":["R","M","$","M","M","?","T","M","E","R","M","E","T","M","M","B",null,"R","M","M","?","?","E","T","M","M","M","M","?","R","E","M","B",null,"R","M","?","?","$","?","T","M","$","E","M","R","M","$","M","B",null],"character_chosen":"THE_SPIRIT","items_purchased":["hexamod:DynamicBlow","hexamod:HauntingEcho","Secret Technique","Membership Card","hexamod:ThermalTransfer","Regen Potion","expansioncontent:DashGenerateEvil","Gremlin Horn","hexamod:GhostOfSpireFuture","hexamod:ExtraCrispy","hexamod:DoubleChargePotion"],"campfire_rested":3,"item_purchase_floors":[3,3,37,43,43,43,43,43,43,48,48],"current_hp_per_floor":[70,70,70,59,55,55,55,49,15,51,46,40,40,40,33,23,70,70,70,69,69,69,44,44,37,38,32,30,25,61,48,55,25,70,70,70,70,66,66,66,66,66,53,26,37,70,75,75,60,36],"gold":31,"neow_bonus":"RANDOM_COMMON_RELIC","is_daily":false,"chose_seed":false,"campfire_upgraded":3,"win_rate":0.0,"timestamp":1614018647,"path_taken":["R","M","$","M","?","?","T","M","E","R","?","E","?","?","M","BOSS","R","M","M","?","?","E","T","?","M","M","M","?","R","E","M","BOSS","R","M","?","?","?","?","T","M","$","E","M","R","?","?","M","BOSS"],"items_purchased_type":["Card","Card","Card","Relic","Card","Potion","Card","Relic","Card","Card","Potion"],"build_version":"2020-12-22","purchased_purges":4,"victory":true,"max_hp_per_floor":[70,70,70,70,70,70,70,70,70,70,70,70,70,70,70,70,70,70,70,70,70,70,70,70,70,70,70,70,70,70,70,70,70,70,70,70,70,70,70,70,70,70,70,70,70,70,75,75,75,75],"relic_stats":{"Dream Catcher":3,"Regal Pillow":42,"Gremlin Horn":[4,4],"counters":[32,153],"Blue Candle":[0],"Bag of Preparation":[8],"Whetstone":["hexamod:HauntingEcho","hexamod:Strike"],"Question Card":25,"obtain_stats":[{"Regal Pillow":7,"Lantern":41,"Gremlin Horn":43,"Blue Candle":29,"Bag of Preparation":44,"Whetstone":12,"Question Card":13,"hexamod:MatchstickCase":31,"SlaversCollar":17,"Dream Catcher":0,"Anchor":24,"hexamod:UnbrokenSoul":34,"WingedGreaves":9,"Bottled Lightning":23,"Membership Card":43,"hexamod:SpiritBrand":0,"Pocketwatch":38},{"Regal Pillow":4,"Lantern":25,"Gremlin Horn":27,"Blue Candle":18,"Bag of Preparation":28,"Whetstone":8,"Question Card":8,"hexamod:MatchstickCase":19,"SlaversCollar":11,"Dream Catcher":0,"Anchor":14,"hexamod:UnbrokenSoul":21,"WingedGreaves":6,"Bottled Lightning":14,"Membership Card":27,"hexamod:SpiritBrand":0,"Pocketwatch":24},{"Regal Pillow":14,"Lantern":118,"Gremlin Horn":125,"Blue Candle":81,"Bag of Preparation":132,"Whetstone":34,"Question Card":34,"hexamod:MatchstickCase":87,"SlaversCollar":46,"Dream Catcher":0,"Anchor":61,"hexamod:UnbrokenSoul":102,"WingedGreaves":27,"Bottled Lightning":61,"Membership Card":125,"hexamod:SpiritBrand":0,"Pocketwatch":114}],"Pocketwatch":[6]},"card_choices":[{"not_picked":["hexamod:NightmareStrike","hexamod:GhostLash"],"picked":"hexamod:AdvancingGuard","floor":2.0},{"not_picked":["hexamod:InspiringFlames","hexamod:HeatMetal"],"picked":"hexamod:BurningTouch","floor":3.0},{"not_picked":["hexamod:GhostShield","hexamod:Incineration"],"picked":"hexamod:HeatShield","floor":4.0},{"not_picked":["hexamod:HeatShield","hexamod:HeatMetal"],"picked":"hexamod:FlamesFromBeyond","floor":5.0},{"not_picked":["hexamod:FlamesFromBeyond","hexamod:FourthSeal","hexamod:GhostflameBarrier"],"picked":"SKIP","floor":8.0},{"not_picked":["hexamod:NightmareGuise","hexamod:TurnItUp"],"picked":"hexamod:Firestarter","floor":9.0},{"not_picked":["hexamod:RecurringNightmare","hexamod:SwordOfDarkness"],"picked":"hexamod:RainOfEmbers","floor":10.0},{"not_picked":["hexamod:Incineration","hexamod:NightmareStrike"],"picked":"hexamod:FirstSeal","floor":11.0},{"not_picked":["hexamod:GhostShield","hexamod:NightmareStrike"],"picked":"hexamod:Hexaguard","floor":12.0},{"not_picked":["hexamod:SpectersWail","hexamod:BurningTouch","hexamod:NightmareStrike"],"picked":"hexamod:ShieldOfDarkness","floor":14.0},{"not_picked":["hexamod:ThermalTransfer","hexamod:NightmareGuise","hexamod:Hexaguard"],"picked":"hexamod:PhantomFireball","floor":15.0},{"not_picked":["hexamod:FifthSeal","hexamod:TimeWarp","hexamod:TimeOfNeed"],"picked":"hexamod:VolcanoVisage","floor":16.0},{"not_picked":["hexamod:GhostOfSpireFuture","hexamod:GhostShield","hexamod:SwordOfDarkness"],"picked":"hexamod:Hexaguard","floor":19.0},{"not_picked":["hexamod:Firestarter","hexamod:Incineration","hexamod:FlamesFromBeyond"],"picked":"hexamod:EtherealExpedition+1","floor":20.0},{"not_picked":["hexamod:EmpoweredFlame+1","hexamod:FourthSeal","hexamod:TurnItUp","hexamod:AdvancingGuard"],"picked":"SKIP","floor":23.0},{"not_picked":["hexamod:SwordOfDarkness+1","hexamod:SecondSeal","hexamod:GhostShield","hexamod:FastForward+1"],"picked":"SKIP","floor":25.0},{"not_picked":["hexamod:FlamesFromBeyond","hexamod:HeatMetal+1","hexamod:FastForward+1","hexamod:NightmareStrike+1"],"picked":"SKIP","floor":26.0},{"not_picked":["hexamod:AdvancingGuard+1","hexamod:EmpoweredFlame","hexamod:PhantomFireball","hexamod:NightmareStrike"],"picked":"SKIP","floor":27.0},{"not_picked":["hexamod:PowerFromBeyond","hexamod:AdvancingGuard","hexamod:GhostShield"],"picked":"hexamod:ShieldOfDarkness","floor":28.0},{"not_picked":["hexamod:FirstSeal","hexamod:Hexaguard","hexamod:SkipABeat"],"picked":"hexamod:InspiringFlames","floor":30.0},{"not_picked":["hexamod:UnleashSpirits","hexamod:SpectersWail","hexamod:GhostShield+1"],"picked":"hexamod:ThermalTransfer+1","floor":31.0},{"not_picked":["hexamod:EmpoweredFlame","hexamod:CatchUp","hexamod:HeatShield"],"picked":"hexamod:RadiantFlame+1","floor":32.0},{"not_picked":["hexamod:GhostflameBarrier","hexamod:SpectersWail+1","hexamod:Firestarter+1"],"picked":"hexamod:SpectralAdrenaline+1","floor":36.0},{"not_picked":["hexamod:ShieldOfDarkness+1","hexamod:Firestarter","hexamod:HexaLevel"],"picked":"hexamod:SoulSteal","floor":37.0},{"not_picked":["hexamod:FastForward","hexamod:InspiringFlames+1","hexamod:ShieldOfDarkness+1"],"picked":"hexamod:EtherealExpedition+1","floor":38.0},{"not_picked":["hexamod:HauntingEcho+1","hexamod:GhostLash+1","hexamod:NightmareGuise","hexamod:EmpoweredFlame"],"picked":"SKIP","floor":39.0},{"not_picked":["hexamod:FastForward","hexamod:ThirdSeal","hexamod:SoulSteal+1"],"picked":"hexamod:FlamesFromBeyond","floor":42.0},{"not_picked":["hexamod:Haunt","hexamod:GhostShield","hexamod:SpectersWail"],"picked":"hexamod:BurningTouch","floor":43.0},{"not_picked":["hexamod:EtherealExpedition+1","hexamod:TurnItUp","hexamod:GhostflameInferno"],"picked":"hexamod:GhostOfSpireFuture+1","floor":44.0},{"not_picked":["hexamod:HauntingEcho","hexamod:NightmareGuise+1","hexamod:InspiringFlames"],"picked":"hexamod:RadiantFlame+1","floor":45.0},{"not_picked":["hexamod:Firestarter+1","hexamod:SwordOfDarkness","hexamod:GhostShield"],"picked":"hexamod:PhantomCloak","floor":46.0},{"not_picked":["hexamod:Again","hexamod:SwordOfDarkness+1","hexamod:SpectersWail"],"picked":"hexamod:PhantomCloak","floor":47.0},{"not_picked":["hexamod:ForkedFlame","hexamod:SpectersWail+1","hexamod:Incineration","hexamod:FlamesFromBeyond+1"],"picked":"SKIP","floor":49.0}],"player_experience":79605,"relics_obtained":[{"floor":7.0,"key":"Regal Pillow"},{"floor":9.0,"key":"WingedGreaves"},{"floor":12.0,"key":"Whetstone"},{"floor":13.0,"key":"Question Card"},{"floor":23.0,"key":"Bottled Lightning"},{"floor":24.0,"key":"Anchor"},{"floor":31.0,"key":"hexamod:MatchstickCase"},{"floor":38.0,"key":"Pocketwatch"},{"floor":41.0,"key":"Lantern"},{"floor":44.0,"key":"Bag of Preparation"}],"event_choices":[{"damage_healed":0.0,"max_hp_gain":0.0,"max_hp_loss":0.0,"gold_gain":0.0,"event_name":"The Library","player_choice":"Read","floor":21.0,"gold_loss":0.0,"damage_taken":0.0,"cards_obtained":["hexamod:ExtraCrispy"]},{"cards_removed":["hexamod:Strike"],"damage_healed":0.0,"max_hp_gain":0.0,"max_hp_loss":0.0,"gold_gain":0.0,"event_name":"Bonfire Elementals","player_choice":"Offered Basic","floor":22.0,"gold_loss":0.0,"damage_taken":0.0},{"damage_healed":0.0,"max_hp_gain":0.0,"max_hp_loss":0.0,"gold_gain":0.0,"event_name":"Mysterious Sphere","player_choice":"Fight","floor":38.0,"gold_loss":0.0,"damage_taken":0.0}],"is_beta":false,"boss_relics":[{"not_picked":["Black Star","Velvet Choker"],"picked":"SlaversCollar"},{"not_picked":["bronze:MakeshiftBattery","Runic Pyramid"],"picked":"hexamod:UnbrokenSoul"}],"items_purged_floors":[37,39,43,48],"is_endless":false,"potions_floor_spawned":[5,8,9,11,12,15,19,20,23,26,27,33,36,42,45,47,49],"ascension_level":0}}