{"host":"1avr1135to2copjv","time":1614027836,"event":{"mods":["BaseMod","Colored Map","Colored Powertips","Filter the Spire","Minty Spire (QoL Compilation)","Relic Stats","StSLib","The Servant 0.9.4"],"gold_per_floor":[116,130,148,168,168,168,202,202,202,202,235,235,250,277,277,382,382,394,414,430,430,441,471,490,490,490,505,530,530,549,549,549,649,649,660,684,230,241,142,142,175,175,175,175,195,226,226,260,260,260,260,260,3,30,30],"floor_reached":56,"language":"ENG","playtime":2554,"items_purged":["Brutality"],"score":1500,"play_id":"5d466f3c-2ef5-4cde-8055-0505234ee1a2","local_time":"20210223000356","is_ascension_mode":true,"campfire_choices":[{"floor":6,"key":"REST"},{"data":"Blood for Blood","floor":8,"key":"SMITH"},{"data":"Demon Form","floor":10,"key":"SMITH"},{"floor":15,"key":"REST"},{"floor":25,"key":"REST"},{"data":"Flame Barrier","floor":32,"key":"SMITH"},{"floor":40,"key":"RECALL"},{"data":"Ghostly","floor":42,"key":"SMITH"},{"data":"Ghostly","floor":49,"key":"SMITH"},{"data":"Ghostly","floor":52,"key":"SMITH"}],"circlet_count":0,"master_deck":["Bash","Second Wind","Demon Form+1","Twin Strike","Whirlwind","Carnage","Blood for Blood+1","Corruption","Juggernaut","Headbutt+1","Flame Barrier+1","True Grit","Disarm+1","Sword Boomerang","Disarm","Shrug It Off","Clothesline","Offering","Spot Weakness","Pommel Strike+1","Flame Barrier","Heavy Blade","Intimidate+1","Rage","Pummel","Ghostly+1","Ghostly+1","Ghostly+1","Ghostly","Ghostly","Shrug It Off+1","Barricade","Bludgeon","Rupture","Body Slam+1","Shrug It Off","Uppercut+1","Ghostly Armor+1","Evolve","Good Instincts","Limit Break","Sword Boomerang","Second Wind"],"relics":["Pandora\u0027s Box","Mango","Pocketwatch","Tiny Chest","Snecko Eye","Bottled Tornado","Bag of Marbles","StoneCalendar","Velvet Choker","PreservedInsect","HandDrill","Pantograph","Paper Frog","Juzu Bracelet","Strawberry","Self Forming Clay","Red Skull"],"acts_visited":["Exordium","TheCity","TheBeyond","TheEnding"],"potions_floor_usage":[14,55],"damage_taken":[{"damage":8,"enemies":"Jaw Worm","floor":1,"turns":2},{"damage":0,"enemies":"2 Louse","floor":2,"turns":1},{"damage":19,"enemies":"Small Slimes","floor":3,"turns":4},{"damage":0,"enemies":"2 Fungi Beasts","floor":4,"turns":3},{"damage":26,"enemies":"3 Sentries","floor":7,"turns":7},{"damage":20,"enemies":"Lagavulin","floor":11,"turns":6},{"damage":0,"enemies":"Large Slime","floor":13,"turns":3},{"damage":11,"enemies":"3 Sentries","floor":14,"turns":6},{"damage":3,"enemies":"Hexaghost","floor":16,"turns":7},{"damage":4,"enemies":"Chosen","floor":18,"turns":3},{"damage":22,"enemies":"2 Thieves","floor":19,"turns":2},{"damage":6,"enemies":"Shelled Parasite and Fungi","floor":20,"turns":2},{"damage":1,"enemies":"Snake Plant","floor":22,"turns":3},{"damage":8,"enemies":"Book of Stabbing","floor":23,"turns":3},{"damage":6,"enemies":"3 Cultists","floor":24,"turns":3},{"damage":8,"enemies":"Shelled Parasite and Fungi","floor":27,"turns":3},{"damage":11,"enemies":"Gremlin Leader","floor":28,"turns":5},{"damage":1,"enemies":"Cultist and Chosen","floor":30,"turns":5},{"damage":6,"enemies":"Champ","floor":33,"turns":7},{"damage":2,"enemies":"3 Shapes","floor":35,"turns":4},{"damage":0,"enemies":"Orb Walker","floor":38,"turns":2},{"damage":2,"enemies":"Giant Head","floor":41,"turns":6},{"damage":1,"enemies":"Transient","floor":45,"turns":5},{"damage":3,"enemies":"Reptomancer","floor":46,"turns":6},{"damage":9,"enemies":"Nemesis","floor":48,"turns":5},{"damage":2,"enemies":"Time Eater","floor":50,"turns":7},{"damage":5,"enemies":"Shield and Spear","floor":54,"turns":6},{"damage":10,"enemies":"The Heart","floor":55,"turns":9}],"seed_played":"866660472751544169","potions_obtained":[{"floor":2,"key":"SteroidPotion"},{"floor":7,"key":"SteroidPotion"},{"floor":13,"key":"Regen Potion"},{"floor":14,"key":"Weak Potion"},{"floor":16,"key":"DuplicationPotion"},{"floor":19,"key":"SkillPotion"},{"floor":23,"key":"PowerPotion"}],"is_trial":false,"path_per_floor":["M","M","M","M","?","R","E","R","T","R","E","?","M","E","R","B",null,"M","M","M","?","M","E","M","R","T","M","E","?","M","?","R","B",null,"M","T","$","M","$","R","E","R","T","?","M","E","?","E","R","B",null,"R","$","E","B",null],"character_chosen":"IRONCLAD","items_purchased":["Rupture","HandDrill","Pantograph","Shrug It Off","Good Instincts","Limit Break","Sword Boomerang"],"campfire_rested":3,"item_purchase_floors":[37,37,37,39,53,53,53],"current_hp_per_floor":[72,72,53,53,37,61,49,49,49,49,29,29,29,33,61,58,94,90,68,62,62,61,53,47,75,75,67,56,47,46,46,46,40,47,45,45,45,45,45,45,43,43,43,43,42,46,46,37,37,50,52,52,52,47,42],"gold":30,"neow_bonus":"BOSS_RELIC","is_daily":false,"chose_seed":false,"campfire_upgraded":6,"win_rate":0.0,"timestamp":1614027836,"path_taken":["M","M","M","M","?","R","E","R","T","R","E","?","M","E","R","BOSS","M","M","M","?","M","E","M","R","T","M","E","?","M","?","R","BOSS","M","?","$","M","?","R","E","R","T","?","M","E","?","E","R","BOSS","R","$","E","BOSS"],"items_purchased_type":["Card","Relic","Relic","Card","Card","Card","Card"],"build_version":"2020-12-22","purchased_purges":1,"victory":true,"max_hp_per_floor":[80,80,80,80,80,80,94,94,94,94,94,94,94,94,94,94,94,94,94,94,94,94,94,94,94,94,94,94,47,47,47,47,47,47,47,47,47,47,47,47,47,47,47,45,45,52,52,52,52,52,52,52,52,52,52],"relic_stats":{"counters":[28,125],"Self Forming Clay":[24],"Pantograph":20,"Snecko Eye":[199,163,163,167],"Pandora\u0027s Box":["Second Wind","Demon Form","Twin Strike","Whirlwind","Carnage","Blood for Blood","Brutality","Corruption","Juggernaut"],"Tiny Chest":1,"StoneCalendar":[52],"PreservedInsect":300,"HandDrill":[2],"Juzu Bracelet":0,"obtain_stats":[{"Self Forming Clay":48,"Velvet Choker":34,"Mango":7,"StoneCalendar":28,"PreservedInsect":36,"Juzu Bracelet":43,"Bottled Tornado":23,"Burning Blood":0,"Pantograph":37,"Strawberry":46,"Snecko Eye":17,"Pandora\u0027s Box":0,"Tiny Chest":14,"Bag of Marbles":26,"HandDrill":37,"Red Skull":54,"Pocketwatch":11,"Paper Frog":41},{"Self Forming Clay":25,"Velvet Choker":19,"Mango":5,"StoneCalendar":17,"PreservedInsect":20,"Juzu Bracelet":22,"Bottled Tornado":14,"Burning Blood":0,"Pantograph":20,"Strawberry":24,"Snecko Eye":9,"Pandora\u0027s Box":0,"Tiny Chest":8,"Bag of Marbles":15,"HandDrill":20,"Red Skull":27,"Pocketwatch":6,"Paper Frog":22},{"Self Forming Clay":103,"Velvet Choker":75,"Mango":17,"StoneCalendar":63,"PreservedInsect":79,"Juzu Bracelet":87,"Bottled Tornado":52,"Burning Blood":0,"Pantograph":79,"Strawberry":98,"Snecko Eye":39,"Pandora\u0027s Box":0,"Tiny Chest":32,"Bag of Marbles":55,"HandDrill":79,"Red Skull":116,"Pocketwatch":23,"Paper Frog":87}],"Pocketwatch":[105]},"card_choices":[{"not_picked":["Pommel Strike","Rupture"],"picked":"Headbutt","floor":1},{"not_picked":["Perfected Strike","Iron Wave"],"picked":"Flame Barrier","floor":2},{"not_picked":["Perfected Strike","Dropkick"],"picked":"True Grit","floor":3},{"not_picked":["True Grit","Wild Strike"],"picked":"Disarm","floor":4},{"not_picked":["Body Slam","Headbutt"],"picked":"Sword Boomerang","floor":7},{"not_picked":["Headbutt","Berserk"],"picked":"Disarm","floor":11},{"not_picked":["Flex","Wild Strike"],"picked":"Shrug It Off","floor":13},{"not_picked":["Perfected Strike","Sword Boomerang"],"picked":"Clothesline","floor":14},{"not_picked":["Immolate","Impervious"],"picked":"Offering","floor":16},{"not_picked":["Twin Strike","Dark Embrace"],"picked":"Spot Weakness","floor":18},{"not_picked":["Flex","Combust"],"picked":"Pommel Strike+1","floor":19},{"not_picked":["Inflame+1","Headbutt"],"picked":"Flame Barrier","floor":20},{"not_picked":["Infernal Blade","Thunderclap","Iron Wave"],"picked":"SKIP","floor":22},{"not_picked":["Headbutt","Demon Form"],"picked":"Heavy Blade","floor":23},{"not_picked":["Perfected Strike+1","Searing Blow"],"picked":"Intimidate+1","floor":24},{"not_picked":["Clash","Warcry"],"picked":"Rage","floor":27},{"not_picked":["Blood for Blood","Sword Boomerang"],"picked":"Pummel","floor":28},{"not_picked":["Burning Pact+1","Perfected Strike+1"],"picked":"Shrug It Off+1","floor":30},{"not_picked":["Corruption","Offering"],"picked":"Bludgeon","floor":33},{"not_picked":["Havoc+1","Headbutt","Clash"],"picked":"SKIP","floor":35},{"not_picked":["Iron Wave","Twin Strike"],"picked":"Body Slam+1","floor":38},{"not_picked":["Reckless Charge","Spot Weakness"],"picked":"Uppercut+1","floor":41},{"not_picked":["Clothesline+1","Anger"],"picked":"Ghostly Armor+1","floor":45},{"not_picked":["Headbutt","Warcry","Iron Wave"],"picked":"SKIP","floor":46},{"not_picked":["Rupture+1","Juggernaut"],"picked":"Evolve","floor":48},{"not_picked":["Rampage+1","Heavy Blade"],"picked":"Second Wind","floor":54}],"player_experience":1087685,"relics_obtained":[{"floor":7,"key":"Mango"},{"floor":11,"key":"Pocketwatch"},{"floor":14,"key":"Tiny Chest"},{"floor":23,"key":"Bottled Tornado"},{"floor":26,"key":"Bag of Marbles"},{"floor":28,"key":"StoneCalendar"},{"floor":36,"key":"PreservedInsect"},{"floor":41,"key":"Paper Frog"},{"floor":43,"key":"Juzu Bracelet"},{"floor":46,"key":"Strawberry"},{"floor":48,"key":"Self Forming Clay"},{"floor":54,"key":"Red Skull"}],"event_choices":[{"damage_healed":0,"gold_gain":0,"player_choice":"Entered Light","damage_taken":16,"max_hp_gain":0,"max_hp_loss":0,"event_name":"Shining Light","floor":5,"gold_loss":0,"cards_upgraded":["Headbutt","Disarm"]},{"damage_healed":0,"gold_gain":0,"player_choice":"Ignored","damage_taken":0,"max_hp_gain":0,"max_hp_loss":0,"event_name":"Liars Game","floor":12,"gold_loss":0},{"damage_healed":0,"gold_gain":0,"player_choice":"Ignored","damage_taken":0,"max_hp_gain":0,"max_hp_loss":0,"event_name":"Vampires","floor":21,"gold_loss":0},{"damage_healed":0,"gold_gain":0,"player_choice":"Became a Ghost","damage_taken":0,"max_hp_gain":0,"max_hp_loss":47,"event_name":"Ghosts","floor":29,"gold_loss":0,"cards_obtained":["Ghostly","Ghostly","Ghostly","Ghostly","Ghostly"]},{"damage_healed":0,"gold_gain":0,"player_choice":"Read","damage_taken":0,"max_hp_gain":0,"max_hp_loss":0,"event_name":"The Library","floor":31,"gold_loss":0,"cards_obtained":["Barricade"]},{"damage_healed":0,"gold_gain":0,"player_choice":"Max HP","damage_taken":0,"max_hp_gain":0,"max_hp_loss":2,"event_name":"Winding Halls","floor":44,"gold_loss":0},{"damage_healed":0,"gold_gain":0,"player_choice":"0 cards matched","damage_taken":0,"max_hp_gain":0,"max_hp_loss":0,"event_name":"Match and Keep!","floor":47,"gold_loss":0,"cards_obtained":[]}],"is_beta":false,"boss_relics":[{"not_picked":["Cursed Key","Runic Cube"],"picked":"Snecko Eye"},{"not_picked":["Runic Dome","Runic Pyramid"],"picked":"Velvet Choker"}],"items_purged_floors":[39],"is_endless":false,"potions_floor_spawned":[2,7,13,14,16,19,23,28,46],"ascension_level":2}}