{"host":"106a9i1yxyuuvaq3","time":1614036179,"event":{"mods":["2.2 Compatiblity","AchievementEnabler","Act Like it!","AlwaysNeverKeys","BaseMod","Better Altar","Better Match","Better Note","Better Sensory Stone","Better Skull","Better Third Choice","BetterRewards","Colored Map","Colored Powertips","Defuse TimeMaze Blight","Friendly Minions","Highlight Path","Hubris","Infinite Spire","Minty Spire (QoL Compilation)","Quick Restart","Random Character Button","Relic Filter","Relic Sorter","Replay The Spire","Spicy Shops","StSLib","SuperFastMode","The Administrix","The Animator","The Bug Knight","The Cursed","The Florist","The Gatherer","The Jungle","Unceasing Turn Reminder","Waifu the Spire"],"gold_per_floor":[114,127,127,142,154,154,188,188,262,296,296,313,313,341,341,439,439,455,730,730,750,760,760,760,760],"floor_reached":24,"language":"ENG","playtime":2303,"items_purged":["Regret"],"score":528,"play_id":"596b4926-b375-4592-bf22-ce65b4061fad","local_time":"20210223002259","is_ascension_mode":true,"campfire_choices":[{"data":"AdministrixMod:CastOffRegrets","floor":6.0,"key":"SMITH"},{"data":"AdministrixMod:ShadowPlay","floor":15.0,"key":"SMITH"},{"data":"AdministrixMod:DeathByGlamour","floor":23.0,"key":"SMITH"}],"circlet_count":0,"master_deck":["AdministrixMod:Strike_Administrix","AdministrixMod:Strike_Administrix","AdministrixMod:Strike_Administrix","AdministrixMod:Strike_Administrix+1","AdministrixMod:RedCloak","AdministrixMod:Defend_Administrix","AdministrixMod:Defend_Administrix+1","AdministrixMod:Defend_Administrix","AdministrixMod:Defend_Administrix","AdministrixMod:BlueCloak","AdministrixMod:CastOffRegrets+1","AdministrixMod:Convergence+1","AdministrixMod:WickedPunishment+1","AdministrixMod:ShadowPlay+1","AdministrixMod:DeathByGlamour+1","CurseOfTheBell","Pot Of Greed","Pot Of Greed","AdministrixMod:FeastOfDew+1"],"relics":["infinitespire:DarkRift","infinitespire:ShieldingShard","Juzu Bracelet","Anchor","Vajra","Snack Pack","The Courier","Spirit Poop","infinitespire:Cubic Diamond","Simple Rune","Calling Bell","Replay:WaspNest","Grinning Jar","hubris:TerracottaHorce","Torii"],"acts_visited":["Exordium","Exordium"],"potions_floor_usage":[24],"damage_taken":[{"damage":12.0,"enemies":"Small Slimes","floor":1.0,"turns":5.0},{"damage":1.0,"enemies":"2 Louse","floor":2.0,"turns":3.0},{"damage":3.0,"enemies":"infinitespire:Voidling","floor":4.0,"turns":3.0},{"damage":0.0,"enemies":"Gremlin Gang","floor":5.0,"turns":3.0},{"damage":15.0,"enemies":"HollowMod:MossKnight","floor":7.0,"turns":7.0},{"damage":0.0,"enemies":"Gremlin Nob","floor":10.0,"turns":3.0},{"damage":0.0,"enemies":"Looter","floor":12.0,"turns":3.0},{"damage":0.0,"enemies":"3 Sentries","floor":14.0,"turns":4.0},{"damage":0.0,"enemies":"Slime Boss","floor":16.0,"turns":7.0},{"damage":17.0,"enemies":"theJungle:Flameango_and_Byrd","floor":18.0,"turns":4.0},{"damage":6.0,"enemies":"theJungle:GiantWrat","floor":21.0,"turns":5.0},{"damage":13.0,"enemies":"theJungle:Lyon","floor":22.0,"turns":5.0},{"damage":59,"enemies":"theJungle:MamaSnecko","floor":24,"turns":4}],"seed_played":"5618078225820873321","potions_obtained":[{"floor":1.0,"key":"BlessingOfTheForge"},{"floor":10.0,"key":"Explosive Potion"}],"is_trial":false,"path_per_floor":["M","M","?","M","M","R","E","?","T","E","?","M","?","E","R","B",null,"M","?","AVR","M","M","R","E"],"character_chosen":"TheAdministrix","items_purchased":["infinitespire:ShieldingShard","AdministrixMod:CastOffRegrets","Juzu Bracelet","Anchor","AdministrixMod:Convergence","AdministrixMod:WickedPunishment","Swift Potion","Explosive Potion"],"campfire_rested":0,"item_purchase_floors":[0,0,0,0,0,0,0,0],"current_hp_per_floor":[53,52,52,49,49,49,34,34,34,38,38,40,40,42,42,48,65,50,50,50,50,39,39,0,0],"gold":760,"neow_bonus":"","is_daily":false,"chose_seed":false,"campfire_upgraded":3,"win_rate":0.0,"timestamp":1614036179,"path_taken":["M","M","?","M","M","R","E","?","T","E","?","M","?","E","R","BOSS","M","?","AVR","M","M","R","E"],"items_purchased_type":["Relic","Card","Relic","Relic","Card","Card","Potion","Potion"],"build_version":"2020-12-22","purchased_purges":1,"victory":false,"max_hp_per_floor":[65,65,65,65,65,65,65,65,65,65,65,65,65,65,65,65,65,65,65,65,65,65,65,65,65],"card_choices":[{"not_picked":["AdministrixMod:SyncreticPlunge","AdministrixMod:RegentEdict","AdministrixMod:RebukeDesires"],"picked":"SKIP","floor":1.0},{"not_picked":["AdministrixMod:ImmortalPurity","AdministrixMod:NewWardrobe","AdministrixMod:SeventeenArticleLaser"],"picked":"SKIP","floor":2.0},{"not_picked":["AdministrixMod:Transition","AdministrixMod:SealAway","AdministrixMod:SipOfSparks"],"picked":"SKIP","floor":4.0},{"not_picked":["AdministrixMod:ReachToHeaven","AdministrixMod:Overdrive","AdministrixMod:WickedPunishment"],"picked":"SKIP","floor":5.0},{"not_picked":["AdministrixMod:WickedPunishment","AdministrixMod:FaithfulFlames","AdministrixMod:LightOfYourLife"],"picked":"SKIP","floor":7.0},{"not_picked":["AdministrixMod:ImmortalGrace","AdministrixMod:SipOfSparks","AdministrixMod:SeventeenArticleLaser"],"picked":"SKIP","floor":10.0},{"not_picked":["AdministrixMod:ImmortalGrace","AdministrixMod:SipOfSparks","AdministrixMod:SeventeenArticleLaser"],"picked":"SKIP","floor":10.0},{"not_picked":["AdministrixMod:TouchOfCinnabar","AdministrixMod:FuneraryRites"],"picked":"AdministrixMod:ShadowPlay","floor":12.0},{"not_picked":["AdministrixMod:QuietConspiracy","AdministrixMod:Schism","AdministrixMod:CenturiesAscent"],"picked":"SKIP","floor":14.0},{"not_picked":["AdministrixMod:FaithfulFlames","AdministrixMod:Schism"],"picked":"AdministrixMod:DeathByGlamour","floor":16.0},{"not_picked":["AdministrixMod:ShadowPlay","AdministrixMod:ImmortalGrace+1","AdministrixMod:Transition+1"],"picked":"SKIP","floor":18.0},{"not_picked":["AdministrixMod:LightOfYourLife","AdministrixMod:BloodBargain+1"],"picked":"AdministrixMod:FeastOfDew+1","floor":21.0},{"not_picked":["AdministrixMod:Convergence","AdministrixMod:DiversionaryTactic","AdministrixMod:ImmortalGrace"],"picked":"SKIP","floor":22.0}],"player_experience":264411,"relics_obtained":[{"floor":7.0,"key":"Vajra"},{"floor":9.0,"key":"Snack Pack"},{"floor":10.0,"key":"The Courier"},{"floor":14.0,"key":"Simple Rune"},{"floor":17.0,"key":"Replay:WaspNest"},{"floor":17.0,"key":"Grinning Jar"}],"event_choices":[{"damage_healed":0.0,"max_hp_gain":0.0,"max_hp_loss":0.0,"gold_gain":0.0,"event_name":"Accursed Blacksmith","player_choice":"Forge","floor":8.0,"gold_loss":0.0,"damage_taken":0.0,"cards_upgraded":["AdministrixMod:WickedPunishment"]},{"cards_removed":["Regret"],"damage_healed":0.0,"max_hp_gain":0.0,"max_hp_loss":0.0,"gold_gain":0.0,"event_name":"Bonfire Elementals","player_choice":"Offered Curse","floor":11.0,"gold_loss":0.0,"damage_taken":0.0,"relics_obtained":["Spirit Poop"]},{"damage_healed":0.0,"max_hp_gain":0.0,"max_hp_loss":0.0,"gold_gain":275.0,"event_name":"Golden Shrine","player_choice":"Desecrate","floor":19.0,"gold_loss":0.0,"damage_taken":0.0,"cards_obtained":["Regret"]}],"is_beta":false,"boss_relics":[{"not_picked":["ChewingGum","Ring of Chaos"],"picked":"Calling Bell"}],"items_purged_floors":[20],"is_endless":false,"potions_floor_spawned":[1,10,16,18,21],"killed_by":"theJungle:MamaSnecko","ascension_level":4}}