{"host":"3pgt7cyequ6zy3lm","time":1614016100,"event":{"mods":["Aspiration","BaseMod","Better Synergies","Bossed Relics","Colored Powertips","Conspire","Displayed Cursed Tome","Energized Spire","Halation","Hubris","Infinite Spire","Minty Spire (QoL Compilation)","Quick Restart","Reliquary","Replay The Spire","Shop Mod","StSLib","SuperFastMode","The Construct","everything is the same but u backflip on backflip"],"gold_per_floor":[113,113,130,130,144,144,177,124,202,202,202,215,238,269,269,390,390,405,320,320,320,340,340,364,364,390,72,72,97,22,36,36,157,157,157,157],"floor_reached":35,"language":"RUS","playtime":1068,"items_purged":["construct:AttackMode"],"score":493,"play_id":"53db03aa-4f11-43b9-8213-e3ccc6bdbd11","local_time":"20210222204820","is_ascension_mode":true,"campfire_choices":[{"data":"construct:Autoturret","floor":6.0,"key":"SMITH"},{"floor":11.0,"key":"REST"},{"floor":15.0,"key":"REST"},{"data":"construct:ClockworkEgg+1","floor":23.0,"key":"SMITH"},{"data":"construct:ClockworkEgg+2","floor":25.0,"key":"SMITH"},{"data":"construct:ClockworkEgg+3","floor":28.0,"key":"SMITH"},{"floor":32.0,"key":"REST"}],"circlet_count":0,"master_deck":["construct:Strike_Gold","construct:Strike_Gold","construct:Strike_Gold","construct:Strike_Gold","construct:Strike_Gold","construct:Defend_Gold","construct:Defend_Gold","construct:Defend_Gold","construct:Defend_Gold","construct:Defend_Gold","construct:Autoturret+1","construct:Autoturret+1","construct:Autoturret","construct:Reinforce","construct:ReactiveShield","construct:FlameCore+1","construct:GuardCore+1","construct:Autoturret+1","hubris:DuctTapeCard+5"],"relics":["construct:ClockworkPhoenix","NeowsBlessing","CultistMask","Golden Egg","infinitespire:CheckeredPen","Golden Idol","reliquary:RedPaperclip","reliquary:TridentHead","Bag of Marbles","halation:Toothbrush","aspiration:TomeofQuesting","hubris:Metronome","hubris:DuctTape"],"acts_visited":["Exordium","TheCity","TheBeyond"],"potions_floor_usage":[33],"damage_taken":[{"damage":0.0,"enemies":"2 Louse","floor":1.0,"turns":1.0},{"damage":0.0,"enemies":"Cultist","floor":3.0,"turns":1.0},{"damage":0.0,"enemies":"Small Slimes","floor":5.0,"turns":2.0},{"damage":31.0,"enemies":"3 Sentries","floor":7.0,"turns":6.0},{"damage":11.0,"enemies":"2 Fungi Beasts","floor":12.0,"turns":5.0},{"damage":11.0,"enemies":"Looter","floor":13.0,"turns":2.0},{"damage":0.0,"enemies":"Lagavulin","floor":14.0,"turns":9.0},{"damage":12.0,"enemies":"Fading Forest","floor":16.0,"turns":11.0},{"damage":22.0,"enemies":"Spheric Guardian","floor":18.0,"turns":6.0},{"damage":17.0,"enemies":"conspire:FuzzyDice","floor":22.0,"turns":12.0},{"damage":8.0,"enemies":"conspire:HollyBat","floor":24.0,"turns":7.0},{"damage":2.0,"enemies":"Snake Plant","floor":29.0,"turns":4.0},{"damage":25.0,"enemies":"Centurion and Healer","floor":31.0,"turns":6.0},{"damage":10,"enemies":"Automaton","floor":33,"turns":8},{"damage":10,"enemies":"Orb Walker","floor":35,"turns":3}],"seed_played":"434036941914154276","potions_obtained":[{"floor":1.0,"key":"Cursed Concoction"},{"floor":3.0,"key":"DistilledChaos"},{"floor":7.0,"key":"Adrenaline Potion"},{"floor":14.0,"key":"BlessingOfTheForge"},{"floor":16.0,"key":"GamblersBrew"},{"floor":22.0,"key":"infinitespire:BlackPotion"},{"floor":31.0,"key":"PowerPotion"}],"is_trial":false,"path_per_floor":["M","?","M","?","M","R","E","$","T","?","R","M","M","E","R","B",null,"M","?","?","?","M","R","M","R","T","$","R","M","$","M","R","B",null,"M"],"character_chosen":"THE_CONSTRUCT_MOD","items_purchased":["construct:Autoturret","construct:GuardCore","halation:Toothbrush"],"campfire_rested":3,"item_purchase_floors":[8,27,27],"current_hp_per_floor":[85,85,85,85,85,85,54,54,54,33,58,47,36,36,61,49,85,63,63,54,54,37,37,29,29,29,29,29,27,30,5,31,21,88,78,78],"gold":157,"neow_bonus":"THREE_ENEMY_KILL","is_daily":false,"chose_seed":false,"campfire_upgraded":4,"win_rate":0.0,"timestamp":1614016100,"path_taken":["M","?","?","?","M","R","E","$","T","?","R","M","M","E","R","BOSS","M","?","?","?","M","R","M","R","T","$","R","M","$","M","R","BOSS","M"],"items_purchased_type":["Card","Card","Relic"],"build_version":"2020-12-22","purchased_purges":1,"victory":false,"max_hp_per_floor":[85,85,85,85,85,85,85,85,85,85,85,85,85,85,85,85,85,85,85,85,85,85,85,85,85,85,85,85,85,88,88,88,88,88,88,88],"card_choices":[{"not_picked":["construct:ModeShift","construct:Forcefield","construct:Anticipate"],"picked":"SKIP","floor":1.0},{"not_picked":["construct:Antimatter","construct:HeavyBolt"],"picked":"construct:Autoturret","floor":3.0},{"not_picked":["construct:SweepLaser","construct:ClusterMines"],"picked":"construct:ClockworkEgg","floor":5.0},{"not_picked":["construct:FierceBash","construct:SaveState","construct:ElectricArmor"],"picked":"SKIP","floor":7.0},{"not_picked":["construct:FocusedBeam","construct:SyphonStrike","construct:Forcefield"],"picked":"SKIP","floor":12.0},{"not_picked":["construct:SyphonStrike","construct:SuppressiveFire"],"picked":"construct:Autoturret","floor":13.0},{"not_picked":["construct:ClusterMines","construct:FierceBash"],"picked":"construct:Reinforce","floor":14.0},{"not_picked":["construct:ClusterMines","construct:Reinforce+1"],"picked":"construct:ReactiveShield","floor":18.0},{"not_picked":["construct:CripplingShot+1","construct:ReactiveShield"],"picked":"construct:FlameCore+1","floor":22.0},{"not_picked":["construct:Accumulate","construct:ClusterMines","construct:SyphonStrike+1"],"picked":"SKIP","floor":24.0},{"not_picked":["construct:FierceBash+1","construct:ModeShift"],"picked":"construct:Autoturret+1","floor":29.0},{"not_picked":["construct:ModeShift+1","construct:Zapper","construct:ClusterMines"],"picked":"SKIP","floor":31.0}],"player_experience":145295,"relics_obtained":[{"floor":4.0,"key":"Golden Egg"},{"floor":7.0,"key":"infinitespire:Lucky Rock"},{"floor":9.0,"key":"infinitespire:CheckeredPen"},{"floor":14.0,"key":"Mercury Hourglass"},{"floor":26.0,"key":"Bag of Marbles"},{"floor":29.0,"key":"aspiration:TomeofQuesting"},{"floor":31.0,"key":"hubris:Metronome"},{"floor":33,"key":"hubris:DuctTape"}],"event_choices":[{"damage_healed":0.0,"max_hp_gain":0.0,"max_hp_loss":0.0,"gold_gain":0.0,"event_name":"FaceTrader","player_choice":"Trade","floor":2.0,"gold_loss":0.0,"damage_taken":0.0,"relics_obtained":["CultistMask"]},{"damage_healed":0.0,"max_hp_gain":0.0,"max_hp_loss":0.0,"gold_gain":0.0,"event_name":"Golden Idol","player_choice":"Take Damage","floor":10.0,"gold_loss":0.0,"damage_taken":21.0,"relics_obtained":["Golden Idol"]},{"damage_healed":0.0,"max_hp_gain":0.0,"max_hp_loss":0.0,"gold_gain":0.0,"event_name":"Addict","player_choice":"Obtained Relic","floor":19.0,"gold_loss":85.0,"damage_taken":0.0,"relics_obtained":["reliquary:TridentHead"]},{"damage_healed":0.0,"max_hp_gain":0.0,"max_hp_loss":0.0,"gold_gain":0.0,"event_name":"Cursed Tome","player_choice":"Stopped","floor":20.0,"gold_loss":0.0,"damage_taken":9.0},{"damage_healed":0.0,"max_hp_gain":0.0,"max_hp_loss":0.0,"gold_gain":0.0,"event_name":"The Woman in Blue","player_choice":"Bought 0 Potions","floor":21.0,"gold_loss":0.0,"damage_taken":0.0}],"is_beta":false,"boss_relics":[{"not_picked":["Replay:Bronze Core","Kintsugi"],"picked":"reliquary:RedPaperclip"},{"not_picked":["halation:MonkeysPaw","Ring of Chaos","aspiration:SecretTechniqueScroll"]}],"items_purged_floors":[30],"is_endless":false,"potions_floor_spawned":[1,3,7,14,16,22,31],"killed_by":"Orb Walker","ascension_level":4}}