{"host":"arr6ayvbhtdnqgr2","time":1614002290,"event":{"mods":["BaseMod","Decade(王小明)","Downfall","Hermit","Marisa（F雨　魔理沙）","Minty Spire (QoL Compilation)","Remilia（蕾米莉亚）","Replay The Spire","StSLib","The Cursed"],"gold_per_floor":[118,131,144,144,158,158,158,175,226,226,246,34,49,64,64,178,178,191,191,35,45,62,62,71,107,183,192,192,205,15,31,40,152,152,172,46,64,80,100,100,459,476,476,485,505,524,106,145,145,165],"floor_reached":51,"language":"ZHS","playtime":3078,"items_purged":["Searing Blow","Searing Blow"],"score":1165,"play_id":"0c28e524-5eb0-49f4-8d02-574dc4bae1b7","local_time":"20210222215810","daily_mods":["SealedDeck","Shiny","Specialized","Vintage","Allstar","Heirloom","Flight","downfall:Jewelcrafting"],"is_ascension_mode":false,"campfire_choices":[{"floor":15,"key":"DIG"},{"data":"Searing Blow","floor":23,"key":"SMITH"},{"data":"Barricade","floor":27,"key":"SMITH"},{"data":"Demon Form","floor":40,"key":"SMITH"},{"floor":49,"key":"DIG"}],"circlet_count":0,"master_deck":["Double Tap+1","Fiend Fire","Eclipse","Demonic Infusion","Exhume","Bludgeon","Limit Break","Hemogenesis","Demon Form+1","Berserk+1","Impervious","Juggernaut","Brutality","Offering","Feed","Replay:Many Hands","Corruption","Barricade+1","Reaper","Immolate","Guardian:ExploitGems","Guardian:ExploitGems+1","Searing Blow+1","Searing Blow+1","Searing Blow+2","Thunderclap","Body Slam","Body Slam","Infernal Blade","Massacre","Replay:Undeath\u0027s Touch","Cleave","Cleave","ReplayTheSpireMod:Strike From Hell","Ghostly Armor","Guardian:Gem_Yellow","Defy Death","Immolate","Impervious","True Grit","Pommel Strike","Entrench","Infernal Blade","Rage","Run Through","Bludgeon","CurseOfTheBell","CurseOfTheBell","Thunderclap+1","Metallicize+1","Ghostly Armor","Evolve+1"],"relics":["Burning Blood","Guardian:PickAxe","replay:Trail_Library","Calipers","Mercury Hourglass","Strawberry","HornCleat","Bag of Marbles","Letter Opener","bronze:BronzeIdol","CeramicFish","Bottled Flame","Ancient Tea Set","Red Skull","Pondfish Scales","ChewingGum","Blue Candle","Replay:Mystery Machine","Frozen Egg 2","Pear","ReplayFunnel","ReplayTheSpireMod:Shallot","Paper Frog","ScarletDevilRocket","Membership Card","Replay:Bottled Snecko","Ring of Panic","ReplayTheSpireMod:DimensionalGlitch","Another Sword","Gremlin Horn","downfall:ExtraCursedBell","Art of War","AntiCross","champ:DuelingGlove","Blue Doll","Self Forming Clay","Old Coin","Replay:Wax Seal","InkBottle","Kunai","Replay:Bandana","Replay:Bottled Eggs","Guide Book","Magic Flower","sneckomod:BlankCard","Guardian:PocketSentry"],"acts_visited":["Exordium","TheCity","TheBeyond"],"potions_floor_usage":[16,16,16,33,33,42,46,50],"damage_taken":[{"damage":11,"enemies":"Jaw Worm","floor":1,"turns":3},{"damage":0,"enemies":"Small Slimes","floor":2,"turns":2},{"damage":2,"enemies":"Cultist","floor":3,"turns":3},{"damage":0,"enemies":"Exordium Wildlife","floor":5,"turns":2},{"damage":0,"enemies":"3 Louse","floor":8,"turns":1},{"damage":0,"enemies":"Looter","floor":11,"turns":2},{"damage":0,"enemies":"Blue Slaver","floor":13,"turns":1},{"damage":16,"enemies":"Large Slime","floor":14,"turns":4},{"damage":18,"enemies":"Hexaghost","floor":16,"turns":9},{"damage":22,"enemies":"2 Thieves","floor":18,"turns":4},{"damage":0,"enemies":"Spheric Guardian","floor":21,"turns":3},{"damage":6,"enemies":"3 Cultists","floor":22,"turns":1},{"damage":6,"enemies":"Slavers","floor":25,"turns":4},{"damage":1,"enemies":"Shelled Parasite and Fungi","floor":29,"turns":3},{"damage":3,"enemies":"Chosen and Byrds","floor":31,"turns":3},{"damage":7,"enemies":"Pondfish","floor":33,"turns":10},{"damage":10,"enemies":"3 Shapes","floor":35,"turns":1},{"damage":6,"enemies":"Orb Walker","floor":38,"turns":2},{"damage":9,"enemies":"Jaw Worm Horde","floor":39,"turns":2},{"damage":0,"enemies":"Mind Bloom Boss Battle","floor":41,"turns":2},{"damage":2,"enemies":"Spire Growth","floor":42,"turns":3},{"damage":0,"enemies":"Writhing Mass","floor":45,"turns":2},{"damage":18,"enemies":"Jaw Worm Horde","floor":46,"turns":3},{"damage":13,"enemies":"4 Shapes","floor":48,"turns":2},{"damage":38,"enemies":"Donu and Deca","floor":50,"turns":5}],"seed_played":"-6162948483447236132","potions_obtained":[{"floor":2,"key":"AttackPotion"},{"floor":8,"key":"Weak Potion"},{"floor":13,"key":"Reflective Coating"},{"floor":16,"key":"AttackPotion"},{"floor":21,"key":"BlessingOfTheForge"},{"floor":29,"key":"Languid Potion"},{"floor":31,"key":"BloodPotion"},{"floor":33,"key":"Languid Potion"},{"floor":39,"key":"Energy Potion"},{"floor":42,"key":"PowerPotion"},{"floor":48,"key":"Elixir"}],"is_trial":true,"path_per_floor":["M","M","M","?","M","R","R","M","T","?","M","$","M","M","R","B",null,"M","?","$","M","M","R","?","E","T","R","?","M","$","M","R","B",null,"M","$","?","M","M","R","?","M","T","?","M","M","$","M","R","B",null],"character_chosen":"IRONCLAD","items_purchased":["Immolate","True Grit","Pommel Strike","Run Through","Membership Card","Gremlin Horn","Ghostly Armor","Replay:Bottled Eggs","Guide Book","Magic Flower","Evolve+1"],"campfire_rested":0,"item_purchase_floors":[12,20,20,30,30,36,47,47,47,47,47],"current_hp_per_floor":[75,87,90,90,90,90,90,90,90,83,89,89,93,83,83,78,93,84,84,84,90,100,100,100,106,106,106,106,106,106,106,106,106,106,99,99,99,96,92,92,98,99,99,99,102,89,89,104,104,82],"gold":165,"neow_bonus":"","is_daily":false,"chose_seed":false,"campfire_upgraded":3,"win_rate":0.0,"timestamp":1614002290,"path_taken":["M","M","M","?","M","R","R","M","T","?","M","?","M","M","R","BOSS","M","?","$","?","M","R","?","E","T","R","?","M","$","M","R","BOSS","M","$","?","M","M","R","?","M","T","?","M","?","$","M","R","BOSS"],"items_purchased_type":["Card","Card","Card","Card","Relic","Relic","Card","Relic","Relic","Relic","Card"],"build_version":"2020-12-22","purchased_purges":2,"victory":true,"max_hp_per_floor":[80,87,90,90,90,90,90,90,90,90,90,90,93,93,93,93,93,96,96,96,96,106,106,106,106,106,106,106,106,106,106,106,106,106,106,106,106,106,109,109,109,109,109,109,109,112,112,112,112,115],"card_choices":[{"not_picked":["Bludgeon","Hemogenesis"],"picked":"Impervious","floor":16},{"not_picked":["Armaments","Twin Strike"],"picked":"Infernal Blade","floor":25},{"not_picked":["Feed","Barricade+1"],"picked":"Bludgeon","floor":33},{"not_picked":["Battle Trance+1","Life Link+1"],"picked":"Thunderclap+1","floor":41}],"player_experience":55972,"relics_obtained":[{"floor":1,"key":"Mercury Hourglass"},{"floor":2,"key":"Strawberry"},{"floor":3,"key":"HornCleat"},{"floor":5,"key":"Bag of Marbles"},{"floor":8,"key":"Letter Opener"},{"floor":9,"key":"bronze:BronzeIdol"},{"floor":11,"key":"Bottled Flame"},{"floor":13,"key":"Ancient Tea Set"},{"floor":14,"key":"Red Skull"},{"floor":15,"key":"Pondfish Scales"},{"floor":18,"key":"Blue Candle"},{"floor":21,"key":"Frozen Egg 2"},{"floor":22,"key":"Pear"},{"floor":25,"key":"ReplayFunnel"},{"floor":26,"key":"ReplayTheSpireMod:Shallot"},{"floor":29,"key":"ScarletDevilRocket"},{"floor":31,"key":"Replay:Bottled Snecko"},{"floor":32,"key":"Ring of Panic"},{"floor":35,"key":"Another Sword"},{"floor":37,"key":"Art of War"},{"floor":37,"key":"AntiCross"},{"floor":37,"key":"champ:DuelingGlove"},{"floor":38,"key":"Blue Doll"},{"floor":39,"key":"Self Forming Clay"},{"floor":41,"key":"Old Coin"},{"floor":42,"key":"Replay:Wax Seal"},{"floor":43,"key":"InkBottle"},{"floor":45,"key":"Kunai"},{"floor":46,"key":"Replay:Bandana"},{"floor":48,"key":"sneckomod:BlankCard"},{"floor":49,"key":"Guardian:PocketSentry"}],"event_choices":[{"damage_healed":0,"gold_gain":0,"player_choice":"Success","damage_taken":7,"relics_obtained":["CeramicFish"],"max_hp_gain":0,"max_hp_loss":0,"event_name":"Scrap Ooze","floor":10,"gold_loss":0},{"damage_healed":0,"gold_gain":0,"player_choice":"Gave Potion","damage_taken":0,"relics_obtained":["Replay:Mystery Machine"],"max_hp_gain":0,"max_hp_loss":0,"event_name":"WeMeetAgain","floor":19,"gold_loss":0},{"damage_healed":0,"gold_gain":0,"player_choice":"Read","damage_taken":0,"max_hp_gain":0,"max_hp_loss":0,"event_name":"The Library","floor":24,"gold_loss":0,"cards_obtained":["Entrench"]},{"damage_healed":0,"gold_gain":0,"player_choice":"Fight","damage_taken":0,"max_hp_gain":0,"max_hp_loss":0,"event_name":"MindBloom","floor":41,"gold_loss":0},{"cards_removed":["Hallucinations"],"damage_healed":0,"gold_gain":0,"player_choice":"Removed Curses","damage_taken":0,"max_hp_gain":0,"max_hp_loss":0,"event_name":"Fountain of Cleansing","floor":44,"gold_loss":0}],"is_beta":false,"boss_relics":[{"not_picked":["Ring of Chaos","Honey Jar"],"picked":"ChewingGum"},{"not_picked":["Snecko Heart","Runic Dome"],"picked":"ReplayTheSpireMod:DimensionalGlitch"}],"items_purged_floors":[12,20],"is_endless":false,"potions_floor_spawned":[2,8,13,16,21,29,31,33,39,41,42,48],"ascension_level":0}}