{"host":"szp1d6dso4pv7ddl","time":1614037697,"event":{"mods":["AchievementEnabler","Alarm Clock","BaseMod","Bestiary","Block Reminder","Colored Map","Colored Powertips","Curses Come First","Dark Map","Displayed Cursed Tome","Highlight Path","Minty Spire (QoL Compilation)","Permanent Neow","Quick Restart","Relic Sorter","Relic Stats","StSLib","Synergy Search"],"gold_per_floor":[118,130,146,2,2,2,31,31,31,31,44,58,87,87,87,87,87],"floor_reached":16,"language":"ENG","playtime":513,"items_purged":[],"score":110,"play_id":"bbed69e5-5078-4ff2-ad37-f53ecb4a30e9","local_time":"20210222154817","is_ascension_mode":false,"campfire_choices":[{"data":"Rampage","floor":6,"key":"SMITH"},{"floor":15,"key":"REST"}],"circlet_count":0,"master_deck":["Strike_R","Strike_R","Strike_R","Strike_R","Strike_R","Defend_R","Bash","Clothesline+1","Dual Wield+1","Anger+1","Rampage+1"],"relics":["Astrolabe","Orrery","StrikeDummy","PreservedInsect","Potion Belt","Golden Idol"],"acts_visited":["Exordium"],"potions_floor_usage":[11],"damage_taken":[{"damage":7,"enemies":"Small Slimes","floor":1,"turns":2},{"damage":5,"enemies":"2 Louse","floor":2,"turns":2},{"damage":6,"enemies":"Cultist","floor":3,"turns":3},{"damage":18,"enemies":"Lagavulin","floor":7,"turns":4},{"damage":19,"enemies":"Exordium Thugs","floor":11,"turns":3},{"damage":13,"enemies":"Lots of Slimes","floor":12,"turns":4},{"damage":4,"enemies":"Gremlin Nob","floor":13,"turns":3},{"damage":63,"enemies":"Slime Boss","floor":16,"turns":6}],"seed_played":"-2649492446083678018","potions_obtained":[{"floor":2,"key":"ColorlessPotion"},{"floor":12,"key":"Explosive Potion"},{"floor":13,"key":"SpeedPotion"}],"is_trial":false,"path_per_floor":["M","M","M","$","?","R","E","$","T","?","M","M","E","?","R","B"],"character_chosen":"IRONCLAD","items_purchased":["Orrery"],"campfire_rested":1,"item_purchase_floors":[4],"current_hp_per_floor":[73,68,62,62,62,62,44,44,44,70,51,38,34,34,56,0,0],"gold":87,"neow_bonus":"BOSS_RELIC","is_daily":false,"chose_seed":false,"campfire_upgraded":1,"win_rate":0.0,"timestamp":1614037697,"path_taken":["M","M","M","$","?","R","E","$","T","?","M","M","E","?","R","BOSS"],"items_purchased_type":["Relic"],"build_version":"2020-12-22","purchased_purges":0,"victory":false,"max_hp_per_floor":[80,80,80,80,80,80,80,80,80,80,80,80,80,74,74,74,74],"relic_stats":{"counters":[8,27],"Golden Idol":0,"Astrolabe":["Clothesline","Dual Wield","Anger"],"PreservedInsect":21,"obtain_stats":[{"Potion Belt":13,"Golden Idol":14,"Astrolabe":0,"Orrery":4,"PreservedInsect":9,"StrikeDummy":7,"Burning Blood":0},{"Potion Belt":7,"Golden Idol":7,"Astrolabe":0,"Orrery":3,"PreservedInsect":4,"StrikeDummy":4,"Burning Blood":0},{"Potion Belt":21,"Golden Idol":21,"Astrolabe":0,"Orrery":7,"PreservedInsect":11,"StrikeDummy":11,"Burning Blood":0}]},"card_choices":[{"not_picked":["Clash","Spot Weakness","True Grit"],"picked":"SKIP","floor":1},{"not_picked":["Infernal Blade","Headbutt"],"picked":"Rampage","floor":2},{"not_picked":["Entrench","Heavy Blade","Twin Strike"],"picked":"SKIP","floor":3},{"not_picked":["Uppercut","Iron Wave","Clash"],"picked":"SKIP","floor":7},{"not_picked":["Carnage","Sever Soul","Anger"],"picked":"SKIP","floor":11},{"not_picked":["Pommel Strike","Clash","Feel No Pain"],"picked":"SKIP","floor":12},{"not_picked":["Berserk","Thunderclap","Bloodletting"],"picked":"SKIP","floor":13}],"player_experience":1635732,"relics_obtained":[{"floor":7,"key":"StrikeDummy"},{"floor":9,"key":"PreservedInsect"},{"floor":13,"key":"Potion Belt"}],"event_choices":[{"damage_healed":0,"gold_gain":0,"player_choice":"Ignored","damage_taken":0,"max_hp_gain":0,"max_hp_loss":0,"event_name":"Liars Game","floor":5,"gold_loss":0},{"damage_healed":26,"gold_gain":0,"player_choice":"Banana","damage_taken":0,"max_hp_gain":0,"max_hp_loss":0,"event_name":"Big Fish","floor":10,"gold_loss":0},{"damage_healed":0,"gold_gain":0,"player_choice":"Lose Max HP","damage_taken":0,"relics_obtained":["Golden Idol"],"max_hp_gain":0,"max_hp_loss":6,"event_name":"Golden Idol","floor":14,"gold_loss":0}],"is_beta":false,"boss_relics":[],"items_purged_floors":[],"is_endless":false,"potions_floor_spawned":[2,12,13],"killed_by":"Slime Boss","ascension_level":0}}