{"host":"vjt3l4e4gk5t90rp","time":1614019264,"event":{"mods":["BaseMod","Colored Map","Highlight Path","Minty Spire (QoL Compilation)","StSLib"],"gold_per_floor":[114,0,20,33,51,51,82,82,82,82,98,112,88,38,38,157,157,173,196,209,233,158,158,179,179,257,257,270,270,182,195,195,319,319,332,16,35,50,65,65,108,108,133,176,176,199,220,251,251,251,251,251,8,41,41],"floor_reached":56,"language":"KOR","playtime":3431,"items_purged":["Strike_B","Hello World"],"score":1291,"play_id":"f6750d21-f3e2-4999-b14e-8c8f7277d383","local_time":"20210223034104","is_ascension_mode":true,"campfire_choices":[{"data":"Loop","floor":6.0,"key":"SMITH"},{"data":"Storm","floor":8.0,"key":"SMITH"},{"floor":15.0,"key":"REST"},{"floor":23.0,"key":"REST"},{"data":"Turbo","floor":25.0,"key":"SMITH"},{"floor":32.0,"key":"RECALL"},{"data":"Buffer","floor":40.0,"key":"SMITH"},{"data":"Strike_B","floor":42.0,"key":"PURGE"},{"data":"Heatsinks","floor":45.0,"key":"PURGE"},{"data":"Creative AI","floor":49.0,"key":"SMITH"},{"data":"Undo","floor":52,"key":"SMITH"}],"circlet_count":0,"master_deck":["Defend_B","Defend_B","Defend_B","Defend_B","Zap","Dualcast","Loop+1","Self Repair","Machine Learning","Turbo+1","Storm+1","Conserve Battery","Ball Lightning","Electrodynamics","Loop","Coolheaded","Stack","Turbo","Undo+1","Heatsinks+1","Buffer+1","Storm","Storm+1","Beam Cell","Thunder Strike","Creative AI+1","Amplify"],"relics":["Cracked Core","Strawberry","Kunai","Matryoshka","Golden Idol","SacredBark","Anchor","Question Card","Peace Pipe","Velvet Choker","Mummified Hand","Letter Opener","Orichalcum","Calipers","TungstenRod","Boot","Pocketwatch"],"acts_visited":["Exordium","TheCity","TheBeyond","TheEnding"],"potions_floor_usage":[55,55,55],"damage_taken":[{"damage":1.0,"enemies":"2 Louse","floor":1.0,"turns":2.0},{"damage":6.0,"enemies":"Jaw Worm","floor":3.0,"turns":5.0},{"damage":3.0,"enemies":"Cultist","floor":4.0,"turns":5.0},{"damage":34.0,"enemies":"Lots of Slimes","floor":5.0,"turns":4.0},{"damage":20.0,"enemies":"3 Sentries","floor":7.0,"turns":5.0},{"damage":12.0,"enemies":"2 Fungi Beasts","floor":11.0,"turns":3.0},{"damage":2.0,"enemies":"Blue Slaver","floor":12.0,"turns":3.0},{"damage":21.0,"enemies":"Hexaghost","floor":16.0,"turns":8.0},{"damage":23.0,"enemies":"2 Thieves","floor":18.0,"turns":3.0},{"damage":5.0,"enemies":"Chosen","floor":19.0,"turns":4.0},{"damage":32.0,"enemies":"Snake Plant","floor":20.0,"turns":3.0},{"damage":26.0,"enemies":"Shelled Parasite and Fungi","floor":21.0,"turns":6.0},{"damage":10.0,"enemies":"Cultist and Chosen","floor":24.0,"turns":3.0},{"damage":18.0,"enemies":"3 Cultists","floor":28.0,"turns":3.0},{"damage":12.0,"enemies":"Snake Plant","floor":31.0,"turns":4.0},{"damage":30.0,"enemies":"Automaton","floor":33.0,"turns":11.0},{"damage":3.0,"enemies":"Orb Walker","floor":35.0,"turns":4.0},{"damage":5.0,"enemies":"3 Shapes","floor":37.0,"turns":4.0},{"damage":5.0,"enemies":"Maw","floor":38.0,"turns":7.0},{"damage":0.0,"enemies":"Spire Growth","floor":39.0,"turns":3.0},{"damage":25.0,"enemies":"Reptomancer","floor":41.0,"turns":5.0},{"damage":0.0,"enemies":"Giant Head","floor":44.0,"turns":5.0},{"damage":0.0,"enemies":"4 Shapes","floor":46.0,"turns":3.0},{"damage":7.0,"enemies":"Writhing Mass","floor":47.0,"turns":3.0},{"damage":0.0,"enemies":"Reptomancer","floor":48.0,"turns":5.0},{"damage":28,"enemies":"Time Eater","floor":50,"turns":4},{"damage":10,"enemies":"Shield and Spear","floor":54,"turns":4},{"damage":66,"enemies":"The Heart","floor":55,"turns":6}],"seed_played":"4015727864211489353","potions_obtained":[{"floor":1.0,"key":"PowerPotion"},{"floor":4.0,"key":"Ancient Potion"},{"floor":11.0,"key":"Weak Potion"},{"floor":12.0,"key":"FearPotion"},{"floor":19.0,"key":"LiquidBronze"},{"floor":20.0,"key":"SteroidPotion"},{"floor":21.0,"key":"FocusPotion"},{"floor":28.0,"key":"PotionOfCapacity"},{"floor":33.0,"key":"SpeedPotion"},{"floor":37.0,"key":"Regen Potion"},{"floor":39.0,"key":"Ancient Potion"},{"floor":44.0,"key":"Energy Potion"},{"floor":46.0,"key":"LiquidMemories"},{"floor":54,"key":"Dexterity Potion"}],"is_trial":false,"path_per_floor":["M","$","M","M","M","R","E","R","T","?","M","M","$","?","R","B",null,"M","M","M","M","?","R","M","R","T","T","M","?","$","M","R","B",null,"M","$","M","M","M","R","E","R","T","E","R","M","M","E","R","B",null,"R","$","E","B",null],"character_chosen":"DEFECT","items_purchased":["Self Repair","Ball Lightning","Undo","ColorlessPotion","Mummified Hand","Heatsinks","Boot"],"campfire_rested":2,"item_purchase_floors":[2,13,30,30,36,36,53],"current_hp_per_floor":[81,81,82,82,55,55,42,42,42,42,37,42,42,42,64,50,76,60,62,30,11,11,33,30,30,30,30,12,76,76,71,71,48,76,76,76,76,76,76,76,58,58,58,65,65,65,65,72,72,51,76,76,76,73,14],"gold":41,"neow_bonus":"RANDOM_COMMON_RELIC","is_daily":false,"chose_seed":false,"campfire_upgraded":6,"win_rate":0.0,"timestamp":1614019264,"path_taken":["M","$","M","M","M","R","E","R","T","?","M","M","$","?","R","BOSS","M","M","M","M","?","R","M","R","T","?","M","?","$","M","R","BOSS","M","$","M","?","?","R","E","R","T","E","R","M","M","E","R","BOSS","R","$","E","BOSS"],"items_purchased_type":["Card","Card","Card","Potion","Relic","Card","Relic"],"build_version":"2020-12-22","purchased_purges":2,"victory":true,"max_hp_per_floor":[82,82,82,82,82,82,82,82,82,76,76,76,76,76,76,76,76,76,76,76,76,76,76,76,76,76,76,76,76,76,76,76,76,76,76,76,76,76,76,76,76,76,76,76,76,76,76,76,76,76,76,76,76,76,76],"card_choices":[{"not_picked":["Consume","Barrage"],"picked":"Loop","floor":1.0},{"not_picked":["Turbo","Compile Driver"],"picked":"Tempest","floor":3.0},{"not_picked":["Steam","Conserve Battery"],"picked":"Machine Learning","floor":4.0},{"not_picked":["Redo","Compile Driver"],"picked":"Turbo","floor":5.0},{"not_picked":["Go for the Eyes","Redo"],"picked":"Storm","floor":7.0},{"not_picked":["Sweeping Beam","Aggregate"],"picked":"Conserve Battery","floor":11.0},{"not_picked":["Gash","Sweeping Beam"],"picked":"Hello World","floor":12.0},{"not_picked":["Meteor Strike","Seek"],"picked":"Electrodynamics","floor":16.0},{"not_picked":["Redo","Rebound","Beam Cell"],"picked":"SKIP","floor":18.0},{"not_picked":["Steam Power+1","Sweeping Beam+1"],"picked":"Loop","floor":19.0},{"not_picked":["Cold Snap+1","Undo","Fusion"],"picked":"SKIP","floor":20.0},{"not_picked":["Rebound","Barrage"],"picked":"Coolheaded","floor":21.0},{"not_picked":["Streamline","Ball Lightning+1"],"picked":"Stack","floor":24.0},{"not_picked":["Steam+1","Loop+1","Fission"],"picked":"Turbo","floor":28.0},{"not_picked":["Redo","Conserve Battery","Steam+1"],"picked":"Heatsinks+1","floor":31.0},{"not_picked":["Multi-Cast","Machine Learning","Electrodynamics"],"picked":"Buffer","floor":33.0},{"not_picked":["Ball Lightning+1","Gash","Chill+1","Coolheaded"],"picked":"SKIP","floor":35.0},{"not_picked":["Self Repair","Undo+1","Stack"],"picked":"Storm","floor":37.0},{"not_picked":["Hologram+1","Undo","Beam Cell","Storm+1"],"picked":"SKIP","floor":38.0},{"not_picked":["Hologram+1","Undo","Beam Cell"],"picked":"Storm+1","floor":38.0},{"not_picked":["Leap","Sweeping Beam+1","Heatsinks+1"],"picked":"Beam Cell","floor":39.0},{"not_picked":["Cold Snap+1","Coolheaded+1","Tempest+1"],"picked":"Thunder Strike","floor":41.0},{"not_picked":["Turbo+1","Conserve Battery","Gash+1"],"picked":"Creative AI","floor":44.0},{"not_picked":["FTL+1","Tempest+1","Turbo","Genetic Algorithm"],"picked":"SKIP","floor":46.0},{"not_picked":["Loop+1","Leap","Gash","Scrape"],"picked":"SKIP","floor":47.0},{"not_picked":["Ball Lightning+1","Genetic Algorithm+1","Skim+1","Streamline+1"],"picked":"SKIP","floor":48.0},{"not_picked":["Compile Driver","Defragment+1","Gash"],"picked":"Amplify","floor":54}],"player_experience":144555,"relics_obtained":[{"floor":7.0,"key":"Kunai"},{"floor":9.0,"key":"Matryoshka"},{"floor":26.0,"key":"Anchor"},{"floor":27.0,"key":"Question Card"},{"floor":27.0,"key":"Peace Pipe"},{"floor":41.0,"key":"Letter Opener"},{"floor":43.0,"key":"Orichalcum"},{"floor":44.0,"key":"Calipers"},{"floor":48.0,"key":"TungstenRod"},{"floor":54,"key":"Pocketwatch"}],"event_choices":[{"damage_healed":0.0,"max_hp_gain":0.0,"max_hp_loss":6.0,"gold_gain":0.0,"event_name":"Golden Idol","player_choice":"Lose Max HP","floor":10.0,"gold_loss":0.0,"damage_taken":0.0,"relics_obtained":["Golden Idol"]},{"cards_removed":["Strike_B"],"damage_healed":0.0,"max_hp_gain":0.0,"max_hp_loss":0.0,"gold_gain":0.0,"event_name":"The Cleric","player_choice":"Card Removal","floor":14.0,"gold_loss":50.0,"damage_taken":0.0},{"cards_removed":["Strike_B"],"damage_healed":0.0,"max_hp_gain":0.0,"max_hp_loss":0.0,"gold_gain":0.0,"event_name":"Beggar","player_choice":"Gave Gold","floor":22.0,"gold_loss":75.0,"damage_taken":0.0},{"cards_removed":["Tempest"],"damage_healed":64.0,"max_hp_gain":0.0,"max_hp_loss":0.0,"gold_gain":0.0,"event_name":"Bonfire Elementals","player_choice":"Offered Uncommon","floor":29.0,"gold_loss":0.0,"damage_taken":0.0}],"is_beta":false,"boss_relics":[{"not_picked":["Busted Crown","Ectoplasm"],"picked":"SacredBark"},{"not_picked":["Astrolabe","Sozu"],"picked":"Velvet Choker"}],"items_purged_floors":[2,53],"is_endless":false,"potions_floor_spawned":[1,4,11,12,19,20,21,28,33,37,38,39,44,46,54],"ascension_level":1}}