{"host":"gzsdmyo07u314vug","time":1614037562,"event":{"mods":["2.2 Compatiblity","Astrologer","BaseMod","Colored Powertips","GifTheSpireLib","Gremlin Mod","Hermit","Jorbs\u0027s Wanderer Trilogy","Minty Spire (QoL Compilation)","Quick Restart","Rare Cards Sparkle","Relic Stats","Replay The Spire","Robot Space Explorer","Shop Mod","StSLib","The Bladedancer","The Bug Knight","The Construct","The Cursed","The Elementalist","The Hierophant","The IronCluck","The Marked","The Necromancer","The Runesmith","The Servant 0.9.4","Unceasing Turn Reminder","everything is the same but u backflip on backflip","slay the spire mod where everything is the same but ironclad has a cowboy hat"],"gold_per_floor":[20,38,38,38,53,53,69,69,69,80,80,90,117,117,117,243,243,261,285,124,142,241,241,274,298,348,384,384,407,425,44,44,172,172,188,125,125,50,0,0,38,38,38,59,59,82,63,396,396,396],"floor_reached":51,"language":"ENG","playtime":2064,"items_purged":["Regret","Strike_W","Strike_W","Strike_W"],"score":1040,"play_id":"c4524efb-133a-46b3-96fb-0650541c8bbd","local_time":"20210222204602","is_ascension_mode":false,"campfire_choices":[{"data":"Negative_Energy_Arrows","floor":6,"key":"SMITH"},{"data":"Death_March_Dance","floor":11,"key":"SMITH"},{"data":"Negative_Energy_Javelin","floor":15,"key":"SMITH"},{"data":"Stop_Heart","floor":23,"key":"SMITH"},{"data":"Apotheosis","floor":32,"key":"SMITH"},{"data":"Grasp_Heart","floor":40,"key":"SMITH"},{"data":"Bone_Wall","floor":42,"key":"SMITH"},{"data":"Negative_Energy_Sphere","floor":45,"key":"SMITH"},{"data":"Blood_Is_Power","floor":49,"key":"SMITH"}],"circlet_count":0,"master_deck":["Strike_W","Defend_W","Defend_W","Defend_W","Negative_Energy_Arrows+1","Bone_Wall+1","Negative_Energy_Shield+1","Negative_Energy_Javelin+1","Death_March_Dance+1","CurseOfTheBell","Stop_Heart+1","Negative_Energy_Sphere+1","Summon_Undead_Army+1","Apotheosis+1","Grasp_Heart+1","Negative_Energy_Mist+1","Blood_Is_Power+1"],"relics":["Vampire_Amulet","StoneCalendar","ReplayTheSpireMod:Shallot","Quantum Egg","Oddly Smooth Stone","Calling Bell","Orichalcum","The Courier","Durian","Membership Card","Onion Ring","Bag of Marbles","Potion Belt","Eternal Feather","Toy Ornithopter","Mirror","Coffee Dripper","Red Mask","Molten Egg 2","InkBottle"],"acts_visited":["Exordium","TheCity","TheBeyond"],"potions_floor_usage":[13,16,16,18,19,33,41,41,41,41,50,50,50],"damage_taken":[{"damage":0,"enemies":"Small Slimes","floor":1,"turns":3},{"damage":0,"enemies":"2 Louse","floor":2,"turns":4},{"damage":2,"enemies":"Jaw Worm","floor":5,"turns":4},{"damage":4,"enemies":"Exordium Thugs","floor":7,"turns":5},{"damage":3,"enemies":"3 Louse","floor":10,"turns":3},{"damage":1,"enemies":"Exordium Wildlife","floor":12,"turns":4},{"damage":13,"enemies":"3 Sentries","floor":13,"turns":6},{"damage":13,"enemies":"Hexaghost","floor":16,"turns":17},{"damage":5,"enemies":"3 Byrds","floor":18,"turns":7},{"damage":19,"enemies":"Chosen","floor":19,"turns":7},{"damage":8,"enemies":"Centurion and Healer","floor":21,"turns":7},{"damage":1,"enemies":"HollowMod:Nosk","floor":24,"turns":8},{"damage":22,"enemies":"3 Cultists","floor":25,"turns":7},{"damage":20,"enemies":"Book of Stabbing","floor":27,"turns":7},{"damage":0,"enemies":"Snake Plant","floor":29,"turns":7},{"damage":8,"enemies":"Cultist and Chosen","floor":30,"turns":5},{"damage":6,"enemies":"Pondfish","floor":33,"turns":11},{"damage":0,"enemies":"Orb Walker","floor":35,"turns":3},{"damage":32,"enemies":"Nemesis","floor":41,"turns":7},{"damage":8,"enemies":"3 Shapes","floor":44,"turns":3},{"damage":5,"enemies":"Jaw Worm Horde","floor":46,"turns":4},{"damage":32,"enemies":"Awakened One","floor":50,"turns":14}],"seed_played":"4654402593713834306","potions_obtained":[{"floor":2,"key":"Elixir"},{"floor":12,"key":"PowerPotion"},{"floor":13,"key":"Adrenaline Potion"},{"floor":16,"key":"Fire Potion"},{"floor":18,"key":"Adrenaline Potion"},{"floor":19,"key":"Strength Potion"},{"floor":27,"key":"construct:ShiftPotion"},{"floor":33,"key":"EntropicBrew"},{"floor":41,"key":"Energy Potion"},{"floor":44,"key":"PowerPotion"}],"is_trial":false,"path_per_floor":["M","M","?","?","M","R","M","$","T","M","R","M","E","?","R","B",null,"M","M","$","M","?","R","E","M","T","E","?","M","M","$","R","B",null,"M","$","?","$","?","R","E","R","T","M","R","M","$","?","R","B",null],"character_chosen":"NECROMANCER","items_purchased":["Membership Card","Apotheosis","Eternal Feather","Toy Ornithopter","Mirror","Dexterity Potion"],"campfire_rested":0,"item_purchase_floors":[20,31,31,31,31,47],"current_hp_per_floor":[75,75,75,75,75,75,75,75,75,75,75,75,74,56,56,45,80,79,62,62,58,58,58,59,43,43,25,25,27,23,23,32,35,80,80,80,80,80,80,80,70,79,79,74,80,79,79,79,80,78],"gold":396,"neow_bonus":"ONE_RARE_RELIC","is_daily":false,"chose_seed":false,"campfire_upgraded":9,"win_rate":0.0,"timestamp":1614037562,"path_taken":["M","M","?","?","M","R","M","$","T","M","R","M","E","?","R","BOSS","M","M","$","M","?","R","E","M","T","E","?","M","M","$","R","BOSS","M","$","?","$","?","R","E","R","T","M","R","M","?","?","R","BOSS"],"items_purchased_type":["Relic","Card","Relic","Relic","Relic","Potion"],"build_version":"2020-12-22","purchased_purges":4,"victory":true,"max_hp_per_floor":[75,75,75,75,75,75,75,75,75,75,75,75,75,75,75,75,80,80,80,80,80,80,80,80,80,80,80,80,80,80,80,80,80,80,80,80,80,80,80,80,80,80,80,80,80,80,80,80,80,80],"relic_stats":{"counters":[22,143],"StoneCalendar":[423],"Eternal Feather":25,"Orichalcum":[144],"obtain_stats":[{"Potion Belt":27,"Golden Idol":14,"Quantum Egg":9,"Oddly Smooth Stone":13,"StoneCalendar":0,"Eternal Feather":31,"The Courier":17,"Orichalcum":17,"Calling Bell":17,"ReplayTheSpireMod:Shallot":4,"Onion Ring":24,"Molten Egg 2":41,"Vampire_Amulet":0,"Durian":17,"Bag of Marbles":26,"Coffee Dripper":34,"Red Mask":39,"Membership Card":20,"Mirror":31,"Toy Ornithopter":31,"InkBottle":43},{"Potion Belt":14,"Golden Idol":7,"Quantum Egg":4,"Oddly Smooth Stone":7,"StoneCalendar":0,"Eternal Feather":16,"The Courier":8,"Orichalcum":8,"Calling Bell":8,"ReplayTheSpireMod:Shallot":2,"Onion Ring":12,"Molten Egg 2":19,"Vampire_Amulet":0,"Durian":8,"Bag of Marbles":13,"Coffee Dripper":17,"Red Mask":18,"Membership Card":10,"Mirror":16,"Toy Ornithopter":16,"InkBottle":19},{"Potion Belt":89,"Golden Idol":29,"Quantum Egg":16,"Oddly Smooth Stone":29,"StoneCalendar":0,"Eternal Feather":101,"The Courier":46,"Orichalcum":46,"Calling Bell":46,"ReplayTheSpireMod:Shallot":7,"Onion Ring":75,"Molten Egg 2":122,"Vampire_Amulet":0,"Durian":46,"Bag of Marbles":82,"Coffee Dripper":112,"Red Mask":115,"Membership Card":60,"Mirror":101,"Toy Ornithopter":101,"InkBottle":122}],"Toy Ornithopter":25,"InkBottle":[7]},"card_choices":[{"not_picked":["Negative_Energy_Sphere","Exploit"],"picked":"Negative_Energy_Shield","floor":1},{"not_picked":["Bones_to_Steel","Pandemic","Blood_Whip"],"picked":"SKIP","floor":2},{"not_picked":["Acid_Javelin","Bone_Armor"],"picked":"Negative_Energy_Javelin","floor":5},{"not_picked":["Slay_Living","Vampiric_Strike"],"picked":"Death_March_Dance","floor":7},{"not_picked":["Scare","Cloudkill","Epidemic"],"picked":"SKIP","floor":10},{"not_picked":["Scare","Bones_to_Steel","Whirlwind_of_Bones"],"picked":"SKIP","floor":12},{"not_picked":["Corrupt","Shackles_Of_Pain","Scare"],"picked":"SKIP","floor":13},{"not_picked":["Death_Coil","Bone_Armory"],"picked":"Stop_Heart","floor":18},{"not_picked":["Blood_Whip","Death_Coil","Pandemic"],"picked":"SKIP","floor":19},{"not_picked":["Negative_Energy_Shield","Blood_Curse"],"picked":"Negative_Energy_Sphere","floor":21},{"not_picked":["Flesh_Made_Foul","Bone_Spikes","Bone_Bullets"],"picked":"SKIP","floor":24},{"not_picked":["Shackles_Of_Pain","Negative_Energy_Javelin+1","Negative_Energy_Sphere+1"],"picked":"SKIP","floor":25},{"not_picked":["Bone_Armory","Summon_Death_Knight","Blood_Whip"],"picked":"SKIP","floor":27},{"not_picked":["Bone_Armory","Life_Tap+1","Violent_Necrosis"],"picked":"SKIP","floor":29},{"not_picked":["Summon_Lich","Bone_Armor"],"picked":"Summon_Undead_Army+1","floor":30},{"not_picked":["Hellfire","Blood_Magic"],"picked":"Grasp_Heart","floor":33},{"not_picked":["Finger_Of_Death","Acid_Javelin+1","Consume_Illness+1"],"picked":"SKIP","floor":35},{"not_picked":["Bone_Bullets+1","Toxic_Smoke_Screen+1"],"picked":"Negative_Energy_Mist+1","floor":41},{"not_picked":["Shackles_Of_Pain+1","Blood_Is_Power+1","Bone_Spikes+1"],"picked":"SKIP","floor":44},{"not_picked":["Spectral_Armor","Death_Knell+1"],"picked":"Blood_Is_Power","floor":46}],"player_experience":946721,"relics_obtained":[{"floor":9,"key":"Quantum Egg"},{"floor":13,"key":"Oddly Smooth Stone"},{"floor":17,"key":"Orichalcum"},{"floor":17,"key":"The Courier"},{"floor":17,"key":"Durian"},{"floor":24,"key":"Onion Ring"},{"floor":26,"key":"Bag of Marbles"},{"floor":27,"key":"Potion Belt"},{"floor":41,"key":"Molten Egg 2"},{"floor":43,"key":"InkBottle"}],"event_choices":[{"damage_healed":0,"gold_gain":0,"player_choice":"Leave","damage_taken":0,"max_hp_gain":0,"max_hp_loss":0,"event_name":"The Cleric","floor":3,"gold_loss":0},{"damage_healed":0,"gold_gain":0,"player_choice":"Box","damage_taken":0,"relics_obtained":["ReplayTheSpireMod:Shallot"],"max_hp_gain":0,"max_hp_loss":0,"event_name":"Big Fish","floor":4,"gold_loss":0,"cards_obtained":["Regret"]},{"damage_healed":0,"gold_gain":0,"player_choice":"Take Damage","damage_taken":18,"relics_obtained":["Golden Idol"],"max_hp_gain":0,"max_hp_loss":0,"event_name":"Golden Idol","floor":14,"gold_loss":0},{"damage_healed":0,"gold_gain":99,"player_choice":"Stole From Cult","damage_taken":0,"max_hp_gain":0,"max_hp_loss":0,"event_name":"Nest","floor":22,"gold_loss":0},{"damage_healed":0,"gold_gain":0,"player_choice":"Upgraded","damage_taken":0,"max_hp_gain":0,"max_hp_loss":0,"event_name":"Upgrade Shrine","floor":28,"gold_loss":0,"cards_upgraded":["Negative_Energy_Shield"]},{"cards_removed":["Defend_W"],"damage_healed":0,"gold_gain":0,"player_choice":"Removed Skill","damage_taken":0,"max_hp_gain":0,"max_hp_loss":0,"event_name":"Falling","floor":37,"gold_loss":0},{"damage_healed":0,"gold_gain":0,"player_choice":"Paid","damage_taken":0,"relics_obtained":["Red Mask"],"max_hp_gain":0,"max_hp_loss":0,"event_name":"Tomb of Lord Red Mask","floor":39,"gold_loss":50},{"damage_healed":0,"gold_gain":333,"player_choice":"Gave Idol","damage_taken":0,"max_hp_gain":0,"max_hp_loss":0,"event_name":"The Moai Head","floor":48,"relics_lost":["Golden Idol"],"gold_loss":0}],"is_beta":false,"boss_relics":[{"not_picked":["Runic Pyramid","Velvet Choker"],"picked":"Calling Bell"},{"not_picked":["Philosopher\u0027s Stone","Tiny House"],"picked":"Coffee Dripper"}],"items_purged_floors":[20,31,36,38],"is_endless":false,"potions_floor_spawned":[2,12,13,16,18,19,27,33,41,44,46],"ascension_level":0}}