{"host":"8jwrv7sn1174lfer","time":1614009867,"event":{"mods":["BaseMod","Colored Map","Colored Powertips","Highlight Path","Minty Spire (QoL Compilation)","StSLib"],"gold_per_floor":[115,125,140,160,174,200,51,51,51,78,78,78,88,121,121,226,226,242,276,276,376,392,426,426,456,483,483,502,502,519,519,519,519,519],"floor_reached":33,"language":"ENG","playtime":1707,"items_purged":[],"score":505,"play_id":"585c3b8c-1678-4537-9f10-1e2bdebb835a","local_time":"20210222110427","is_ascension_mode":true,"campfire_choices":[{"data":"Consume","floor":8,"key":"SMITH"},{"data":"Sunder","floor":12,"key":"SMITH"},{"data":"Barrage","floor":15,"key":"SMITH"},{"data":"Dualcast","floor":24,"key":"SMITH"},{"data":"Coolheaded","floor":27,"key":"SMITH"},{"data":"Rainbow","floor":29,"key":"SMITH"},{"data":"Ghostly","floor":32,"key":"SMITH"}],"circlet_count":0,"master_deck":["Strike_B","Strike_B","Strike_B","Strike_B","Defend_B","Defend_B+1","Defend_B","Defend_B","Zap+1","Dualcast+1","Glacier+1","BootSequence","Sunder+1","Gash","Coolheaded+1","Rebound+1","Consume+1","Capacitor","Barrage+1","Rainbow+1","All For One","Consume+1","Genetic Algorithm+1","Ghostly+1","Ghostly","Ghostly","Ghostly","Ghostly","Hologram+1","Reboot","Gash","Conserve Battery"],"relics":["Cracked Core","Omamori","Torii","Meat on the Bone","StrikeDummy","War Paint","Inserter","Red Mask","Pen Nib","Smiling Mask","Tiny Chest"],"acts_visited":["Exordium","TheCity"],"potions_floor_usage":[6,10,16,23,31,31,33],"damage_taken":[{"damage":1,"enemies":"Cultist","floor":1,"turns":3},{"damage":0,"enemies":"2 Louse","floor":2,"turns":4},{"damage":3,"enemies":"Jaw Worm","floor":3,"turns":3},{"damage":2,"enemies":"Large Slime","floor":4,"turns":5},{"damage":0,"enemies":"3 Louse","floor":5,"turns":2},{"damage":20,"enemies":"3 Sentries","floor":6,"turns":11},{"damage":24,"enemies":"Gremlin Nob","floor":10,"turns":4},{"damage":0,"enemies":"Blue Slaver","floor":13,"turns":3},{"damage":0,"enemies":"3 Sentries","floor":14,"turns":6},{"damage":12,"enemies":"Slime Boss","floor":16,"turns":6},{"damage":6,"enemies":"Chosen","floor":18,"turns":6},{"damage":64,"enemies":"Masked Bandits","floor":19,"turns":5},{"damage":1,"enemies":"Shell Parasite","floor":22,"turns":7},{"damage":1,"enemies":"Book of Stabbing","floor":23,"turns":7},{"damage":0,"enemies":"Gremlin Leader","floor":25,"turns":11},{"damage":16,"enemies":"Shelled Parasite and Fungi","floor":28,"turns":7},{"damage":1,"enemies":"Centurion and Healer","floor":30,"turns":7},{"damage":9,"enemies":"Book of Stabbing","floor":31,"turns":7},{"damage":37,"enemies":"Collector","floor":33,"turns":3}],"seed_played":"721447888606969283","potions_obtained":[{"floor":1,"key":"LiquidMemories"},{"floor":4,"key":"FocusPotion"},{"floor":10,"key":"Energy Potion"},{"floor":14,"key":"Dexterity Potion"},{"floor":16,"key":"SpeedPotion"},{"floor":22,"key":"SkillPotion"},{"floor":30,"key":"SmokeBomb"}],"is_trial":false,"path_per_floor":["M","M","M","M","M","E","$","R","T","E","?","R","M","E","R","B",null,"M","?","?","?","M","E","R","E","T","R","M","R","M","E","R","B"],"character_chosen":"DEFECT","items_purchased":["Consume","Capacitor"],"campfire_rested":0,"item_purchase_floors":[7,7],"current_hp_per_floor":[74,74,71,69,69,49,49,49,49,37,22,22,34,46,46,46,75,69,17,17,17,28,27,27,27,27,27,23,23,22,25,25,0,0],"gold":519,"neow_bonus":"RANDOM_COMMON_RELIC","is_daily":false,"chose_seed":false,"campfire_upgraded":7,"win_rate":0.0,"timestamp":1614009867,"path_taken":["M","M","M","M","M","E","?","R","T","E","?","R","?","E","R","BOSS","M","?","?","?","?","E","R","E","T","R","M","R","M","E","R","BOSS"],"items_purchased_type":["Card","Card"],"build_version":"2020-12-22","purchased_purges":0,"victory":false,"max_hp_per_floor":[75,75,75,75,75,75,75,75,75,75,75,75,75,75,75,75,75,75,75,37,37,37,37,37,37,37,37,37,37,37,37,37,37,37],"card_choices":[{"not_picked":["Heatsinks","Skim"],"picked":"Glacier","floor":1},{"not_picked":["Gash","Auto Shields"],"picked":"BootSequence","floor":2},{"not_picked":["Storm","Static Discharge"],"picked":"Sunder","floor":3},{"not_picked":["Stack","Force Field"],"picked":"Gash","floor":4},{"not_picked":["Turbo","Static Discharge"],"picked":"Coolheaded","floor":5},{"not_picked":["Stack","Leap"],"picked":"Rebound","floor":6},{"not_picked":["Rebound","Gash","Coolheaded"],"picked":"SKIP","floor":10},{"not_picked":["FTL","Go for the Eyes"],"picked":"Barrage","floor":13},{"not_picked":["Sweeping Beam","Streamline"],"picked":"Rainbow","floor":14},{"not_picked":["Core Surge","Rainbow"],"picked":"All For One","floor":16},{"not_picked":["Barrage","Scrape"],"picked":"Consume+1","floor":18},{"not_picked":["Heatsinks","White Noise"],"picked":"Genetic Algorithm+1","floor":19},{"not_picked":["Turbo","Leap"],"picked":"Hologram+1","floor":22},{"not_picked":["Doom and Gloom","Heatsinks"],"picked":"Reboot","floor":23},{"not_picked":["Auto Shields","Rebound"],"picked":"Gash","floor":25},{"not_picked":["Streamline","Aggregate","Rebound+1"],"picked":"SKIP","floor":28},{"not_picked":["Stack","Seek"],"picked":"Conserve Battery","floor":30}],"player_experience":666624,"relics_obtained":[{"floor":6,"key":"Torii"},{"floor":9,"key":"Meat on the Bone"},{"floor":10,"key":"StrikeDummy"},{"floor":14,"key":"War Paint"},{"floor":19,"key":"Red Mask"},{"floor":23,"key":"Pen Nib"},{"floor":25,"key":"Smiling Mask"},{"floor":26,"key":"Tiny Chest"}],"event_choices":[{"damage_healed":0,"gold_gain":0,"player_choice":"Entered Light","damage_taken":15,"max_hp_gain":0,"max_hp_loss":0,"event_name":"Shining Light","floor":11,"gold_loss":0,"cards_upgraded":["Rebound","Zap"]},{"damage_healed":0,"gold_gain":0,"player_choice":"Fought Bandits","damage_taken":0,"max_hp_gain":0,"max_hp_loss":0,"event_name":"Masked Bandits","floor":19,"gold_loss":0},{"damage_healed":0,"gold_gain":0,"player_choice":"Became a Ghost","damage_taken":0,"max_hp_gain":0,"max_hp_loss":38,"event_name":"Ghosts","floor":20,"gold_loss":0,"cards_obtained":["Ghostly","Ghostly","Ghostly","Ghostly","Ghostly"]},{"damage_healed":0,"gold_gain":100,"player_choice":"Pray","damage_taken":0,"max_hp_gain":0,"max_hp_loss":0,"event_name":"Golden Shrine","floor":21,"gold_loss":0}],"is_beta":false,"boss_relics":[{"not_picked":["FrozenCore","Nuclear Battery"],"picked":"Inserter"}],"items_purged_floors":[],"is_endless":false,"potions_floor_spawned":[1,4,10,14,16,22,30,31],"killed_by":"Collector","ascension_level":4}}