{"host":"jt67skv49snb75sm","time":1614003272,"event":{"mods":["BaseMod","Bestiary","Minty Spire (QoL Compilation)","Relic Stats"],"gold_per_floor":[114,127,127,146,146,171,171,206,232,232,232],"floor_reached":10,"language":"ENG","playtime":430,"items_purged":[],"score":152,"play_id":"3434d9ce-9d55-498b-bbe9-757b09c9297c","local_time":"20210222151432","is_ascension_mode":true,"campfire_choices":[{"data":"Whirlwind","floor":7.0,"key":"SMITH"}],"circlet_count":0,"master_deck":["AscendersBane","Strike_R","Strike_R","Strike_R","Strike_R","Defend_R","Defend_R","Defend_R","Defend_R","Bash","Sword Boomerang","Shrug It Off","Carnage","Whirlwind+1","Immolate"],"relics":["Burning Blood","Bronze Scales","Dream Catcher","MealTicket","Nunchaku"],"acts_visited":["Exordium"],"potions_floor_usage":[10],"damage_taken":[{"damage":5.0,"enemies":"2 Louse","floor":1.0,"turns":4.0},{"damage":1.0,"enemies":"Cultist","floor":2.0,"turns":3.0},{"damage":7.0,"enemies":"Small Slimes","floor":4.0,"turns":4.0},{"damage":34.0,"enemies":"Gremlin Nob","floor":6.0,"turns":4.0},{"damage":30.0,"enemies":"3 Sentries","floor":8.0,"turns":6.0},{"damage":17,"enemies":"Lagavulin","floor":10,"turns":7}],"seed_played":"8464501657660858026","potions_obtained":[{"floor":2.0,"key":"DuplicationPotion"},{"floor":6.0,"key":"LiquidBronze"}],"is_trial":false,"path_per_floor":["M","M","?","M","?","E","R","E","T","E"],"character_chosen":"IRONCLAD","items_purchased":[],"campfire_rested":0,"item_purchase_floors":[],"current_hp_per_floor":[69,74,79,78,78,50,50,26,26,9,9],"gold":232,"neow_bonus":"RANDOM_COMMON_RELIC","is_daily":false,"chose_seed":false,"campfire_upgraded":1,"win_rate":0.0,"timestamp":1614003272,"path_taken":["M","M","?","M","?","E","R","E","T","E"],"items_purchased_type":[],"build_version":"2020-12-22","purchased_purges":0,"victory":false,"max_hp_per_floor":[75,75,80,80,80,80,80,80,80,80,80],"relic_stats":{"Dream Catcher":0,"Nunchaku":[0],"counters":[6,28],"Bronze Scales":[42],"MealTicket":0,"obtain_stats":[{"Dream Catcher":6,"Nunchaku":9,"Bronze Scales":0,"MealTicket":8,"Burning Blood":0},{"Dream Catcher":4,"Nunchaku":5,"Bronze Scales":0,"MealTicket":5,"Burning Blood":0},{"Dream Catcher":15,"Nunchaku":21,"Bronze Scales":0,"MealTicket":21,"Burning Blood":0}],"Burning Blood":30},"card_choices":[{"not_picked":["Twin Strike","Warcry"],"picked":"Sword Boomerang","floor":1.0},{"not_picked":["Body Slam","Wild Strike"],"picked":"Shrug It Off","floor":2.0},{"not_picked":["Warcry","Body Slam"],"picked":"Carnage","floor":4.0},{"not_picked":["Pommel Strike","Searing Blow"],"picked":"Whirlwind","floor":6.0},{"not_picked":["Bloodletting","Iron Wave"],"picked":"Immolate","floor":8.0}],"player_experience":869150,"relics_obtained":[{"floor":6.0,"key":"Dream Catcher"},{"floor":8.0,"key":"MealTicket"},{"floor":9.0,"key":"Nunchaku"}],"event_choices":[{"damage_healed":0.0,"max_hp_gain":5.0,"max_hp_loss":0.0,"gold_gain":0.0,"event_name":"Big Fish","player_choice":"Donut","floor":3.0,"gold_loss":0.0,"damage_taken":0.0},{"cards_removed":["Strike_R"],"damage_healed":0.0,"max_hp_gain":0.0,"max_hp_loss":0.0,"gold_gain":0.0,"event_name":"Purifier","player_choice":"Purged","floor":5.0,"gold_loss":0.0,"damage_taken":0.0}],"is_beta":false,"boss_relics":[],"items_purged_floors":[],"is_endless":false,"potions_floor_spawned":[2,6],"killed_by":"Lagavulin","ascension_level":20}}