{"host":"z9rwthyxsf7d04ix","time":1614024361,"event":{"mods":["AchievementEnabler","BaseMod","Colored Map","Colored Powertips","Minty Spire (QoL Compilation)","Quick Restart"],"gold_per_floor":[113,188,188,200,200,234,234,250,250,250,175,193,193,219,219,315,365,375,389,93,93,93,93,93],"floor_reached":23,"language":"ENG","playtime":1061,"items_purged":["Strike_R","Strike_R"],"score":255,"play_id":"67cb61d8-0b9a-42ec-9dac-09505fea4e0c","local_time":"20210222220601","is_ascension_mode":true,"campfire_choices":[{"floor":7,"key":"RECALL"},{"data":"Pummel","floor":13,"key":"SMITH"},{"data":"Bash","floor":15,"key":"SMITH"}],"circlet_count":0,"master_deck":["Strike_R","Strike_R","Strike_R","Defend_R","Defend_R+1","Defend_R","Defend_R","Bash+1","Inflame+1","Pummel+1","Pommel Strike+1","Exhume","Shrug It Off","Inflame+1","Apotheosis","Anger+1","RitualDagger+1"],"relics":["Burning Blood","NeowsBlessing","Kunai","Molten Egg 2","Bronze Scales","Orichalcum","Tiny House","Membership Card"],"acts_visited":["Exordium","TheCity"],"potions_floor_usage":[16,23],"damage_taken":[{"damage":0,"enemies":"Jaw Worm","floor":1,"turns":1},{"damage":0,"enemies":"Small Slimes","floor":4,"turns":1},{"damage":0,"enemies":"Lagavulin","floor":6,"turns":1},{"damage":1,"enemies":"2 Louse","floor":8,"turns":2},{"damage":4,"enemies":"Red Slaver","floor":12,"turns":4},{"damage":15,"enemies":"3 Sentries","floor":14,"turns":7},{"damage":30,"enemies":"Slime Boss","floor":16,"turns":11},{"damage":35,"enemies":"Chosen","floor":18,"turns":8},{"damage":11,"enemies":"Shell Parasite","floor":19,"turns":6},{"damage":34,"enemies":"Slavers","floor":23,"turns":2}],"seed_played":"-2354377800866440840","potions_obtained":[{"floor":1,"key":"SmokeBomb"},{"floor":12,"key":"Fire Potion"},{"floor":16,"key":"ColorlessPotion"},{"floor":17,"key":"Fire Potion"}],"is_trial":false,"path_per_floor":["M","?","?","M","$","E","R","M","T","T","$","M","R","E","R","B",null,"M","M","$","?","?","E"],"character_chosen":"IRONCLAD","items_purchased":["Membership Card","Apotheosis","Anger+1"],"campfire_rested":0,"item_purchase_floors":[20,20,20],"current_hp_per_floor":[80,69,69,75,75,80,80,80,80,80,80,80,80,71,71,47,85,56,51,51,45,29,0,0],"gold":93,"neow_bonus":"THREE_ENEMY_KILL","is_daily":false,"chose_seed":false,"campfire_upgraded":2,"win_rate":0.0,"timestamp":1614024361,"path_taken":["M","?","?","M","$","E","R","M","T","?","?","M","R","E","R","BOSS","M","M","$","?","?","E"],"items_purchased_type":["Relic","Card","Card"],"build_version":"2020-12-22","purchased_purges":2,"victory":false,"max_hp_per_floor":[80,80,80,80,80,80,80,80,80,80,80,80,80,80,80,80,85,85,85,85,85,90,90,90],"card_choices":[{"not_picked":["Rampage","Clothesline"],"picked":"Inflame","floor":1},{"not_picked":["Shockwave","Reckless Charge","Cleave"],"picked":"SKIP","floor":4},{"not_picked":["Infernal Blade","Perfected Strike","Reckless Charge"],"picked":"SKIP","floor":6},{"not_picked":["Havoc","Searing Blow"],"picked":"Pummel","floor":8},{"not_picked":["Clash+1","Ghostly Armor"],"picked":"Pommel Strike+1","floor":12},{"not_picked":["True Grit","Wild Strike+1","Power Through"],"picked":"SKIP","floor":14},{"not_picked":["Fiend Fire+1","Corruption"],"picked":"Exhume","floor":16},{"not_picked":["Ghostly Armor","Armaments"],"picked":"Shrug It Off","floor":17},{"not_picked":["Shrug It Off","Body Slam+1","Headbutt+1"],"picked":"SKIP","floor":18},{"not_picked":["Flex","Warcry"],"picked":"Inflame+1","floor":19}],"player_experience":766612,"relics_obtained":[{"floor":6,"key":"Kunai"},{"floor":9,"key":"Molten Egg 2"},{"floor":10,"key":"Bronze Scales"},{"floor":14,"key":"Orichalcum"}],"event_choices":[{"damage_healed":0,"gold_gain":75,"player_choice":"Gather Gold","damage_taken":11,"max_hp_gain":0,"max_hp_loss":0,"event_name":"World of Goop","floor":2,"gold_loss":0},{"damage_healed":0,"gold_gain":0,"player_choice":"Grow","damage_taken":0,"max_hp_gain":0,"max_hp_loss":0,"event_name":"Living Wall","floor":3,"gold_loss":0,"cards_upgraded":["Inflame"]},{"damage_healed":0,"gold_gain":0,"player_choice":"Joined the Cult","damage_taken":6,"max_hp_gain":0,"max_hp_loss":0,"event_name":"Nest","floor":21,"gold_loss":0,"cards_obtained":["RitualDagger"]},{"damage_healed":0,"gold_gain":0,"player_choice":"Shed Blood","damage_taken":21,"max_hp_gain":5,"max_hp_loss":0,"event_name":"Forgotten Altar","floor":22,"gold_loss":0}],"is_beta":false,"boss_relics":[{"not_picked":["Velvet Choker","Mark of Pain"],"picked":"Tiny House"}],"items_purged_floors":[11,20],"is_endless":false,"potions_floor_spawned":[1,12,16,18],"killed_by":"Slavers","ascension_level":3}}