{"host":"3j2m8n0ywf988fwb","time":1614027528,"event":{"mods":["2.2 Compatiblity","AchievementEnabler","Act Like it!","BaseMod","Beaked The Cultist","Better Altar","Better Match","Better Note","Better Sensory Stone","Better Skull","Better Third Choice","Colored Map","Colored Powertips","Dark Map","Hallownest","HexUI Lib","Highlight Path","Marked Mod","Minty Spire (QoL Compilation)","Random Character Button","Relic Stats","Robot Space Explorer","Ruina","Shapeshifter Mod","Shop Mod","Somnambulant","StSLib","The Bug Knight","The Servant 0.9.4","Unceasing Turn Reminder","Weighted Paths","everything is the same but u backflip on backflip"],"gold_per_floor":[112,129,229,246,20,54,54,73,73,73,73,73],"floor_reached":11,"language":"ENG","playtime":441,"items_purged":[],"score":84,"play_id":"f30f7f67-793a-42f9-9a59-3801b21c69b1","local_time":"20210222145848","is_ascension_mode":true,"campfire_choices":[{"data":"beaked:CrazyRituals","floor":7,"key":"SMITH"},{"data":"beaked:KnowThyFoe","floor":10,"key":"SMITH"}],"circlet_count":0,"master_deck":["beaked:Strike_Y","beaked:Strike_Y","beaked:Strike_Y","beaked:Strike_Y","beaked:Strike_Y","beaked:Strike_Y","beaked:Defend_Y","beaked:Defend_Y","beaked:Defend_Y","beaked:Defend_Y","beaked:Ceremony","beaked:Ceremony","beaked:Ceremony","beaked:Brace","beaked:CrazyRituals+1","beaked:KnowThyFoe+1","beaked:Foresight"],"relics":["beaked:MendingPlumage","Strawberry","HollowMod:StagPassRelic","Molten Egg 2"],"acts_visited":["Exordium"],"potions_floor_usage":[11,11],"damage_taken":[{"damage":9,"enemies":"Small Slimes","floor":1,"turns":4},{"damage":8,"enemies":"Cultist","floor":2,"turns":5},{"damage":1,"enemies":"2 Louse","floor":4,"turns":4},{"damage":50,"enemies":"3 Sentries","floor":6,"turns":8},{"damage":24,"enemies":"Blue Slaver","floor":8,"turns":5},{"damage":47,"enemies":"Gremlin Nob","floor":11,"turns":4}],"seed_played":"-3132320297669303925","potions_obtained":[{"floor":1,"key":"SkillPotion"},{"floor":6,"key":"AttackPotion"}],"is_trial":false,"path_per_floor":["M","M","?","M","$","E","R","M","T","R","E"],"character_chosen":"BEAKED_THE_CULTIST","items_purchased":["beaked:KnowThyFoe","Strawberry"],"campfire_rested":0,"item_purchase_floors":[5,5],"current_hp_per_floor":[50,49,49,50,57,23,23,19,19,19,0,0],"gold":73,"neow_bonus":"THREE_CARDS","is_daily":false,"chose_seed":false,"campfire_upgraded":2,"win_rate":0.0,"timestamp":1614027528,"path_taken":["M","M","?","?","?","E","R","M","T","R","E"],"items_purchased_type":["Card","Relic"],"build_version":"2020-12-22","purchased_purges":0,"victory":false,"max_hp_per_floor":[50,50,50,50,57,57,57,57,57,57,57,57],"relic_stats":{"counters":[6,29],"obtain_stats":[{"Strawberry":5,"Molten Egg 2":9,"beaked:MendingPlumage":0,"HollowMod:StagPassRelic":6},{"Strawberry":3,"Molten Egg 2":5,"beaked:MendingPlumage":0,"HollowMod:StagPassRelic":4},{"Strawberry":13,"Molten Egg 2":25,"beaked:MendingPlumage":0,"HollowMod:StagPassRelic":20}]},"card_choices":[{"not_picked":["beaked:Redirect","beaked:RitualOfBody"],"picked":"beaked:Brace","floor":0},{"not_picked":["beaked:Tradeoff","beaked:Brace"],"picked":"beaked:CrazyRituals","floor":1},{"not_picked":["beaked:Brace","beaked:Tradeoff","beaked:DigDeeper"],"picked":"SKIP","floor":2},{"not_picked":["beaked:BloodRitual","beaked:Brace","beaked:BloodForTheGods"],"picked":"SKIP","floor":4},{"not_picked":["beaked:HuntressSpirit","beaked:Cower","beaked:TuckingFeathers"],"picked":"SKIP","floor":6},{"not_picked":["beaked:Mantra","beaked:Overexert"],"picked":"beaked:Foresight","floor":8}],"player_experience":1051200,"relics_obtained":[{"floor":6,"key":"HollowMod:StagPassRelic"},{"floor":9,"key":"Molten Egg 2"}],"event_choices":[{"damage_healed":0,"gold_gain":100,"player_choice":"Pray","damage_taken":0,"max_hp_gain":0,"max_hp_loss":0,"event_name":"Golden Shrine","floor":3,"gold_loss":0}],"is_beta":false,"boss_relics":[],"items_purged_floors":[],"is_endless":false,"potions_floor_spawned":[1,6],"killed_by":"Gremlin Nob","ascension_level":3}}