{"host":"29uuqgkzqd703i93","time":1614021752,"event":{"mods":["BaseMod","Colored Powertips","Minty Spire (QoL Compilation)"],"gold_per_floor":[217,217,23,40,58,71,71,96,96,96,109,109,109,123,123,225,225,242,242,192,23,36,36,66,66,91,121,139,152,77,77,77,173,173,186,205,0,999,612,612,612,612,639,669,689,699,722,738,738,738,738],"floor_reached":50,"language":"ENG","playtime":2884,"items_purged":["Normality"],"score":610,"play_id":"a46a948b-39d4-46e6-9d54-87b77e0698a1","local_time":"20210222202232","is_ascension_mode":false,"campfire_choices":[{"data":"Noxious Fumes","floor":7.0,"key":"SMITH"},{"floor":10.0,"key":"REST"},{"data":"Setup","floor":12.0,"key":"SMITH"},{"floor":15.0,"key":"REST"},{"data":"Envenom","floor":23.0,"key":"SMITH"},{"floor":32.0,"key":"REST"},{"floor":40.0,"key":"REST"},{"data":"Crippling Poison","floor":42.0,"key":"SMITH"},{"floor":49.0,"key":"REST"}],"circlet_count":0,"master_deck":["Defend_G","Defend_G","Defend_G","Defend_G","Defend_G","Survivor","Neutralize+1","Footwork","Noxious Fumes+1","Deadly Poison+1","Dash","Backflip+1","Flying Knee","All Out Attack","Setup+1","Prepared","Envenom+1","Poisoned Stab","Bite","Bite","Bite+1","Bite","Bite","Dagger Spray+1","Terror","Poisoned Stab+1","Poisoned Stab","PiercingWail+1","Burst","CurseOfTheBell","Crippling Poison+1","Normality","Distraction","Good Instincts","Jack Of All Trades","PiercingWail","Escape Plan","Bane"],"relics":["Ring of the Snake","Kunai","Shuriken","Sozu","Happy Flower","Calipers","War Paint","Bird Faced Urn","GremlinMask","Calling Bell","Boot","HornCleat","Lizard Tail","Red Mask","Whetstone","Bronze Scales","Anchor","Omamori"],"acts_visited":["Exordium","TheCity","TheBeyond"],"potions_floor_usage":[],"damage_taken":[{"damage":2.0,"enemies":"Jaw Worm","floor":1.0,"turns":6.0},{"damage":0.0,"enemies":"Cultist","floor":4.0,"turns":4.0},{"damage":0.0,"enemies":"2 Louse","floor":5.0,"turns":3.0},{"damage":14.0,"enemies":"Lots of Slimes","floor":6.0,"turns":4.0},{"damage":11.0,"enemies":"3 Sentries","floor":8.0,"turns":6.0},{"damage":0.0,"enemies":"2 Fungi Beasts","floor":11.0,"turns":2.0},{"damage":9.0,"enemies":"Blue Slaver","floor":14.0,"turns":4.0},{"damage":19.0,"enemies":"The Guardian","floor":16.0,"turns":11.0},{"damage":10.0,"enemies":"Shell Parasite","floor":18.0,"turns":6.0},{"damage":9.0,"enemies":"Chosen","floor":22.0,"turns":4.0},{"damage":28.0,"enemies":"Book of Stabbing","floor":24.0,"turns":5.0},{"damage":19.0,"enemies":"Gremlin Leader","floor":27.0,"turns":7.0},{"damage":26.0,"enemies":"Snake Plant","floor":28.0,"turns":4.0},{"damage":20.0,"enemies":"Centurion and Healer","floor":29.0,"turns":6.0},{"damage":37.0,"enemies":"Automaton","floor":33.0,"turns":11.0},{"damage":15.0,"enemies":"Orb Walker","floor":35.0,"turns":4.0},{"damage":21.0,"enemies":"3 Shapes","floor":36.0,"turns":7.0},{"damage":71.0,"enemies":"Nemesis","floor":44.0,"turns":7.0},{"damage":2.0,"enemies":"3 Darklings","floor":45.0,"turns":4.0},{"damage":13.0,"enemies":"Transient","floor":46.0,"turns":5.0},{"damage":4.0,"enemies":"Jaw Worm Horde","floor":48.0,"turns":3.0},{"damage":64,"enemies":"Time Eater","floor":50,"turns":8}],"seed_played":"8360244453280019609","potions_obtained":[{"floor":1.0,"key":"GhostInAJar"},{"floor":5.0,"key":"SkillPotion"},{"floor":6.0,"key":"SpeedPotion"},{"floor":16.0,"key":"SkillPotion"}],"is_trial":false,"path_per_floor":["M","?","$","M","M","M","R","E","T","R","M","R","?","M","R","B",null,"M","?","?","$","M","R","E","$","T","E","M","M","?","?","R","B",null,"M","M","?","?","$","R","?","R","T","E","M","M","T","M","R","B"],"character_chosen":"THE_SILENT","items_purchased":["Noxious Fumes","Deadly Poison","Dash","Happy Flower","Dagger Spray","Whetstone","Distraction","Good Instincts"],"campfire_rested":5,"item_purchase_floors":[3,3,3,21,21,39,39,39],"current_hp_per_floor":[68,68,68,68,68,54,54,43,43,64,64,64,64,55,70,51,70,60,49,49,49,42,42,22,22,22,23,7,7,7,7,21,12,49,38,31,31,31,31,45,45,45,45,26,30,31,31,32,46,0,0],"gold":738,"neow_bonus":"HUNDRED_GOLD","is_daily":false,"chose_seed":false,"campfire_upgraded":4,"win_rate":0.0,"timestamp":1614021752,"path_taken":["M","?","$","M","M","?","R","E","T","R","M","R","?","?","R","BOSS","M","?","?","$","M","R","E","$","T","E","?","M","?","?","R","BOSS","M","M","?","?","?","R","?","R","T","E","M","M","?","?","R","BOSS"],"items_purchased_type":["Card","Card","Card","Relic","Card","Relic","Card","Card"],"build_version":"2020-12-22","purchased_purges":1,"victory":false,"max_hp_per_floor":[70,70,70,70,70,70,70,70,70,70,70,70,70,70,70,70,70,70,49,49,49,49,49,49,49,49,49,49,49,49,49,49,49,49,49,49,49,49,49,49,49,49,49,49,49,49,49,49,49,49,49],"card_choices":[{"not_picked":["Tactician","Slice"],"picked":"Footwork","floor":1.0},{"not_picked":["Infinite Blades","Accuracy"],"picked":"Backflip","floor":4.0},{"not_picked":["Underhanded Strike","Infinite Blades"],"picked":"Flying Knee","floor":5.0},{"not_picked":["Sucker Punch","Cloak And Dagger"],"picked":"All Out Attack","floor":6.0},{"not_picked":["Escape Plan","Finisher"],"picked":"Setup","floor":8.0},{"not_picked":["Escape Plan","Glass Knife"],"picked":"Prepared","floor":11.0},{"not_picked":["Setup","Footwork","Masterful Stab"],"picked":"SKIP","floor":14.0},{"not_picked":["Unload","Venomology"],"picked":"Envenom","floor":16.0},{"not_picked":["Underhanded Strike","Noxious Fumes"],"picked":"Poisoned Stab","floor":18.0},{"not_picked":["Acrobatics+1","Backflip"],"picked":"Terror","floor":22.0},{"not_picked":["Underhanded Strike","Dagger Spray"],"picked":"Poisoned Stab+1","floor":24.0},{"not_picked":["A Thousand Cuts","Sucker Punch+1"],"picked":"Poisoned Stab","floor":27.0},{"not_picked":["Masterful Stab","Cloak And Dagger","Underhanded Strike"],"picked":"SKIP","floor":28.0},{"not_picked":["Endless Agony","Dagger Spray+1"],"picked":"PiercingWail+1","floor":29.0},{"not_picked":["Glass Knife","Malaise"],"picked":"Burst","floor":33.0},{"not_picked":["Underhanded Strike","Backflip+1","Dagger Spray"],"picked":"SKIP","floor":35.0},{"not_picked":["Prepared+1","Dodge and Roll+1"],"picked":"Crippling Poison","floor":36.0},{"not_picked":["Madness","Mind Blast"],"picked":"Jack Of All Trades","floor":41.0},{"not_picked":["Acrobatics","Envenom"],"picked":"PiercingWail","floor":44.0},{"not_picked":["Bane+1","Dagger Throw+1"],"picked":"Escape Plan","floor":45.0},{"not_picked":["Blade Dance","Dagger Spray+1","Underhanded Strike"],"picked":"SKIP","floor":46.0},{"not_picked":["Sucker Punch+1","Expertise"],"picked":"Bane","floor":48.0}],"player_experience":136317,"relics_obtained":[{"floor":8.0,"key":"Kunai"},{"floor":9.0,"key":"Shuriken"},{"floor":24.0,"key":"Calipers"},{"floor":26.0,"key":"War Paint"},{"floor":27.0,"key":"Bird Faced Urn"},{"floor":34.0,"key":"Boot"},{"floor":34.0,"key":"HornCleat"},{"floor":34.0,"key":"Lizard Tail"},{"floor":43.0,"key":"Bronze Scales"},{"floor":44.0,"key":"Anchor"},{"floor":47.0,"key":"Omamori"}],"event_choices":[{"damage_healed":0.0,"max_hp_gain":0.0,"max_hp_loss":0.0,"gold_gain":0.0,"event_name":"Upgrade Shrine","player_choice":"Upgraded","floor":2.0,"gold_loss":0.0,"damage_taken":0.0,"cards_upgraded":["Neutralize"]},{"damage_healed":0.0,"max_hp_gain":0.0,"max_hp_loss":0.0,"gold_gain":0.0,"event_name":"Wheel of Change","player_choice":"Cursed","floor":13.0,"gold_loss":0.0,"damage_taken":0.0,"cards_obtained":["Decay"]},{"damage_healed":0.0,"max_hp_gain":0.0,"max_hp_loss":21.0,"gold_gain":0.0,"event_name":"Vampires","player_choice":"Became a vampire","floor":19.0,"gold_loss":0.0,"damage_taken":0.0,"cards_obtained":["Bite","Bite","Bite","Bite","Bite"]},{"damage_healed":0.0,"max_hp_gain":0.0,"max_hp_loss":0.0,"gold_gain":0.0,"event_name":"The Joust","player_choice":"Bet on Murderer","floor":20.0,"gold_loss":50.0,"damage_taken":0.0},{"cards_removed":["Decay"],"damage_healed":0.0,"max_hp_gain":0.0,"max_hp_loss":0.0,"gold_gain":0.0,"event_name":"Beggar","player_choice":"Gave Gold","floor":30.0,"gold_loss":75.0,"damage_taken":0.0},{"damage_healed":0.0,"max_hp_gain":0.0,"max_hp_loss":0.0,"gold_gain":0.0,"event_name":"FaceTrader","player_choice":"Trade","floor":31.0,"gold_loss":0.0,"damage_taken":0.0,"relics_obtained":["GremlinMask"]},{"damage_healed":0.0,"max_hp_gain":0.0,"max_hp_loss":0.0,"gold_gain":0.0,"event_name":"Tomb of Lord Red Mask","player_choice":"Paid","floor":37.0,"gold_loss":205.0,"damage_taken":0.0,"relics_obtained":["Red Mask"]},{"damage_healed":0.0,"max_hp_gain":0.0,"max_hp_loss":0.0,"gold_gain":999.0,"event_name":"MindBloom","player_choice":"Gold","floor":38.0,"gold_loss":0.0,"damage_taken":0.0,"cards_obtained":["Normality","Normality"]},{"damage_healed":0.0,"max_hp_gain":0.0,"max_hp_loss":0.0,"gold_gain":0.0,"event_name":"SensoryStone","player_choice":"Memory 1","floor":41.0,"gold_loss":0.0,"damage_taken":0.0}],"is_beta":false,"boss_relics":[{"not_picked":["Cursed Key","Pandora\u0027s Box"],"picked":"Sozu"},{"not_picked":["Snecko Eye","Velvet Choker"],"picked":"Calling Bell"}],"items_purged_floors":[39],"is_endless":false,"potions_floor_spawned":[1,5,6,16,22,28,29,36,45,48],"killed_by":"Time Eater","ascension_level":0}}