{"host":"ibckqdmmf9y74ymf","time":1614036171,"event":{"mods":["2.2 Compatiblity","BaseMod","Colored Map","Curses Come First","Highlight Path","Minty Spire (QoL Compilation)","Quick Restart","Rare Cards Sparkle","Relic Stats","StSLib"],"gold_per_floor":[111,131,131,149,161,161,194,211,257,285,299,312,14,30,30,108,108,108,108,8,8,8,8,8,8,8,8,8,8,8,8,8,8,8,8,8,8,8,0,0,0,0,0,0,0,0,0,0,0,0],"floor_reached":49,"language":"ENG","playtime":4663,"items_purged":["Defend_P","Strike_P"],"score":1608,"play_id":"4d4500f5-e0dc-4baf-be55-557c34998bb8","local_time":"20210223002251","is_ascension_mode":true,"campfire_choices":[{"data":"Tantrum","floor":6.0,"key":"SMITH"},{"data":"CrushJoints","floor":15.0,"key":"SMITH"},{"floor":24.0,"key":"REST"},{"data":"Adaptation","floor":27.0,"key":"SMITH"},{"data":"SandsOfTime","floor":32.0,"key":"SMITH"}],"circlet_count":0,"master_deck":["AscendersBane","Strike_P+1","Strike_P+1","Strike_P+1","Defend_P+1","Defend_P+1","Eruption+1","Vigilance+1","CarveReality+1","EmptyBody+1","WreathOfFlame+1","Tantrum+1","ClearTheMind+1","FlyingSleeves+1","CrushJoints+1","Indignation+1","LessonLearned+1","ThirdEye+1","Protect+1","FlurryOfBlows+1","Omniscience+1","FollowUp+1","Adaptation+1","EmptyBody+1","SandsOfTime+1","Vault+1","Dark Shackles+1","MentalFortress+1"],"relics":["PureWater","Damaru","Ornamental Fan","PreservedInsect","Toxic Egg 2","Toy Ornithopter","Ectoplasm","Nilry\u0027s Codex","Happy Flower","Anchor","Kunai","Bag of Marbles","Smiling Mask","Busted Crown","Red Mask","Gambling Chip","Torii","Girya","Akabeko"],"acts_visited":["Exordium","TheCity","TheBeyond"],"potions_floor_usage":[],"damage_taken":[{"damage":4.0,"enemies":"Small Slimes","floor":1.0,"turns":3.0},{"damage":0.0,"enemies":"2 Louse","floor":2.0,"turns":2.0},{"damage":7.0,"enemies":"Jaw Worm","floor":4.0,"turns":3.0},{"damage":9.0,"enemies":"Exordium Wildlife","floor":5.0,"turns":4.0},{"damage":0.0,"enemies":"Lagavulin","floor":7.0,"turns":4.0},{"damage":0.0,"enemies":"2 Fungi Beasts","floor":8.0,"turns":3.0},{"damage":0.0,"enemies":"Gremlin Nob","floor":10.0,"turns":2.0},{"damage":4.0,"enemies":"Blue Slaver","floor":11.0,"turns":2.0},{"damage":3.0,"enemies":"3 Louse","floor":12.0,"turns":6.0},{"damage":5.0,"enemies":"Gremlin Gang","floor":14.0,"turns":3.0},{"damage":13.0,"enemies":"Hexaghost","floor":16.0,"turns":7.0},{"damage":0.0,"enemies":"Chosen","floor":18.0,"turns":2.0},{"damage":4.0,"enemies":"Shell Parasite","floor":19.0,"turns":3.0},{"damage":0.0,"enemies":"Gremlin Leader","floor":23.0,"turns":8.0},{"damage":1.0,"enemies":"Slavers","floor":25.0,"turns":3.0},{"damage":0.0,"enemies":"Gremlin Leader","floor":29.0,"turns":2.0},{"damage":0.0,"enemies":"Shelled Parasite and Fungi","floor":30.0,"turns":4.0},{"damage":0.0,"enemies":"3 Cultists","floor":31.0,"turns":4.0},{"damage":46.0,"enemies":"Automaton","floor":33.0,"turns":8.0},{"damage":0.0,"enemies":"3 Shapes","floor":35.0,"turns":9.0},{"damage":6.0,"enemies":"3 Darklings","floor":38.0,"turns":5.0},{"damage":0.0,"enemies":"Reptomancer","floor":40.0,"turns":4.0},{"damage":0.0,"enemies":"Writhing Mass","floor":41.0,"turns":5.0},{"damage":0.0,"enemies":"Giant Head","floor":42.0,"turns":4.0},{"damage":1.0,"enemies":"4 Shapes","floor":44.0,"turns":4.0},{"damage":8.0,"enemies":"Nemesis","floor":45.0,"turns":6.0},{"damage":0.0,"enemies":"Reptomancer","floor":47.0,"turns":2.0},{"damage":0.0,"enemies":"Transient","floor":48.0,"turns":7.0}],"seed_played":"1708456892855452515","potions_obtained":[{"floor":1.0,"key":"Swift Potion"},{"floor":2.0,"key":"ColorlessPotion"},{"floor":7.0,"key":"SmokeBomb"},{"floor":8.0,"key":"Block Potion"},{"floor":12.0,"key":"AttackPotion"},{"floor":16.0,"key":"Ancient Potion"},{"floor":30.0,"key":"Block Potion"},{"floor":33.0,"key":"FearPotion"},{"floor":35.0,"key":"Energy Potion"},{"floor":40.0,"key":"StancePotion"}],"is_trial":false,"path_per_floor":["M","M","?","M","M","R","E","M","T","E","M","M","$","M","R","B",null,"M","M","$","?","?","E","R","E","T","R","T","E","M","M","R","B",null,"M","?","?","M","?","E","M","E","T","M","E","?","E","M","R"],"character_chosen":"WATCHER","items_purchased":["Toy Ornithopter","Protect+1"],"campfire_rested":1,"item_purchase_floors":[13,13],"current_hp_per_floor":[57,57,57,50,41,41,41,41,41,41,37,34,34,29,29,21,56,56,52,52,31,31,31,51,55,55,55,55,55,60,65,65,19,56,56,56,56,50,50,50,50,50,50,49,41,41,41,41,41,41],"gold":0,"neow_bonus":"RANDOM_COMMON_RELIC","is_daily":false,"chose_seed":false,"campfire_upgraded":4,"win_rate":0.0,"timestamp":1614036171,"path_taken":["M","M","?","M","M","R","E","M","T","E","M","M","$","M","R","BOSS","M","M","$","?","?","E","R","E","T","R","?","E","M","M","R","BOSS","M","?","?","M","?","E","M","E","T","M","E","?","E","?","R"],"items_purchased_type":["Relic","Card"],"build_version":"2020-12-22","purchased_purges":2,"victory":false,"max_hp_per_floor":[68,68,68,68,68,68,68,68,68,68,68,68,68,68,68,68,68,68,68,68,68,68,68,68,68,68,68,68,68,68,68,68,68,68,68,68,65,65,65,65,65,65,65,65,65,65,65,65,65,65],"relic_stats":{"Busted Crown":20,"Happy Flower":[22],"Torii":0,"counters":[28,119],"Ornamental Fan":[180],"Gambling Chip":[18],"PreservedInsect":464,"Ectoplasm":575,"Kunai":[28],"Smiling Mask":0,"obtain_stats":[{"Girya":45,"Happy Flower":23,"Torii":42,"Nilry\u0027s Codex":21,"Damaru":0,"PreservedInsect":9,"Smiling Mask":29,"Akabeko":47,"Anchor":25,"Busted Crown":34,"Ornamental Fan":7,"Gambling Chip":40,"Ectoplasm":17,"Bag of Marbles":28,"Red Mask":39,"Kunai":26,"PureWater":0,"Toxic Egg 2":10,"Toy Ornithopter":13},{"Girya":26,"Happy Flower":14,"Torii":24,"Nilry\u0027s Codex":13,"Damaru":0,"PreservedInsect":6,"Smiling Mask":16,"Akabeko":27,"Anchor":15,"Busted Crown":19,"Ornamental Fan":5,"Gambling Chip":22,"Ectoplasm":11,"Bag of Marbles":15,"Red Mask":21,"Kunai":15,"PureWater":0,"Toxic Egg 2":7,"Toy Ornithopter":9},{"Girya":110,"Happy Flower":52,"Torii":100,"Nilry\u0027s Codex":44,"Damaru":0,"PreservedInsect":19,"Smiling Mask":57,"Akabeko":112,"Anchor":55,"Busted Crown":73,"Ornamental Fan":16,"Gambling Chip":91,"Ectoplasm":39,"Bag of Marbles":55,"Red Mask":87,"Kunai":55,"PureWater":0,"Toxic Egg 2":21,"Toy Ornithopter":29}],"Toy Ornithopter":20},"card_choices":[{"not_picked":["ClearTheMind","LikeWater"],"picked":"CarveReality","floor":1.0},{"not_picked":["WreathOfFlame","FollowUp"],"picked":"EmptyBody","floor":2.0},{"not_picked":["Collect","SandsOfTime"],"picked":"Tantrum","floor":4.0},{"not_picked":["WreathOfFlame","FollowUp"],"picked":"ClearTheMind","floor":5.0},{"not_picked":["InnerPeace","ForeignInfluence"],"picked":"FlyingSleeves","floor":7.0},{"not_picked":["EmptyBody","Wireheading"],"picked":"CrushJoints","floor":8.0},{"not_picked":["ReachHeaven","FlyingSleeves"],"picked":"Indignation+1","floor":10.0},{"not_picked":["Tantrum","Collect+1"],"picked":"LessonLearned","floor":11.0},{"not_picked":["FlyingSleeves","SashWhip"],"picked":"ThirdEye+1","floor":12.0},{"not_picked":["CutThroughFate","Evaluate+1"],"picked":"FlurryOfBlows","floor":14.0},{"not_picked":["Alpha+1","Ragnarok"],"picked":"Omniscience+1","floor":16.0},{"not_picked":["PathToVictory+1","JustLucky"],"picked":"FollowUp+1","floor":18.0},{"not_picked":["Crescendo+1","FlyingSleeves","ClearTheMind+1"],"picked":"SKIP","floor":19.0},{"not_picked":["WindmillStrike","Perseverance+1"],"picked":"Adaptation","floor":23.0},{"not_picked":["SignatureMove","Fasting2","Establishment"],"picked":"SKIP","floor":25.0},{"not_picked":["FlyingSleeves","BattleHymn"],"picked":"EmptyBody+1","floor":29.0},{"not_picked":["FollowUp","Swivel+1"],"picked":"SandsOfTime","floor":30.0},{"not_picked":["FlyingSleeves","JustLucky","Consecrate"],"picked":"SKIP","floor":31.0},{"not_picked":["Establishment","MasterReality"],"picked":"Vault+1","floor":33.0},{"not_picked":["ClearTheMind+1"],"picked":"SKIP","floor":35.0},{"not_picked":[],"picked":"Dark Shackles+1","floor":36.0},{"not_picked":[],"picked":"MentalFortress","floor":38.0},{"not_picked":["Prostrate+1"],"picked":"SKIP","floor":40.0},{"not_picked":["SignatureMove"],"picked":"SKIP","floor":41.0},{"not_picked":["EmptyFist"],"picked":"SKIP","floor":42.0},{"not_picked":["FollowUp+1"],"picked":"SKIP","floor":44.0},{"not_picked":["Brilliance"],"picked":"SKIP","floor":45.0},{"not_picked":["Sanctity+1"],"picked":"SKIP","floor":47.0},{"not_picked":["Swivel+1"],"picked":"SKIP","floor":48.0}],"player_experience":556001,"relics_obtained":[{"floor":7.0,"key":"Ornamental Fan"},{"floor":9.0,"key":"PreservedInsect"},{"floor":10.0,"key":"Toxic Egg 2"},{"floor":21.0,"key":"Nilry\u0027s Codex"},{"floor":23.0,"key":"Happy Flower"},{"floor":25.0,"key":"Anchor"},{"floor":26.0,"key":"Kunai"},{"floor":28.0,"key":"Bag of Marbles"},{"floor":29.0,"key":"Smiling Mask"},{"floor":40.0,"key":"Gambling Chip"},{"floor":42.0,"key":"Torii"},{"floor":45.0,"key":"Girya"},{"floor":47.0,"key":"Akabeko"}],"event_choices":[{"damage_healed":0.0,"max_hp_gain":0.0,"max_hp_loss":0.0,"gold_gain":0.0,"cards_transformed":["Defend_P"],"event_name":"Living Wall","player_choice":"Change","floor":3.0,"gold_loss":0.0,"damage_taken":0.0,"cards_obtained":["WreathOfFlame"]},{"damage_healed":0.0,"max_hp_gain":0.0,"max_hp_loss":0.0,"gold_gain":0.0,"event_name":"Cursed Tome","player_choice":"Obtained Book","floor":21.0,"gold_loss":0.0,"damage_taken":21.0},{"damage_healed":0.0,"max_hp_gain":0.0,"max_hp_loss":0.0,"gold_gain":0.0,"event_name":"Ghosts","player_choice":"Ignored","floor":22.0,"gold_loss":0.0,"damage_taken":0.0},{"damage_healed":0.0,"max_hp_gain":0.0,"max_hp_loss":0.0,"gold_gain":0.0,"event_name":"SensoryStone","player_choice":"Memory 1","floor":36.0,"gold_loss":0.0,"damage_taken":0.0},{"damage_healed":0.0,"max_hp_gain":0.0,"max_hp_loss":3.0,"gold_gain":0.0,"event_name":"Winding Halls","player_choice":"Max HP","floor":37.0,"gold_loss":0.0,"damage_taken":0.0},{"damage_healed":0.0,"max_hp_gain":0.0,"max_hp_loss":0.0,"gold_gain":0.0,"event_name":"Tomb of Lord Red Mask","player_choice":"Paid","floor":39.0,"gold_loss":8.0,"damage_taken":0.0,"relics_obtained":["Red Mask"]},{"damage_healed":0.0,"max_hp_gain":0.0,"max_hp_loss":0.0,"gold_gain":0.0,"event_name":"SecretPortal","player_choice":"Ignored","floor":46.0,"gold_loss":0.0,"damage_taken":0.0}],"is_beta":false,"boss_relics":[{"not_picked":["VioletLotus","Astrolabe"],"picked":"Ectoplasm"},{"not_picked":["Coffee Dripper","Sozu"],"picked":"Busted Crown"}],"items_purged_floors":[13,20],"is_endless":false,"potions_floor_spawned":[1,2,7,8,12,16,30,33,35,40,44],"ascension_level":20}}