{"host":"og21o26alpnbwmz8","time":1614025711,"event":{"mods":["2.2 Compatiblity","A Magickal Journey","Act Like it!","Aspiration","BaseMod","Conspire","Downfall","Gensokyo","GungeonMod","Halation","Hubris","Jedi Mod","Magitek Elite","Mimic Mod","Minty Spire (QoL Compilation)","Pale of the Ancients","Reliquary","Replay The Spire","Shop Mod","Spikes Relics","StSLib","The Alterego","The Animator","The Blue Laboratory","The Bug Knight","The Exalted","The Florist","The Poker Player","The Saiyan","Waifu the Spire","Yuri Mod"],"gold_per_floor":[116,133,151,181,181,52,81,81,81,81,101,148,103,118,118,118,118],"floor_reached":16,"language":"ENG","playtime":725,"items_purged":["animator:Defend"],"score":127,"play_id":"36915ff0-306e-4b29-b63d-4480d3678587","local_time":"20210222152831","is_ascension_mode":false,"campfire_choices":[{"data":"animator:Kuribayashi","floor":8,"key":"SMITH"},{"data":"animator:TukaLunaMarceau","floor":15,"key":"SMITH"}],"circlet_count":0,"master_deck":["animator:Strike_GATE","animator:Defend_GATE","animator:Strike","animator:Strike","animator:Strike","animator:Defend","animator:TukaLunaMarceau+1","animator:Kuribayashi+1","animator:Bozes","animator:LeleiLaLalena","animator:LeleiLaLalena","animator:TukaLunaMarceau+1"],"relics":["animator:LivingPicture","animator:TheMissingPiece","hubris:Towel","Golden Egg","Replay:Bottled Flurry","Bronze Scales"],"acts_visited":["Exordium"],"potions_floor_usage":[],"damage_taken":[{"damage":1,"enemies":"2 Louse","floor":1,"turns":3},{"damage":0,"enemies":"Small Slimes","floor":2,"turns":4},{"damage":0,"enemies":"Jaw Worm","floor":3,"turns":6},{"damage":0,"enemies":"Blue Slaver","floor":4,"turns":7},{"damage":0,"enemies":"Lagavulin","floor":7,"turns":9},{"damage":0,"enemies":"2 Fungi Beasts","floor":11,"turns":5},{"damage":8,"enemies":"conspire:MimicChest","floor":12,"turns":8},{"damage":0,"enemies":"Exordium Wildlife","floor":14,"turns":6},{"damage":0,"enemies":"Hexaghost","floor":16,"turns":2}],"seed_played":"6136444245745188454","potions_obtained":[{"floor":0,"key":"LiquidMemories"},{"floor":0,"key":"sneckomod:MuddlingPotion"},{"floor":0,"key":"blueLaboratory:ArtificerPotion"},{"floor":1,"key":"Regen Potion"}],"is_trial":false,"path_per_floor":["M","M","M","M","?","$","E","R","T","?","M","?","$","M","R","B"],"character_chosen":"THE_ANIMATOR","items_purchased":["animator:LeleiLaLalena","animator:TukaLunaMarceau"],"campfire_rested":0,"item_purchase_floors":[6,13],"current_hp_per_floor":[65,65,65,65,65,65,65,65,65,58,58,50,50,50,50,50,50],"gold":118,"neow_bonus":"THREE_SMALL_POTIONS","is_daily":false,"chose_seed":false,"campfire_upgraded":2,"win_rate":0.0,"timestamp":1614025711,"path_taken":["M","M","M","M","?","$","E","R","T","?","?","?","$","?","R","BOSS"],"items_purchased_type":["Card","Card"],"build_version":"2020-12-22","purchased_purges":1,"victory":false,"max_hp_per_floor":[66,66,66,66,66,66,66,66,66,66,66,66,66,66,66,66,66],"card_choices":[{"not_picked":["animator:Rider","animator:Eve","animator:Jibril"],"picked":"SKIP","floor":1},{"not_picked":["animator:Spearman","animator:GuildGirl","animator:DolaCouronne"],"picked":"SKIP","floor":2},{"not_picked":["animator:FielNirvalen","animator:Lu","animator:CowGirl"],"picked":"SKIP","floor":3},{"not_picked":["animator:TukaLunaMarceau","animator:Kuribayashi"],"picked":"animator:Bozes","floor":4},{"not_picked":["animator:Witch","animator:Ain","animator:GoblinSlayer"],"picked":"SKIP","floor":7},{"not_picked":["animator:DolaStephanie","animator:Melzalgald","animator:CrowleyEusford"],"picked":"SKIP","floor":11},{"not_picked":["animator:Genos","animator:Mikaela","animator:IzunaHatsuse"],"picked":"SKIP","floor":14}],"player_experience":439050,"relics_obtained":[{"floor":7,"key":"Golden Egg"},{"floor":9,"key":"Replay:Bottled Flurry"},{"floor":12,"key":"Bronze Scales"}],"event_choices":[{"cards_removed":["animator:Defend"],"damage_healed":0,"gold_gain":0,"player_choice":"Card Removal","damage_taken":7,"max_hp_gain":0,"max_hp_loss":0,"event_name":"Golden Wing","floor":10,"gold_loss":0}],"is_beta":false,"boss_relics":[],"items_purged_floors":[6],"is_endless":false,"potions_floor_spawned":[1,7,14],"killed_by":"Hexaghost","ascension_level":0}}