{"host":"Tom","time":1614003982,"event":{"mods":["BaseMod","Downfall","Hermit","Jorbs\u0027s Wanderer Trilogy","Minty Spire (QoL Compilation)","Replay The Spire","Shop Mod","StSLib","The Animator","The Cursed","The Hierophant"],"gold_per_floor":[111,111,111,75,89,89,131,161,161,227,44,44,87,87,87,93,93],"floor_reached":16,"language":"ENG","playtime":1274,"items_purged":[],"score":106,"play_id":"da37ad54-2313-4440-8936-cf961021be3e","local_time":"20210222232622","is_ascension_mode":false,"campfire_choices":[{"data":"animator:RinTohsaka","floor":6,"key":"SMITH"},{"floor":12,"key":"REST"},{"floor":15,"key":"REST"}],"circlet_count":0,"master_deck":["animator:Strike_NoGameNoLife","animator:Defend_NoGameNoLife","animator:Strike+1","animator:Strike","animator:Strike","animator:Defend","animator:Defend+1","animator:Defend","animator:DolaSchwi+1","animator:DolaCouronne","animator:Pride+1","animator:RinTohsaka+1","animator:PandorasActor","animator:Jibril","animator:Berserker","animator:Rider","animator:HououinKyouma","animator:Father"],"relics":["animator:LivingPicture","animator:TheMissingPiece","Gremlin Food","Replay:Bottled Steam","Replay:Bandana","Replay:Bottled Eggs","Orichalcum"],"acts_visited":["Exordium"],"potions_floor_usage":[7,13],"damage_taken":[{"damage":5,"enemies":"2 Louse","floor":1,"turns":3},{"damage":0,"enemies":"Jaw Worm","floor":5,"turns":3},{"damage":22,"enemies":"3 Sentries","floor":7,"turns":8},{"damage":0,"enemies":"Small Slimes","floor":8,"turns":3},{"damage":21,"enemies":"Lagavulin Event","floor":10,"turns":4},{"damage":14,"enemies":"Gremlin Nob","floor":13,"turns":4},{"damage":41,"enemies":"The Guardian","floor":16,"turns":6}],"seed_played":"2304765726251048555","potions_obtained":[{"floor":1,"key":"Toxic Potion"},{"floor":10,"key":"DuplicationPotion"}],"is_trial":false,"path_per_floor":["M","?","?","$","M","R","E","M","T","?","$","R","E","?","R","B"],"character_chosen":"THE_ANIMATOR","items_purchased":["animator:RinTohsaka","animator:HououinKyouma"],"campfire_rested":2,"item_purchase_floors":[4,11],"current_hp_per_floor":[61,54,54,54,54,54,32,32,32,12,12,32,18,18,38,0,0],"gold":93,"neow_bonus":"UPGRADE_CARD","is_daily":false,"chose_seed":false,"campfire_upgraded":1,"win_rate":0.0,"timestamp":1614003982,"path_taken":["M","?","?","?","M","R","E","?","T","?","?","R","E","?","R","BOSS"],"items_purchased_type":["Card","Card"],"build_version":"2020-12-18","purchased_purges":0,"victory":false,"max_hp_per_floor":[66,66,66,66,66,66,66,66,66,67,67,67,67,67,67,67,67],"card_choices":[{"not_picked":["animator:DolaCouronne","animator:Scar"],"picked":"animator:Pride","floor":1},{"not_picked":["animator:Tatsumaki","animator:Shion"],"picked":"animator:PandorasActor","floor":5},{"not_picked":["animator:Sebas","animator:Tet"],"picked":"animator:Jibril","floor":7},{"not_picked":["animator:ShinjiMatou","animator:Alexander"],"picked":"animator:Berserker","floor":8},{"not_picked":["animator:Alexander","animator:DwarfShaman"],"picked":"animator:Rider","floor":10},{"not_picked":["animator:Sloth","animator:FielNirvalen"],"picked":"animator:Father","floor":13}],"player_experience":273667,"relics_obtained":[{"floor":7,"key":"Replay:Bottled Steam"},{"floor":9,"key":"Replay:Bandana"},{"floor":13,"key":"Orichalcum"}],"event_choices":[{"damage_healed":0,"gold_gain":0,"player_choice":"Success","damage_taken":7,"relics_obtained":["Gremlin Food"],"max_hp_gain":0,"max_hp_loss":0,"event_name":"Scrap Ooze","floor":2,"gold_loss":0},{"damage_healed":0,"gold_gain":0,"player_choice":"Grow","damage_taken":0,"max_hp_gain":0,"max_hp_loss":0,"event_name":"Living Wall","floor":3,"gold_loss":0,"cards_upgraded":["animator:Pride"]},{"damage_healed":0,"gold_gain":0,"player_choice":"Searched \u00273\u0027 times","damage_taken":0,"relics_obtained":["Replay:Bottled Eggs"],"max_hp_gain":0,"max_hp_loss":0,"event_name":"Dead Adventurer","floor":10,"gold_loss":0}],"is_beta":true,"boss_relics":[],"items_purged_floors":[],"is_endless":false,"potions_floor_spawned":[1,10],"killed_by":"The Guardian","ascension_level":0}}