{"host":"w97dq1whmpm6b2tc","time":1614031049,"event":{"mods":["BaseMod","Challenge The Spire","Downfall","Minty Spire (QoL Compilation)","StSLib"],"gold_per_floor":[99,99,99,99,9,9,9,21,78,90,114,26,55,101,127,237,249,261,287,108,122,122,147,147,180,80,80,111,122,138,198,208,303,303,203,215,215,215,230,261,286,315,165,165,197,197,226,243,254,254,254,285,64,64,64,64],"floor_reached":57,"language":"ENG","playtime":3314,"items_purged":["sneckomod:Defend","sneckomod:Strike","sneckomod:Strike","sneckomod:Defend","sneckomod:Defend"],"score":1717,"play_id":"0d658499-e915-4f2b-a0ca-3451387d3bab","local_time":"20210222235729","is_ascension_mode":true,"campfire_choices":[{"floor":1.0,"key":"RECALL"},{"data":"sneckomod:SoulRoll","floor":12.0,"key":"SMITH"},{"data":"sneckomod:Cheat","floor":18.0,"key":"SMITH"},{"data":"sneckomod:TrashToTreasure","floor":26.0,"key":"SMITH"},{"data":"sneckomod:SoulDraw","floor":35.0,"key":"SMITH"},{"data":"sneckomod:SoulDraw","floor":44.0,"key":"SMITH"},{"data":"sneckomod:QuickBite","floor":46.0,"key":"SMITH"},{"data":"sneckomod:QuickBite","floor":54.0,"key":"SMITH"}],"circlet_count":0,"master_deck":["sneckomod:TailWhip","sneckomod:SoulDraw+1","sneckomod:QuickBite+1","sneckomod:SoulCleanse","sneckomod:SoulCleanse","Creative AI","sneckomod:SoulDraw+1","sneckomod:SoulRoll+1","sneckomod:QuickBite","sneckomod:Cheat+1","sneckomod:TrashToTreasure+1","sneckomod:SoulRoll+1","sneckomod:Mudshield","sneckomod:QuickBite+1"],"relics":["sneckomod:SneckoSoul","downfall:HeartsMalice","Bottled Flame","MawBank","downfall:HeartBlessingRed","Mango","Coffee Dripper","Mercury Hourglass","Du-Vu Doll","downfall:HeartBlessingBlue","Bag of Preparation","Blood Vial","Empty Cage","downfall:HeartBlessingGreen","Ornamental Fan","Dream Catcher","MealTicket","Gambling Chip","Juzu Bracelet","Thread and Needle"],"acts_visited":["Exordium","TheCity","TheBeyond","TheEnding"],"potions_floor_usage":[56],"damage_taken":[{"damage":0.0,"enemies":"Small Slimes","floor":2.0,"turns":1.0},{"damage":0.0,"enemies":"Cultist","floor":3.0,"turns":1.0},{"damage":0.0,"enemies":"2 Louse","floor":4.0,"turns":1.0},{"damage":5.0,"enemies":"downfall:FleeingMerchant","floor":5.0,"turns":4.0},{"damage":0.0,"enemies":"Large Slime","floor":8.0,"turns":3.0},{"damage":0.0,"enemies":"Gremlin Nob","floor":9.0,"turns":2.0},{"damage":4.0,"enemies":"Exordium Thugs","floor":11.0,"turns":3.0},{"damage":7.0,"enemies":"3 Louse","floor":13.0,"turns":2.0},{"damage":0.0,"enemies":"Lagavulin","floor":14.0,"turns":2.0},{"damage":8.0,"enemies":"Red Slaver","floor":15.0,"turns":2.0},{"damage":10.0,"enemies":"DF_ARCHETYPE_STREAMLINE","floor":16.0,"turns":5.0},{"damage":6.0,"enemies":"Chosen","floor":19.0,"turns":2.0},{"damage":10.0,"enemies":"downfall:FleeingMerchant","floor":20.0,"turns":4.0},{"damage":15.0,"enemies":"downfall:LooterAlt2","floor":21.0,"turns":2.0},{"damage":0.0,"enemies":"Slavers","floor":23.0,"turns":1.0},{"damage":0.0,"enemies":"Gremlin Leader","floor":25.0,"turns":3.0},{"damage":2.0,"enemies":"Book of Stabbing","floor":28.0,"turns":3.0},{"damage":0.0,"enemies":"Snecko","floor":29.0,"turns":1.0},{"damage":0.0,"enemies":"Centurion and Healer","floor":30.0,"turns":3.0},{"damage":0.0,"enemies":"downfall:FleeingMerchant","floor":31.0,"turns":1.0},{"damage":0.0,"enemies":"Snake Plant","floor":32.0,"turns":1.0},{"damage":0.0,"enemies":"SI_MIRROR_ARCHETYPE","floor":33.0,"turns":1.0},{"damage":0.0,"enemies":"3 Shapes","floor":36.0,"turns":1.0},{"damage":0.0,"enemies":"3 Darklings","floor":39.0,"turns":1.0},{"damage":0.0,"enemies":"Reptomancer","floor":40.0,"turns":2.0},{"damage":0.0,"enemies":"Giant Head","floor":42.0,"turns":1.0},{"damage":0.0,"enemies":"Nemesis","floor":45.0,"turns":1.0},{"damage":0.0,"enemies":"Reptomancer","floor":47.0,"turns":1.0},{"damage":0.0,"enemies":"4 Shapes","floor":48.0,"turns":1.0},{"damage":0.0,"enemies":"Jaw Worm Horde","floor":49.0,"turns":1.0},{"damage":0.0,"enemies":"WA_ARCHETYPE_DIVINITY","floor":50.0,"turns":1.0},{"damage":0.0,"enemies":"downfall:CharBossMerchant","floor":52.0,"turns":1.0},{"damage":0.0,"enemies":"downfall:NeowBoss","floor":55.0,"turns":3.0},{"damage":93,"enemies":"downfall:NeowBossFinal","floor":56,"turns":4}],"seed_played":"-5096330386814835039","potions_obtained":[{"floor":8.0,"key":"bronze:BurnAndBuffPotion"},{"floor":11.0,"key":"sneckomod:DiceRollPotion"},{"floor":13.0,"key":"Swift Potion"},{"floor":16.0,"key":"FearPotion"},{"floor":19.0,"key":"EntropicBrew"},{"floor":23.0,"key":"ColorlessPotion"},{"floor":33.0,"key":"AttackPotion"},{"floor":36.0,"key":"champ:CounterPotion"},{"floor":52.0,"key":"DuplicationPotion"}],"is_trial":false,"path_per_floor":["R","M","M","M","$","R","T","M","?","?","M","R","M","E","M","B",null,"R","M","$","M","?","E","T","E","R","?","E","M","M","$","M","B",null,"R","M","?","?","M","E","T","E","$","R","E","R","E","M","M","B",null,"E","$","R","B","B",null],"character_chosen":"THE_SNECKO","items_purchased":["sneckomod:TrashToTreasure","Blood Vial","sneckomod:QuickBite"],"campfire_rested":0,"item_purchase_floors":[20,31,53],"current_hp_per_floor":[90,90,90,90,85,85,85,85,89,89,85,85,78,92,84,74,104,104,98,88,73,73,73,73,73,83,59,57,57,57,57,59,61,119,119,119,119,119,119,119,119,119,119,119,119,119,119,119,119,119,119,119,119,119,119,26],"gold":64,"neow_bonus":"THREE_ENEMY_KILL","is_daily":false,"chose_seed":false,"campfire_upgraded":7,"win_rate":0.0,"timestamp":1614031049,"path_taken":["R","M","M","M","$","R","T","M","?","?","?","R","M","E","M","BOSS","R","M","$","M","?","E","T","E","R","?","E","M","M","$","M","BOSS","R","M","?","?","M","E","T","E","$","R","E","R","E","M","M","BOSS","E","$","R","BOSS","BOSS"],"items_purchased_type":["Card","Relic","Card"],"build_version":"2020-12-22","purchased_purges":5,"victory":true,"max_hp_per_floor":[90,90,90,90,90,90,90,90,90,90,90,90,90,104,104,104,104,104,104,104,104,104,104,104,104,114,119,119,119,119,119,119,119,119,119,119,119,119,119,119,119,119,119,119,119,119,119,119,119,119,119,119,119,119,119,119],"card_choices":[{"not_picked":["sneckomod:ImprovisedAttack","sneckomod:WideSting"],"picked":"sneckomod:SoulDraw","floor":2.0},{"not_picked":["sneckomod:DefensiveFlair","sneckomod:UnknownUncommonSkill"],"picked":"sneckomod:QuickBite","floor":3.0},{"not_picked":["sneckomod:UnknownCommonAttack","sneckomod:Unknown2Cost"],"picked":"sneckomod:SoulCleanse","floor":4.0},{"not_picked":["sneckomod:SnekBeam","sneckomod:SoulDraw"],"picked":"sneckomod:SoulCleanse","floor":5.0},{"not_picked":["sneckomod:UnknownClassSLIMEBOUND","sneckomod:UnknownColorless"],"picked":"sneckomod:SoulDraw","floor":8.0},{"not_picked":["sneckomod:UnknownClassBLUE","sneckomod:UnknownVulnerable"],"picked":"sneckomod:SoulRoll","floor":11.0},{"not_picked":["sneckomod:Nope","sneckomod:UnlimitedRolls","sneckomod:Memorize"],"picked":"SKIP","floor":13.0},{"not_picked":["sneckomod:UnknownUncommonPower","sneckomod:UnknownColorless"],"picked":"sneckomod:QuickBite","floor":14.0},{"not_picked":["sneckomod:UnknownCommonSkill","sneckomod:QuickMove","sneckomod:Memorize"],"picked":"SKIP","floor":15.0},{"not_picked":["sneckomod:UnknownRareSkill","sneckomod:DangerNoodle"],"picked":"sneckomod:Cheat","floor":16.0},{"not_picked":["sneckomod:MixItUp","sneckomod:UnknownClassBLUE","sneckomod:WideSting"],"picked":"SKIP","floor":19.0},{"not_picked":["sneckomod:QuickMove","sneckomod:SerpentIdol","sneckomod:WideSting"],"picked":"SKIP","floor":20.0},{"not_picked":["sneckomod:QuickMove+1","sneckomod:UnknownClassBLUE","sneckomod:UnknownVulnerable"],"picked":"SKIP","floor":21.0},{"not_picked":["sneckomod:UnknownUncommonPower","sneckomod:UnknownStrength+1","sneckomod:UnknownCommonSkill"],"picked":"SKIP","floor":23.0},{"not_picked":["sneckomod:DiceBlock+1","sneckomod:UnknownStrike","sneckomod:UnknownDraw"],"picked":"SKIP","floor":25.0},{"not_picked":["sneckomod:Unknown1Cost","sneckomod:MasterEye","sneckomod:IronFang"],"picked":"SKIP","floor":28.0},{"not_picked":["sneckomod:UnknownUncommonSkill","sneckomod:UnknownClassBLUE","sneckomod:SerpentIdol"],"picked":"SKIP","floor":29.0},{"not_picked":["sneckomod:SnakeSap","sneckomod:ImprovisedAttack+1","sneckomod:UnknownBlock"],"picked":"SKIP","floor":30.0},{"not_picked":["sneckomod:Memorize","sneckomod:UnknownX+1"],"picked":"sneckomod:SoulRoll+1","floor":31.0},{"not_picked":["sneckomod:PureSnecko","sneckomod:DefensiveFlair+1","sneckomod:Unknown1Cost"],"picked":"SKIP","floor":32.0},{"not_picked":["sneckomod:UnknownRarePower","sneckomod:SoulExchange"],"picked":"sneckomod:Mudshield","floor":33.0},{"not_picked":["sneckomod:DiceCrush+1","sneckomod:Unknown1Cost+1","sneckomod:UnknownClassPURPLE"],"picked":"SKIP","floor":36.0},{"not_picked":["sneckomod:MasterEye","sneckomod:UnknownClassBLUE+1","sneckomod:Nope+1"],"picked":"SKIP","floor":39.0},{"not_picked":["sneckomod:UnknownDraw+1","sneckomod:DangerNoodle","sneckomod:Mudshield"],"picked":"SKIP","floor":40.0},{"not_picked":["sneckomod:QuickBite+1","sneckomod:UnknownClassPURPLE+1","sneckomod:RainOfDice+1"],"picked":"SKIP","floor":42.0},{"not_picked":["sneckomod:IronFang+1","sneckomod:UnknownExhaust","sneckomod:SlitherStrike+1"],"picked":"SKIP","floor":45.0},{"not_picked":["sneckomod:Unknown0Cost","sneckomod:DiceCrush","sneckomod:ImprovisedGuard+1"],"picked":"SKIP","floor":47.0},{"not_picked":["sneckomod:UnknownUncommonSkill","sneckomod:UnknownStrike","sneckomod:WideSting+1"],"picked":"SKIP","floor":48.0},{"not_picked":["sneckomod:UnknownStrike+1","sneckomod:SlitherStrike+1","sneckomod:Rotation"],"picked":"SKIP","floor":49.0},{"not_picked":["sneckomod:UnknownClassPURPLE+1","sneckomod:SoulCleanse","sneckomod:GlitteringGambit"],"picked":"SKIP","floor":52.0}],"player_experience":3823977,"relics_obtained":[{"floor":7.0,"key":"Bottled Flame"},{"floor":9.0,"key":"MawBank"},{"floor":14.0,"key":"Mango"},{"floor":23.0,"key":"Mercury Hourglass"},{"floor":25.0,"key":"Du-Vu Doll"},{"floor":28.0,"key":"Bag of Preparation"},{"floor":40.0,"key":"Ornamental Fan"},{"floor":41.0,"key":"Dream Catcher"},{"floor":42.0,"key":"MealTicket"},{"floor":45.0,"key":"Gambling Chip"},{"floor":47.0,"key":"Juzu Bracelet"},{"floor":52.0,"key":"Thread and Needle"}],"event_choices":[{"damage_healed":0.0,"max_hp_gain":0.0,"max_hp_loss":0.0,"gold_gain":0.0,"event_name":"Vampires","player_choice":"Ignored","floor":22.0,"gold_loss":0.0,"damage_taken":0.0}],"is_beta":false,"boss_relics":[{"not_picked":["sneckomod:SuperSneckoSoul","sneckomod:SneckoBoss"],"picked":"Coffee Dripper"},{"not_picked":["bronze:MakeshiftBattery","SlaversCollar"],"picked":"Empty Cage"}],"items_purged_floors":[5,20,31,43,53],"is_endless":false,"potions_floor_spawned":[8,11,13,15,16,19,23,25,33,36,48,49,52],"ascension_level":1}}