{"host":"vt6dr1xq3iy14a3e","time":1614002221,"event":{"mods":["AchievementEnabler","BaseMod","Colored Map","DeckTracker","Minty Spire (QoL Compilation)","Relic Stats","StSLib","SuperFastMode"],"gold_per_floor":[359,372,383,383,80,80,107,107,107,123,148,1,15,15,15,15,15],"floor_reached":16,"language":"KOR","playtime":839,"items_purged":["Strike_G"],"score":165,"play_id":"61a5ee6a-898b-4ca0-aafa-249c65cc8ef2","local_time":"20210222225701","is_ascension_mode":true,"campfire_choices":[{"data":"All Out Attack","floor":6,"key":"SMITH"},{"floor":8,"key":"REST"},{"data":"Phantasmal Killer","floor":15,"key":"SMITH"}],"circlet_count":0,"master_deck":["AscendersBane","Strike_G","Strike_G","Strike_G","Strike_G","Defend_G","Defend_G","Defend_G","Defend_G","Defend_G","Survivor","Neutralize","Acrobatics","Blade Dance","All Out Attack+1","Reflex","Footwork","Blur","Phantasmal Killer+1"],"relics":["Ring of the Snake","FaceOfCleric","Omamori","Bird Faced Urn","Singing Bowl","Eternal Feather","Art of War"],"acts_visited":["Exordium"],"potions_floor_usage":[16],"damage_taken":[{"damage":5,"enemies":"Cultist","floor":1,"turns":5},{"damage":13,"enemies":"Jaw Worm","floor":2,"turns":9},{"damage":2,"enemies":"2 Louse","floor":3,"turns":3},{"damage":26,"enemies":"Gremlin Nob","floor":7,"turns":4},{"damage":12,"enemies":"Exordium Thugs","floor":10,"turns":4},{"damage":18,"enemies":"3 Sentries","floor":11,"turns":8},{"damage":1,"enemies":"Looter","floor":13,"turns":2},{"damage":26,"enemies":"Slime Boss","floor":16,"turns":15}],"seed_played":"524034686411338336","potions_obtained":[{"floor":7,"key":"Swift Potion"},{"floor":13,"key":"LiquidMemories"}],"is_trial":false,"path_per_floor":["M","M","M","?","$","R","E","R","T","M","E","$","M","$","R","B"],"character_chosen":"THE_SILENT","items_purchased":["Reflex","Omamori","Art of War"],"campfire_rested":1,"item_purchase_floors":[5,5,12],"current_hp_per_floor":[58,45,43,43,43,43,18,37,37,28,13,13,15,15,24,0,0],"gold":15,"neow_bonus":"TWO_FIFTY_GOLD","is_daily":false,"chose_seed":false,"campfire_upgraded":2,"win_rate":0.0,"timestamp":1614002221,"path_taken":["M","?","?","?","$","R","E","R","T","?","E","$","M","?","R","BOSS"],"items_purchased_type":["Card","Relic","Relic"],"build_version":"2020-12-22","purchased_purges":1,"victory":false,"max_hp_per_floor":[63,63,63,63,63,63,64,64,64,65,66,66,69,69,69,69,69],"relic_stats":{"FaceOfCleric":4,"Singing Bowl":2,"counters":[8,50],"Bird Faced Urn":[6],"Eternal Feather":9,"Art of War":[7],"obtain_stats":[{"FaceOfCleric":4,"Singing Bowl":9,"Bird Faced Urn":7,"Eternal Feather":11,"Omamori":5,"Art of War":12,"Ring of the Snake":0},{"FaceOfCleric":3,"Singing Bowl":4,"Bird Faced Urn":4,"Eternal Feather":6,"Omamori":3,"Art of War":6,"Ring of the Snake":0},{"FaceOfCleric":17,"Singing Bowl":21,"Bird Faced Urn":21,"Eternal Feather":33,"Omamori":17,"Art of War":33,"Ring of the Snake":0}],"Ring of the Snake":[16]},"card_choices":[{"not_picked":["Flying Knee","Setup"],"picked":"Acrobatics","floor":1},{"not_picked":["Setup","Deflect"],"picked":"Blade Dance","floor":2},{"not_picked":["Flying Knee","Blur"],"picked":"All Out Attack","floor":3},{"not_picked":["Blade Dance","Escape Plan"],"picked":"Footwork","floor":7},{"not_picked":["Underhanded Strike","Deflect"],"picked":"Blur","floor":10},{"not_picked":["Slice","Poisoned Stab"],"picked":"Phantasmal Killer","floor":11},{"not_picked":["PiercingWail","Outmaneuver","Blade Dance"],"picked":"Singing Bowl","floor":13}],"player_experience":1063315,"relics_obtained":[{"floor":7,"key":"Bird Faced Urn"},{"floor":9,"key":"Singing Bowl"},{"floor":11,"key":"Eternal Feather"}],"event_choices":[{"damage_healed":0,"gold_gain":0,"player_choice":"Trade","damage_taken":0,"relics_obtained":["FaceOfCleric"],"max_hp_gain":0,"max_hp_loss":0,"event_name":"FaceTrader","floor":4,"gold_loss":0}],"is_beta":false,"boss_relics":[],"items_purged_floors":[5],"is_endless":false,"potions_floor_spawned":[7,13],"killed_by":"Slime Boss","ascension_level":10}}