{"host":"3l94tha3a4jgu0q4","time":1614000199,"event":{"mods":["2.2 Compatiblity","AchievementEnabler","Act Like it!","Aspiration","BaseMod","Colored Map","Colored Powertips","Googly Eyes","Hermit","Highlight Path","Hubris","Minty Spire (QoL Compilation)","Permanent Neow","Reliquary","Replay The Spire","Ruina","Spikes Relics","StSLib","SuperFastMode","The IronCluck","The Jungle","The Runesmith","slay the spire mod where everything is the same but ironclad has a cowboy hat"],"gold_per_floor":[112,112,124,124,142,177,188,113,113,133,133,143,143,143,143,238,238,257,81,81,81,97,97,97,97,173,173,200,200,200,214,214,214,214],"floor_reached":33,"language":"ENG","playtime":1070,"items_purged":["Runesmith:Strike_RS","Runesmith:Strike_RS"],"score":263,"play_id":"e6271d0f-3b4b-4425-9c3b-5ee60051c6af","local_time":"20210222052319","is_ascension_mode":false,"campfire_choices":[{"floor":11.0,"key":"REST"},{"data":"Runesmith:Fortify","floor":13.0,"key":"SMITH"},{"data":"Runesmith:Grindstone","floor":15,"key":"SMITH"},{"data":"Runesmith:ElementalConversion","floor":23,"key":"SMITH"},{"data":"Runesmith:CraftFirestone","floor":25,"key":"SMITH"},{"floor":29,"key":"REST"},{"floor":30,"key":"REST"},{"floor":32,"key":"DIG"}],"circlet_count":0,"master_deck":["Runesmith:Defend_RS","Runesmith:Defend_RS","Runesmith:Defend_RS","Runesmith:CraftFirestone+1","Runesmith:Fortify+1","Runesmith:Firestorm","Runesmith:HeatExchange","Runesmith:ChiselStab","Runesmith:CraftMagma","Runesmith:StaticCage","Runesmith:ElementalConversion+1","Runesmith:Grindstone+1","Runesmith:ArcReactor","Runesmith:RunicBlueprint","Runesmith:LithiumIon","Runesmith:ChiselStab","Runesmith:CraftSpiculum","Runesmith:Firestorm","Runesmith:Duplicate"],"relics":["Runesmith:BrokenRuby","aspiration:Nostalgia","Iron Core","WingedGreaves","Runesmith:UraniumAnvil","StrikeDummy","reliquary:Boomerang","hubris:Teleporter"],"acts_visited":["Exordium","Exordium"],"potions_floor_usage":[16,33],"damage_taken":[{"damage":0.0,"enemies":"2 Louse","floor":1.0,"turns":3.0},{"damage":7.0,"enemies":"Jaw Worm","floor":3.0,"turns":5.0},{"damage":0.0,"enemies":"Small Slimes","floor":5.0,"turns":4.0},{"damage":32.0,"enemies":"Gremlin Nob","floor":6.0,"turns":4.0},{"damage":10.0,"enemies":"Gremlin Gang","floor":7.0,"turns":4.0},{"damage":0.0,"enemies":"Large Slime","floor":10.0,"turns":6.0},{"damage":0.0,"enemies":"2 Fungi Beasts","floor":12.0,"turns":3.0},{"damage":4,"enemies":"Hexaghost","floor":16,"turns":10},{"damage":5,"enemies":"theJungle:5_Spyders","floor":18,"turns":12},{"damage":9,"enemies":"theJungle:MUSHROOMGANG","floor":22,"turns":5},{"damage":42,"enemies":"theJungle:2_Phrogs","floor":28,"turns":8},{"damage":34,"enemies":"theJungle:2_Snecko_Cultists","floor":31,"turns":4},{"damage":12,"enemies":"theJungle:TotemBoss","floor":33,"turns":1}],"seed_played":"9039126733848170543","potions_obtained":[{"floor":1.0,"key":"Adrenaline Potion"},{"floor":5.0,"key":"BlessingOfTheForge"},{"floor":10.0,"key":"AttackPotion"},{"floor":28,"key":"DuplicationPotion"}],"is_trial":false,"path_per_floor":["M","?","M","?","M","E","M","$","T","M","R","M","R","?","R","B",null,"M","$","?","$","M","R","?","R","T","R","E","R","R","M","R_BF","B"],"character_chosen":"RUNESMITH_CLASS","items_purchased":["Runesmith:LithiumIon"],"campfire_rested":3,"item_purchase_floors":[19],"current_hp_per_floor":[70,70,63,56,56,24,14,14,14,14,35,35,35,35,35,31,70,65,65,65,65,56,56,46,46,46,46,4,25,46,12,12,0,0],"gold":214,"neow_bonus":"NOSTALGIA","is_daily":false,"chose_seed":false,"campfire_upgraded":4,"win_rate":0.0,"timestamp":1614000199,"path_taken":["M","?","M","?","M","E","M","$","T","M","R","?","R","?","R","BOSS","M","$","?","$","?","R","?","R","T","R","E","R","R","M","R_BF","BOSS"],"items_purchased_type":["Card"],"build_version":"2020-12-22","purchased_purges":2,"victory":false,"max_hp_per_floor":[70,70,70,70,70,70,70,70,70,70,70,70,70,70,70,70,70,70,70,70,70,70,70,70,70,70,70,70,70,70,70,70,70,70],"card_choices":[{"not_picked":["Clash","Runesmith:RuneHurl"],"picked":"Runesmith:Firestorm","floor":1.0},{"not_picked":["Runesmith:BackupBattery","Heavy Blade"],"picked":"Runesmith:HeatExchange","floor":3.0},{"not_picked":["Body Slam","Headbutt"],"picked":"Runesmith:ChiselStab","floor":5.0},{"not_picked":["Scorching Beam","Runesmith:Repurpose"],"picked":"Runesmith:CraftMagma","floor":6.0},{"not_picked":["Scorching Beam","Offering"],"picked":"Runesmith:StaticCage","floor":7.0},{"not_picked":["Runesmith:Refine","Fire Breathing"],"picked":"Runesmith:ElementalConversion","floor":10.0},{"not_picked":["Turbo","Warcry"],"picked":"Runesmith:Grindstone","floor":12.0},{"not_picked":["Reaper","Offering"],"picked":"Runesmith:ArcReactor","floor":16},{"not_picked":["Runesmith:Attraction","Runesmith:LithiumIon"],"picked":"Runesmith:RunicBlueprint","floor":18},{"not_picked":["Runesmith:Repurpose+1","Runesmith:Overpower+1"],"picked":"Runesmith:Firestorm","floor":22},{"not_picked":["Runesmith:Repurpose","Runesmith:Attraction"],"picked":"Runesmith:Duplicate","floor":28},{"not_picked":["Runesmith:HeatExchange","Runesmith:Malloc+1","Runesmith:StaticCage+1"],"picked":"SKIP","floor":31}],"player_experience":1996518,"relics_obtained":[{"floor":6.0,"key":"WingedGreaves"},{"floor":26,"key":"StrikeDummy"},{"floor":28,"key":"reliquary:Boomerang"},{"floor":32,"key":"hubris:Teleporter"}],"event_choices":[{"cards_removed":["Runesmith:Strike_RS"],"damage_healed":0.0,"max_hp_gain":0.0,"max_hp_loss":0.0,"gold_gain":0.0,"event_name":"Golden Wing","player_choice":"Card Removal","floor":4.0,"gold_loss":0.0,"damage_taken":7.0},{"damage_healed":0,"gold_gain":0,"player_choice":"2 cards matched","damage_taken":0,"max_hp_gain":0,"max_hp_loss":0,"event_name":"Match and Keep!","floor":20,"gold_loss":0,"cards_obtained":["Runesmith:ChiselStab","Runesmith:CraftSpiculum"]}],"is_beta":false,"boss_relics":[{"not_picked":["ReplayTheSpireMod:DimensionalGlitch","reliquary:WritOfMandamus"],"picked":"Runesmith:UraniumAnvil"}],"items_purged_floors":[8,19],"is_endless":false,"potions_floor_spawned":[1,5,10,28],"killed_by":"theJungle:TotemBoss","ascension_level":0}}