{"host":"5xkp6lbjk85sl3i7","time":1614012045,"event":{"mods":["BaseMod","Better Match","Better Note","Colored Powertips","Curses Come First","Hermit","Highlight Path","Minty Spire (QoL Compilation)","Quick Restart","Replay The Spire","StSLib","The Cursed"],"gold_per_floor":[111,5,25,25,25,25,55,55,78,78,91,66,79,96,96,195,195,214,234,246,257,257,283,283,300,300,300,312,292,292,325,325,455,455,465,475,33,53,69,97,124,124,124,134,144,155,155,23,23,23],"floor_reached":51,"language":"ENG","playtime":4682,"items_purged":[],"score":798,"play_id":"f80fa8a1-3c89-43b5-a4a9-0ed51e1f008b","local_time":"20210222114045","is_ascension_mode":false,"campfire_choices":[{"data":"hermit:Determination","floor":6,"key":"SMITH"},{"floor":15,"key":"REST"},{"floor":30,"key":"REST"},{"floor":32,"key":"REST"},{"data":"hermit:GoldenBullet","floor":42,"key":"SMITH"},{"floor":47,"key":"REST"},{"data":"hermit:Determination","floor":49,"key":"SMITH"}],"circlet_count":0,"master_deck":["hermit:Strike_Hermit","hermit:Strike_Hermit","hermit:Strike_Hermit","hermit:Strike_Hermit","hermit:Defend_Hermit","hermit:Defend_Hermit","hermit:Defend_Hermit","hermit:Snapshot+1","hermit:Covet","hermit:ItchyTrigger","hermit:Determination+1","hermit:HoleUp+1","hermit:Vantage","Regret","Spreading Infection","hermit:Brawl","hermit:Coalescence","hermit:HoleUp","hermit:Coalescence","hermit:Malice","hermit:CursedWeapon+1","hermit:Roughhouse","hermit:Feint","hermit:Desperado","hermit:DeadMansHand+1","hermit:Quickdraw","hermit:LowProfile+1","hermit:BlackWind","hermit:BodyArmor+1","hermit:Desperado","hermit:DeadOrAlive","hermit:GoldenBullet+1","hermit:FlashPowder+1","hermit:GoldenBullet+1","hermit:GoldenBullet","Parasite","hermit:Determination+1","hermit:Brawl+1","hermit:Coalescence","hermit:Brawl+1","hermit:Roulette+1","hermit:Desperado","hermit:Determination+1","hermit:NoHoldsBarred+1"],"relics":["hermit:Momento","Gremlin Horn","ReplayTheSpireMod:Ring of Collecting","Ring of Hypnosis","Strawberry","ReplayTheSpireMod:TigerMarble","ReplayTheSpireMod:Ring of Addiction","hermit:RyeStalk","White Beast Statue","SacredBark","hermit:BartenderGlass","Boot","Ring of Peace","hermit:Spyglass","Replay:Rubber Ducky","Painkiller Herb","Meat on the Bone","War Paint","Blood Vial","Ring of Searing","InkBottle"],"acts_visited":["Exordium","TheCity","TheBeyond"],"potions_floor_usage":[11,13,16,16,18,18,19,19,19,20,20,20,21,21,21,23,23,23,25,25,31,31,31,33,33,33,33,35,36,38,38,38,39,39,39,39,40,40,40,41,41,41,44,45,45,50,50,50],"damage_taken":[{"damage":6,"enemies":"Jaw Worm","floor":1,"turns":3},{"damage":0,"enemies":"Small Slimes","floor":3,"turns":3},{"damage":24,"enemies":"Gremlin Nob","floor":7,"turns":4},{"damage":0,"enemies":"Cultist","floor":11,"turns":2},{"damage":2,"enemies":"Red Slaver","floor":13,"turns":3},{"damage":0,"enemies":"Gremlin Gang","floor":14,"turns":3},{"damage":28,"enemies":"Hexaghost","floor":16,"turns":10},{"damage":8,"enemies":"Chosen","floor":18,"turns":5},{"damage":1,"enemies":"2 Thieves","floor":19,"turns":3},{"damage":5,"enemies":"Centurion and Healer","floor":20,"turns":2},{"damage":0,"enemies":"3 Cultists","floor":21,"turns":3},{"damage":25,"enemies":"Gremlin Leader","floor":23,"turns":6},{"damage":2,"enemies":"Cultist and Chosen","floor":25,"turns":3},{"damage":15,"enemies":"Shelled Parasite and Fungi","floor":28,"turns":8},{"damage":0,"enemies":"Slavers","floor":31,"turns":2},{"damage":119,"enemies":"Collector","floor":33,"turns":10},{"damage":0,"enemies":"Orb Walker","floor":35,"turns":1},{"damage":0,"enemies":"3 Shapes","floor":36,"turns":4},{"damage":4,"enemies":"Writhing Mass","floor":38,"turns":8},{"damage":2,"enemies":"Jaw Worm Horde","floor":39,"turns":4},{"damage":0,"enemies":"Giant Head","floor":40,"turns":6},{"damage":0,"enemies":"Spire Growth","floor":41,"turns":3},{"damage":15,"enemies":"3 Darklings","floor":44,"turns":4},{"damage":17,"enemies":"Transient","floor":45,"turns":5},{"damage":6,"enemies":"Sphere and 2 Shapes","floor":46,"turns":6},{"damage":79,"enemies":"Time Eater","floor":50,"turns":8}],"seed_played":"5434998367444677728","potions_obtained":[{"floor":1,"key":"EssenceOfSteel"},{"floor":9,"key":"LifebloodPotion"},{"floor":9,"key":"Dexterity Potion"},{"floor":9,"key":"SteroidPotion"},{"floor":11,"key":"Energy Potion"},{"floor":13,"key":"Weak Potion"},{"floor":14,"key":"Strength Potion"},{"floor":16,"key":"Venom Potion"},{"floor":18,"key":"LiquidBronze"},{"floor":19,"key":"Explosive Potion"},{"floor":20,"key":"LifebloodPotion"},{"floor":21,"key":"Adrenaline Potion"},{"floor":23,"key":"Toxic Potion"},{"floor":28,"key":"LiquidBronze"},{"floor":29,"key":"DistilledChaos"},{"floor":31,"key":"Languid Potion"},{"floor":33,"key":"Death Potion"},{"floor":35,"key":"Swift Potion"},{"floor":36,"key":"Dexterity Potion"},{"floor":38,"key":"Fire Potion"},{"floor":39,"key":"Reflective Coating"},{"floor":40,"key":"Fire Potion"},{"floor":41,"key":"GamblersBrew"},{"floor":44,"key":"Toxic Potion"},{"floor":45,"key":"Strength Potion"}],"is_trial":false,"path_per_floor":["M","$","M","?","?","R","E","?","T","?","M","$","M","M","R","B",null,"M","M","M","M","?","E","?","M","T","?","M","?","R","E","R","B",null,"?","?","T","?","?","E","?","T","T","?","?","?","T","T","T","B",null],"character_chosen":"HERMIT","items_purchased":["hermit:Determination","hermit:HoleUp+1","hermit:Coalescence","Meat on the Bone","hermit:GoldenBullet","War Paint","hermit:Determination","hermit:NoHoldsBarred+1"],"campfire_rested":4,"item_purchase_floors":[2,2,12,37,37,37,48,48],"current_hp_per_floor":[69,69,69,69,69,69,52,45,45,45,45,45,43,47,71,43,82,74,73,68,68,68,43,43,41,41,41,26,26,50,50,74,5,80,80,80,80,76,74,78,80,80,80,65,50,46,70,70,70,46],"gold":23,"neow_bonus":"UPGRADE_CARD","is_daily":false,"chose_seed":false,"campfire_upgraded":3,"win_rate":0.0,"timestamp":1614012045,"path_taken":["M","$","M","?","?","R","E","?","T","?","?","?","?","M","R","BOSS","M","M","?","M","?","E","?","?","T","?","?","?","R","E","R","BOSS","?","?","T","?","?","E","?","T","T","?","?","?","T","?","T","BOSS"],"items_purchased_type":["Card","Card","Card","Relic","Card","Relic","Card","Card"],"build_version":"2020-12-22","purchased_purges":0,"victory":true,"max_hp_per_floor":[75,75,75,75,75,75,82,82,82,82,82,82,82,82,82,82,82,82,82,82,82,82,82,82,82,82,82,82,80,80,80,80,80,80,80,80,80,80,80,80,80,80,80,80,80,80,80,80,78,78],"card_choices":[{"not_picked":["hermit:Enervate","hermit:Glare"],"picked":"hermit:ItchyTrigger","floor":1},{"not_picked":["hermit:LuckOfTheDraw","hermit:FullyLoaded"],"picked":"hermit:Vantage","floor":3},{"not_picked":["hermit:Manifest","hermit:HighCaliber"],"picked":"hermit:Brawl","floor":7},{"not_picked":["hermit:Vantage","hermit:BlackWind"],"picked":"hermit:HoleUp","floor":11},{"not_picked":["hermit:NoHoldsBarred","hermit:Enervate"],"picked":"hermit:Malice","floor":13},{"not_picked":["hermit:LowProfile","hermit:Coalescence"],"picked":"hermit:CursedWeapon","floor":14},{"not_picked":["hermit:HighNoon","hermit:HeroicBravado"],"picked":"hermit:Roughhouse","floor":16},{"not_picked":["hermit:LuckOfTheDraw","hermit:Roulette"],"picked":"hermit:Feint","floor":18},{"not_picked":["hermit:TrackingShot","hermit:SprayPray"],"picked":"hermit:Desperado","floor":19},{"not_picked":["hermit:BodyArmor","hermit:Vantage"],"picked":"hermit:DeadMansHand","floor":20},{"not_picked":["hermit:GhostlyPresence","hermit:CalledShot","hermit:Snipe"],"picked":"SKIP","floor":21},{"not_picked":["hermit:ItchyTrigger","hermit:Glare"],"picked":"hermit:Quickdraw","floor":23},{"not_picked":["hermit:Grudge+1","hermit:Spite"],"picked":"hermit:LowProfile","floor":25},{"not_picked":["hermit:Manifest","hermit:CalledShot+1"],"picked":"hermit:BodyArmor+1","floor":28},{"not_picked":["hermit:LuckOfTheDraw","hermit:Scavenge"],"picked":"hermit:Desperado","floor":31},{"not_picked":["hermit:HighNoon","hermit:RoundhouseKick"],"picked":"hermit:DeadOrAlive","floor":33},{"not_picked":["hermit:Roulette","hermit:BodyArmor"],"picked":"hermit:GoldenBullet+1","floor":35},{"not_picked":["hermit:Manifest","hermit:Malice"],"picked":"hermit:FlashPowder+1","floor":36},{"not_picked":["hermit:Combo","hermit:CursedWeapon"],"picked":"hermit:Determination+1","floor":38},{"not_picked":["hermit:Dive","hermit:EternalForm"],"picked":"hermit:Brawl+1","floor":39},{"not_picked":["hermit:Shortfuse","hermit:CalledShot+1","hermit:Gambit"],"picked":"SKIP","floor":40},{"not_picked":["hermit:Headshot+1","hermit:Enervate+1"],"picked":"hermit:Coalescence","floor":41},{"not_picked":["hermit:Cheat","hermit:Dive"],"picked":"hermit:Brawl+1","floor":44},{"not_picked":["hermit:BodyArmor","hermit:Glare"],"picked":"hermit:Roulette+1","floor":45},{"not_picked":["hermit:DeadMansHand","hermit:Ricochet"],"picked":"hermit:Desperado","floor":46}],"player_experience":732879,"relics_obtained":[{"floor":5,"key":"ReplayTheSpireMod:Ring of Collecting"},{"floor":5,"key":"Ring of Hypnosis"},{"floor":7,"key":"Strawberry"},{"floor":9,"key":"ReplayTheSpireMod:Ring of Addiction"},{"floor":9,"key":"hermit:RyeStalk"},{"floor":9,"key":"White Beast Statue"},{"floor":9,"key":"SacredBark"},{"floor":23,"key":"Boot"},{"floor":26,"key":"Ring of Peace"},{"floor":26,"key":"hermit:Spyglass"},{"floor":31,"key":"Replay:Rubber Ducky"},{"floor":40,"key":"Blood Vial"},{"floor":43,"key":"Ring of Searing"},{"floor":43,"key":"InkBottle"}],"event_choices":[{"damage_healed":0,"gold_gain":0,"player_choice":"Box","damage_taken":0,"relics_obtained":["Gremlin Horn"],"max_hp_gain":0,"max_hp_loss":0,"event_name":"Big Fish","floor":4,"gold_loss":0,"cards_obtained":["Regret"]},{"damage_healed":0,"gold_gain":0,"player_choice":"Success","damage_taken":7,"relics_obtained":["ReplayTheSpireMod:TigerMarble"],"max_hp_gain":0,"max_hp_loss":0,"event_name":"Scrap Ooze","floor":8,"gold_loss":0},{"damage_healed":0,"gold_gain":0,"cards_transformed":["hermit:Defend_Hermit"],"player_choice":"Transformed","damage_taken":0,"max_hp_gain":0,"max_hp_loss":0,"event_name":"Transmorgrifier","floor":10,"gold_loss":0,"cards_obtained":["hermit:Coalescence"]},{"damage_healed":0,"gold_gain":0,"player_choice":"Ignored","damage_taken":0,"max_hp_gain":0,"max_hp_loss":0,"event_name":"Fountain of Cleansing","floor":22,"gold_loss":0},{"damage_healed":0,"gold_gain":0,"player_choice":"Upgraded","damage_taken":0,"max_hp_gain":0,"max_hp_loss":0,"event_name":"Upgrade Shrine","floor":24,"gold_loss":0,"cards_upgraded":["hermit:CursedWeapon"]},{"cards_removed":["hermit:CursedWeapon"],"damage_healed":0,"gold_gain":0,"player_choice":"Take \u0026 Give","damage_taken":0,"max_hp_gain":0,"max_hp_loss":0,"event_name":"betterNote:BetterNote","floor":27,"gold_loss":0,"cards_obtained":["hermit:BlackWind"]},{"damage_healed":0,"gold_gain":0,"player_choice":"Bought 1 Potion","damage_taken":0,"max_hp_gain":0,"max_hp_loss":0,"event_name":"The Woman in Blue","floor":29,"gold_loss":0}],"is_beta":false,"boss_relics":[{"not_picked":["Replay:Wanted Poster","Pandora\u0027s Box"],"picked":"hermit:BartenderGlass"},{"not_picked":["Runic Dome","Abe\u0027s Treasure"],"picked":"Painkiller Herb"}],"items_purged_floors":[],"is_endless":false,"potions_floor_spawned":[1,11,13,14,16,18,19,20,21,23,25,28,31,33,35,36,38,39,40,41,44,45,46],"ascension_level":0}}