{"host":"l790j1oe6pn5fhrm","time":1614025117,"event":{"mods":["AchievementEnabler","BaseMod","Colored Map","Colored Powertips","GifTheSpireLib","Highlight Path","Minty Spire (QoL Compilation)","Rare Cards Sparkle","Replay The Spire","StSLib"],"gold_per_floor":[10,10,25,25,25,53,103,103,130,142,154,166,192,215,227,337,349,378,315,327,328,360,450,462,474,486,515,537,150,150,164,164,267,267,287,303,54,104,104,104,138,138,163,0,17,35,82,101,101,101],"floor_reached":51,"language":"ENG","playtime":2066,"items_purged":[],"score":800,"play_id":"64106f74-4f19-4d28-a462-740ba5dac983","local_time":"20210222211837","is_ascension_mode":false,"campfire_choices":[{"floor":8,"key":"REST"},{"data":"Noxious Fumes","floor":10,"key":"SMITH"},{"data":"Replay:Bag of Tricks","floor":15,"key":"SMITH"},{"floor":24,"key":"REST"},{"floor":32,"key":"REST"},{"data":"Burst","floor":40,"key":"SMITH"},{"floor":42,"key":"REST"},{"floor":49,"key":"REST"}],"circlet_count":0,"master_deck":["Strike_G","Strike_G+1","Strike_G+1","Strike_G+1","Defend_G","Defend_G","Defend_G+1","Survivor","Neutralize","Replay:Bag of Tricks+1","ReplayTheSpireMod:Speed Training+1","Apotheosis+1","Noxious Fumes+1","Draining Mist+1","Backflip","Deadly Poison","Poison Darts","Replay:Bag of Tricks+1","Burst+1","Noxious Fumes+1","Crippling Poison+1","Malaise"],"relics":["Ring of the Snake","Gremlin Food","Matryoshka","MawBank","Replay:Rubber Ducky","ChewingGum","Divine Protection","Bottled Lightning","Sundial","DollysMirror","Replay:Accelerometer","Nilry\u0027s Codex","Painkiller Herb","Bottled Tornado","Byrd Skull","Du-Vu Doll","Replay:Mystery Machine","Red Mask","The Specimen"],"acts_visited":["Exordium","TheCity","TheBeyond"],"potions_floor_usage":[16,28,38,50,50],"damage_taken":[{"damage":4,"enemies":"Small Slimes","floor":1,"turns":3},{"damage":0,"enemies":"Cultist","floor":3,"turns":3},{"damage":4,"enemies":"Replay:BlueRogue","floor":6,"turns":5},{"damage":0,"enemies":"2 Louse","floor":13,"turns":3},{"damage":0,"enemies":"2 Fungi Beasts","floor":14,"turns":3},{"damage":0,"enemies":"Hexaghost","floor":16,"turns":6},{"damage":0,"enemies":"Spheric Guardian","floor":18,"turns":2},{"damage":10,"enemies":"2 Thieves","floor":21,"turns":4},{"damage":16,"enemies":"Cultist and Chosen","floor":22,"turns":5},{"damage":3,"enemies":"Snake Plant","floor":27,"turns":3},{"damage":1,"enemies":"Shelled Parasite and Fungi","floor":28,"turns":4},{"damage":0,"enemies":"Snecko","floor":31,"turns":4},{"damage":28,"enemies":"Champ","floor":33,"turns":11},{"damage":0,"enemies":"3 Shapes","floor":35,"turns":4},{"damage":0,"enemies":"3 Darklings","floor":36,"turns":4},{"damage":0,"enemies":"Mind Bloom Boss Battle","floor":38,"turns":5},{"damage":3,"enemies":"Giant Head","floor":41,"turns":7},{"damage":10,"enemies":"Jaw Worm Horde","floor":45,"turns":3},{"damage":0,"enemies":"Transient","floor":46,"turns":5},{"damage":10,"enemies":"2 Orb Walkers","floor":47,"turns":4},{"damage":0,"enemies":"Spire Growth","floor":48,"turns":3},{"damage":3,"enemies":"Time Eater","floor":50,"turns":6}],"seed_played":"-1536640392720643149","potions_obtained":[{"floor":1,"key":"DuplicationPotion"},{"floor":3,"key":"SpeedPotion"},{"floor":13,"key":"SteroidPotion"},{"floor":21,"key":"Dexterity Potion"},{"floor":27,"key":"Block Potion"},{"floor":36,"key":"CunningPotion"},{"floor":38,"key":"Strength Potion"}],"is_trial":false,"path_per_floor":["M","?","M","$","?","E","?","R","T","R","$","?","M","M","R","B",null,"M","?","?","M","M","T","R","$","T","M","M","$","?","M","R","B",null,"?","?","T","?","T","T","E","T","T","?","?","?","?","?","T","B",null],"character_chosen":"THE_SILENT","items_purchased":["DollysMirror","Replay:Accelerometer","Bottled Tornado"],"campfire_rested":5,"item_purchase_floors":[29,29,37],"current_hp_per_floor":[66,66,66,66,66,62,45,66,66,66,66,66,66,66,66,66,70,70,70,70,60,44,44,65,65,65,62,61,61,45,45,66,38,70,70,70,70,70,70,70,67,70,70,70,60,60,50,50,70,67],"gold":101,"neow_bonus":"THREE_RARE_CARDS","is_daily":false,"chose_seed":false,"campfire_upgraded":3,"win_rate":0.0,"timestamp":1614025117,"path_taken":["M","?","?","?","?","E","?","R","T","R","$","?","M","M","R","BOSS","M","?","?","?","M","?","R","?","T","?","M","$","?","M","R","BOSS","?","?","T","?","T","T","E","T","T","?","?","?","?","?","T","BOSS"],"items_purchased_type":["Relic","Relic","Relic"],"build_version":"2020-12-22","purchased_purges":0,"victory":true,"max_hp_per_floor":[70,70,70,70,70,70,70,70,70,70,70,70,70,70,70,70,70,70,70,70,70,70,70,70,70,70,70,70,70,70,70,70,70,70,70,70,70,70,70,70,70,70,70,70,70,70,70,70,70,70],"card_choices":[{"not_picked":["Doppelganger","ReplayTheSpireMod:Necrosis"],"picked":"Replay:Bag of Tricks","floor":0},{"not_picked":["Skewer","Flechettes"],"picked":"ReplayTheSpireMod:Speed Training","floor":1},{"not_picked":["Dodge and Roll","Prepared","Outmaneuver"],"picked":"SKIP","floor":3},{"not_picked":["Riddle With Holes","Heel Hook","Deflect"],"picked":"SKIP","floor":6},{"not_picked":["Poisoned Stab","A Thousand Cuts"],"picked":"Noxious Fumes","floor":7},{"not_picked":["Flying Knee","Calculated Gamble"],"picked":"Backflip","floor":13},{"not_picked":["Flying Knee","Underhanded Strike"],"picked":"Deadly Poison","floor":14},{"not_picked":["After Image","ReplayTheSpireMod:From All Sides"],"picked":"Poison Darts","floor":16},{"not_picked":["Terror","Hidden Blade","PiercingWail"],"picked":"SKIP","floor":18},{"not_picked":["Sucker Punch","Cloak And Dagger","Slice+1"],"picked":"SKIP","floor":21},{"not_picked":["ReplayTheSpireMod:Shiv Toss+1","Flying Knee","Concentrate"],"picked":"SKIP","floor":22},{"not_picked":["Slice","Blade Dance","Backflip"],"picked":"SKIP","floor":27},{"not_picked":["Dash","Dagger Spray"],"picked":"Burst","floor":28},{"not_picked":["Underhanded Strike+1","Acrobatics"],"picked":"Crippling Poison+1","floor":31},{"not_picked":["Poison Darts","Phantasmal Killer"],"picked":"Malaise","floor":33},{"not_picked":["Blade Dance+1","Sucker Punch+1","ReplayTheSpireMod:Scrap Shanks"],"picked":"SKIP","floor":35},{"not_picked":["Blade Dance","Backstab+1","Quick Slash+1"],"picked":"SKIP","floor":36},{"not_picked":["Reflex+1","Endless Agony+1","Acrobatics+1"],"picked":"SKIP","floor":41},{"not_picked":["Flying Knee","PiercingWail+1","Cloak And Dagger+1"],"picked":"SKIP","floor":45},{"not_picked":["Cloak And Dagger","Flying Knee+1","Sucker Punch+1"],"picked":"SKIP","floor":46},{"not_picked":["Endless Agony+1","Slice+1","Setup+1"],"picked":"SKIP","floor":48}],"player_experience":1200054,"relics_obtained":[{"floor":6,"key":"Gremlin Food"},{"floor":7,"key":"Matryoshka"},{"floor":9,"key":"MawBank"},{"floor":9,"key":"Replay:Rubber Ducky"},{"floor":23,"key":"Divine Protection"},{"floor":23,"key":"Bottled Lightning"},{"floor":26,"key":"Sundial"},{"floor":30,"key":"Nilry\u0027s Codex"},{"floor":38,"key":"Byrd Skull"},{"floor":41,"key":"Du-Vu Doll"},{"floor":43,"key":"Replay:Mystery Machine"},{"floor":47,"key":"The Specimen"}],"event_choices":[{"cards_removed":["Defend_G"],"damage_healed":0,"gold_gain":0,"player_choice":"Took Card","damage_taken":0,"max_hp_gain":0,"max_hp_loss":0,"event_name":"NoteForYourself","floor":2,"gold_loss":0,"cards_obtained":["Apotheosis"]},{"damage_healed":0,"gold_gain":0,"player_choice":"Grow","damage_taken":0,"max_hp_gain":0,"max_hp_loss":0,"event_name":"Living Wall","floor":5,"gold_loss":0,"cards_upgraded":["Apotheosis"]},{"cards_removed":["Strike_G"],"damage_healed":0,"gold_gain":0,"player_choice":"Gave Gold","damage_taken":0,"max_hp_gain":0,"max_hp_loss":0,"event_name":"Beggar","floor":19,"gold_loss":75},{"damage_healed":0,"gold_gain":0,"player_choice":"Copied","damage_taken":0,"max_hp_gain":0,"max_hp_loss":0,"event_name":"Duplicator","floor":20,"gold_loss":0,"cards_obtained":["Replay:Bag of Tricks"]},{"damage_healed":0,"gold_gain":0,"player_choice":"Obtained Book","damage_taken":16,"max_hp_gain":0,"max_hp_loss":0,"event_name":"Cursed Tome","floor":30,"gold_loss":0},{"damage_healed":0,"gold_gain":0,"player_choice":"Fight","damage_taken":0,"max_hp_gain":0,"max_hp_loss":0,"event_name":"MindBloom","floor":38,"gold_loss":0},{"damage_healed":0,"gold_gain":0,"player_choice":"Paid","damage_taken":0,"relics_obtained":["Red Mask"],"max_hp_gain":0,"max_hp_loss":0,"event_name":"Tomb of Lord Red Mask","floor":44,"gold_loss":163},{"damage_healed":0,"gold_gain":0,"player_choice":"Fight","damage_taken":0,"max_hp_gain":0,"max_hp_loss":0,"event_name":"Mysterious Sphere","floor":47,"gold_loss":0}],"is_beta":false,"boss_relics":[{"not_picked":["Replay:Drink Me","Kintsugi"],"picked":"ChewingGum"},{"not_picked":["WristBlade","Snecko Eye"],"picked":"Painkiller Herb"}],"items_purged_floors":[],"is_endless":false,"potions_floor_spawned":[1,3,13,21,27,36,38,46,48],"ascension_level":0}}