{"host":"fuszjwm6fqgjjp4d","time":1614029580,"event":{"mods":["BaseMod","Colored Map","Minty Spire (QoL Compilation)","Permanent Neow","Relic Sorter","Relic Stats","StSLib"],"gold_per_floor":[368,385,397,397,417,417,417,417],"floor_reached":7,"language":"ENG","playtime":457,"items_purged":[],"score":86,"play_id":"47fae51e-b7c4-4180-aab2-05fd01452da1","local_time":"20210222153300","is_ascension_mode":true,"campfire_choices":[{"data":"Carnage","floor":6,"key":"SMITH"}],"circlet_count":0,"master_deck":["AscendersBane","Strike_R","Strike_R","Strike_R","Strike_R","Strike_R","Defend_R","Defend_R","Defend_R","Defend_R","Bash","Carnage+1","Battle Trance","Headbutt","Headbutt+1"],"relics":["Burning Blood","Molten Egg 2"],"acts_visited":["Exordium"],"potions_floor_usage":[3,5],"damage_taken":[{"damage":7,"enemies":"Cultist","floor":1,"turns":4},{"damage":7,"enemies":"Small Slimes","floor":2,"turns":3},{"damage":9,"enemies":"Jaw Worm","floor":3,"turns":3},{"damage":22,"enemies":"Exordium Thugs","floor":5,"turns":4},{"damage":25,"enemies":"3 Sentries","floor":7,"turns":6}],"seed_played":"-6572804052877774601","potions_obtained":[{"floor":2,"key":"Weak Potion"},{"floor":3,"key":"ElixirPotion"}],"is_trial":false,"path_per_floor":["M","M","M","?","M","R","E"],"character_chosen":"IRONCLAD","items_purchased":[],"campfire_rested":0,"item_purchase_floors":[],"current_hp_per_floor":[49,48,45,34,18,18,0,0],"gold":417,"neow_bonus":"TWO_FIFTY_GOLD","is_daily":false,"chose_seed":false,"campfire_upgraded":1,"win_rate":0.0,"timestamp":1614029580,"path_taken":["M","M","?","?","M","R","E"],"items_purchased_type":[],"build_version":"2020-12-22","purchased_purges":0,"victory":false,"max_hp_per_floor":[75,75,75,75,75,75,75,75],"relic_stats":{"counters":[5,20],"obtain_stats":[{"Molten Egg 2":4,"Burning Blood":0},{"Molten Egg 2":3,"Burning Blood":0},{"Molten Egg 2":10,"Burning Blood":0}],"Burning Blood":24},"card_choices":[{"not_picked":["Armaments","Uppercut"],"picked":"Carnage","floor":1},{"not_picked":["Shockwave","Perfected Strike"],"picked":"Battle Trance","floor":2},{"not_picked":["Dark Embrace","Warcry"],"picked":"Headbutt","floor":3},{"not_picked":["Pummel+1","True Grit"],"picked":"Headbutt+1","floor":5}],"player_experience":1516559,"relics_obtained":[],"event_choices":[{"damage_healed":0,"gold_gain":0,"player_choice":"Success","damage_taken":11,"relics_obtained":["Molten Egg 2"],"max_hp_gain":0,"max_hp_loss":0,"event_name":"Scrap Ooze","floor":4,"gold_loss":0}],"is_beta":false,"boss_relics":[],"items_purged_floors":[],"is_endless":false,"potions_floor_spawned":[2,3],"killed_by":"3 Sentries","ascension_level":20}}