{"host":"bsgp9wgausrmthh2","time":1614005547,"event":{"mods":["AchievementEnabler","BaseMod","Colored Map","Downfall","Minty Spire (QoL Compilation)","StSLib"],"gold_per_floor":[99,110,172,184,204,204,258,210,235,246,346,356,156,156,174,274,274,274,288,288,307,307,322,322,322,333,350,361,361,361,361],"floor_reached":29,"language":"ENG","playtime":2275,"items_purged":[],"score":254,"play_id":"20acc6b9-7ab2-418c-b538-7685c82f8cfa","local_time":"20210222095227","is_ascension_mode":false,"campfire_choices":[{"floor":1,"key":"RECALL"},{"floor":13,"key":"REST"},{"data":"sneckomod:UnknownRareAttack","floor":18,"key":"SMITH"},{"floor":25,"key":"REST"}],"circlet_count":0,"master_deck":["sneckomod:Strike","sneckomod:Strike","sneckomod:Strike","sneckomod:Defend","sneckomod:Defend","sneckomod:Defend","sneckomod:TailWhip","sneckomod:SnekBite","sneckomod:Unknown","sneckomod:Unknown","sneckomod:UnknownUncommonPower","sneckomod:QuickBite","sneckomod:IronFang","sneckomod:WideSting","sneckomod:SoulDraw","sneckomod:UnknownUncommonPower","sneckomod:DiceBlock","sneckomod:QuickMove","sneckomod:UnendingSupply+1","sneckomod:QuickBite","sneckomod:UnknownRareAttack+1","CurseOfTheBell","sneckomod:DiceCrush","sneckomod:MorePower","sneckomod:UnknownWeak+1","sneckomod:UnknownExhaust","sneckomod:CheapStock","sneckomod:UnknownBoss+1","sneckomod:SoulCleanse","sneckomod:ImprovisedAttack"],"relics":["sneckomod:SneckoSoul","Art of War","downfall:BrokenWingStatue","Vajra","downfall:HeartBlessingRed","downfall:HeartBlessingGreen","Calling Bell","Blood Vial","Mummified Hand","Du-Vu Doll","downfall:RedIOU","Eternal Feather"],"acts_visited":["Exordium","TheCity"],"potions_floor_usage":[],"damage_taken":[{"damage":8,"enemies":"Small Slimes","floor":2,"turns":3},{"damage":23,"enemies":"Lagavulin Event","floor":3,"turns":6},{"damage":3,"enemies":"2 Louse","floor":4,"turns":3},{"damage":1,"enemies":"Cultist","floor":5,"turns":3},{"damage":5,"enemies":"downfall:FleeingMerchant","floor":8,"turns":4},{"damage":10,"enemies":"Gremlin Nob","floor":9,"turns":3},{"damage":3,"enemies":"2 Fungi Beasts","floor":10,"turns":3},{"damage":6,"enemies":"Large Slime","floor":12,"turns":5},{"damage":5,"enemies":"Red Slaver","floor":15,"turns":3},{"damage":37,"enemies":"DF_ARCHETYPE_STREAMLINE","floor":16,"turns":9},{"damage":40,"enemies":"3 Byrds","floor":19,"turns":6},{"damage":19,"enemies":"Shell Parasite","floor":21,"turns":5},{"damage":10,"enemies":"Snecko","floor":23,"turns":4},{"damage":18,"enemies":"Snake Plant","floor":26,"turns":5},{"damage":39,"enemies":"Centurion and Healer","floor":27,"turns":9},{"damage":25,"enemies":"Shelled Parasite and Fungi","floor":28,"turns":3},{"damage":5,"enemies":"Snake Plant","floor":29,"turns":1}],"seed_played":"-7924178372849750289","potions_obtained":[{"floor":3,"key":"AttackPotion"},{"floor":4,"key":"sneckomod:DiceRollPotion"},{"floor":9,"key":"PowerPotion"}],"is_trial":false,"path_per_floor":["R","M","?","M","M","?","T","$","E","M","?","M","R","?","M","B",null,"R","M","?","M","?","M","T","R","M","M","M","M"],"character_chosen":"THE_SNECKO","items_purchased":["sneckomod:UnknownUncommonPower"],"campfire_rested":2,"item_purchase_floors":[8],"current_hp_per_floor":[99,91,68,65,64,64,64,59,49,46,46,40,69,69,64,27,99,99,59,59,42,42,34,34,78,62,25,2,0,0,0],"gold":361,"neow_bonus":"TEN_PERCENT_HP_BONUS","is_daily":false,"chose_seed":false,"campfire_upgraded":1,"win_rate":0.0,"timestamp":1614005547,"path_taken":["R","M","?","M","M","?","T","$","E","M","?","M","R","?","M","BOSS","R","M","?","M","?","M","T","R","M","M","M","M"],"items_purchased_type":["Card"],"build_version":"2020-12-22","purchased_purges":0,"victory":false,"max_hp_per_floor":[99,99,99,99,99,99,99,99,99,99,99,99,99,99,99,99,99,99,99,99,99,99,99,99,99,99,99,99,99,99,99],"card_choices":[{"not_picked":["sneckomod:SnekBeam","sneckomod:DiceCrush"],"picked":"sneckomod:UnknownUncommonPower","floor":2},{"not_picked":["sneckomod:SoulDraw","sneckomod:UnknownDraw"],"picked":"sneckomod:QuickBite","floor":3},{"not_picked":["sneckomod:Unknown0Cost","sneckomod:QuickBite"],"picked":"sneckomod:IronFang","floor":4},{"not_picked":["sneckomod:DiceCrush","sneckomod:RainOfDice"],"picked":"sneckomod:WideSting","floor":5},{"not_picked":["sneckomod:QuickBite","sneckomod:RainOfDice"],"picked":"sneckomod:SoulDraw","floor":8},{"not_picked":["sneckomod:DefensiveFlair","sneckomod:UnknownBlock"],"picked":"sneckomod:DiceBlock","floor":9},{"not_picked":["sneckomod:Mudshield","sneckomod:DiceCrush"],"picked":"sneckomod:QuickMove","floor":10},{"not_picked":["sneckomod:QuickBite","sneckomod:UnknownBlock"],"picked":"sneckomod:UnendingSupply","floor":12},{"not_picked":["sneckomod:DiceCrush","sneckomod:UnknownUncommonAttack"],"picked":"sneckomod:QuickBite","floor":15},{"not_picked":["sneckomod:DangerNoodle","sneckomod:SoulExchange"],"picked":"sneckomod:UnknownRareAttack","floor":16},{"not_picked":["sneckomod:DiceBlock+1","sneckomod:UnknownClassTHE_CHAMP_GRAY"],"picked":"sneckomod:DiceCrush","floor":19},{"not_picked":["sneckomod:SoulRoll","sneckomod:UnknownBlock+1"],"picked":"sneckomod:MorePower","floor":21},{"not_picked":["sneckomod:UnknownBlock+1","sneckomod:Unknown1Cost+1"],"picked":"sneckomod:UnknownWeak+1","floor":23},{"not_picked":["sneckomod:Unknown2Cost","sneckomod:QuickBite"],"picked":"sneckomod:UnknownExhaust","floor":23},{"not_picked":["sneckomod:UnknownUncommonSkill","sneckomod:QuickBite+1"],"picked":"sneckomod:CheapStock","floor":26},{"not_picked":["sneckomod:UnknownRarePower+1","sneckomod:UnknownBlock+1"],"picked":"sneckomod:UnknownBoss+1","floor":27},{"not_picked":["sneckomod:SoulRoll","sneckomod:MasterEye"],"picked":"sneckomod:SoulCleanse","floor":27},{"not_picked":["sneckomod:UnknownUncommonSkill+1","sneckomod:Nope"],"picked":"sneckomod:ImprovisedAttack","floor":28}],"player_experience":341810,"relics_obtained":[{"floor":7,"key":"Vajra"},{"floor":9,"key":"Oddly Smooth Stone"},{"floor":17,"key":"Blood Vial"},{"floor":17,"key":"Mummified Hand"},{"floor":17,"key":"Du-Vu Doll"},{"floor":24,"key":"Eternal Feather"}],"event_choices":[{"damage_healed":0,"gold_gain":0,"player_choice":"Grow","damage_taken":0,"max_hp_gain":0,"max_hp_loss":0,"event_name":"Living Wall","floor":14,"gold_loss":0,"cards_upgraded":["sneckomod:UnendingSupply"]}],"is_beta":false,"boss_relics":[{"not_picked":["sneckomod:SneckoBoss","Snecko Eye"],"picked":"Calling Bell"}],"items_purged_floors":[],"is_endless":false,"potions_floor_spawned":[3,4,9,15,16,21,23,26,28],"killed_by":"Snake Plant","ascension_level":0}}