{"host":"xo0glkmxta74xh34","time":1614025882,"event":{"mods":["BaseMod","Downfall","Minty Spire (QoL Compilation)","Reliquary","Replay The Spire","StSLib"],"gold_per_floor":[99,111,111,128,128,128,128,162,181,196,196,0,0,29,45,45,45,45],"floor_reached":16,"language":"ENG","playtime":665,"items_purged":[],"score":171,"play_id":"9315faca-870a-4715-955f-ec5e93ef4cab","local_time":"20210222143122","is_ascension_mode":true,"campfire_choices":[{"data":"Guardian:HyperBeam_Guardian","floor":1.0,"key":"SMITH"},{"floor":11,"key":"REST"},{"floor":13,"key":"REST"}],"circlet_count":0,"master_deck":["AscendersBane","Guardian:Strike_Guardian","Guardian:Strike_Guardian","Guardian:Strike_Guardian","Guardian:Defend_Guardian","Guardian:Defend_Guardian","Guardian:Defend_Guardian","Guardian:Defend_Guardian","Guardian:CurlUp+1","Guardian:TwinSlam","Guardian:HyperBeam_Guardian+1","Guardian:CompilePackage","Guardian:AncientConstruct","expansioncontent:StudyTheSpire","Guardian:Gem_Crimson","Guardian:TimeCapacitor"],"relics":["Guardian:ModeShifter","HornCleat","reliquary:WeakTea","Replay:Rubber Ducky"],"acts_visited":["Exordium"],"potions_floor_usage":[8,8,16],"damage_taken":[{"damage":0.0,"enemies":"2 Louse","floor":2.0,"turns":1.0},{"damage":6.0,"enemies":"Cultist","floor":4.0,"turns":3.0},{"damage":21,"enemies":"Lagavulin","floor":8,"turns":6},{"damage":1,"enemies":"Jaw Worm","floor":9,"turns":4},{"damage":1,"enemies":"Large Slime","floor":10,"turns":7},{"damage":0,"enemies":"downfall:FleeingMerchant","floor":12,"turns":4},{"damage":22,"enemies":"3 Sentries","floor":14,"turns":4},{"damage":15,"enemies":"Lots of Slimes","floor":15,"turns":3},{"damage":89,"enemies":"DF_ARCHETYPE_STREAMLINE","floor":16,"turns":14}],"seed_played":"-2169648948869229683","potions_obtained":[{"floor":6.0,"key":"Guardian:DefensiveModePotion"},{"floor":6.0,"key":"SteroidPotion"},{"floor":8,"key":"Weak Potion"},{"floor":10,"key":"Ancient Potion"}],"is_trial":false,"path_per_floor":["R","M","?","M","?","?","T","E","M","M","R","$","R","E","M","B"],"character_chosen":"GUARDIAN","items_purchased":["expansioncontent:StudyTheSpire"],"campfire_rested":2,"item_purchase_floors":[12],"current_hp_per_floor":[51,51,51,45,45,45,45,24,23,22,46,46,70,48,33,0,0,0],"gold":45,"neow_bonus":"THREE_RARE_CARDS","is_daily":false,"chose_seed":false,"campfire_upgraded":1,"win_rate":0.0,"timestamp":1614025882,"path_taken":["R","M","?","?","?","?","T","E","M","?","R","$","R","E","M","BOSS"],"items_purchased_type":["Card"],"build_version":"2020-12-22","purchased_purges":0,"victory":false,"max_hp_per_floor":[80,80,80,80,80,80,80,80,80,80,80,80,80,80,80,80,80,80],"card_choices":[{"not_picked":["Guardian:GatlingBeam","Guardian:FierceBash"],"picked":"Guardian:HyperBeam_Guardian","floor":0.0},{"not_picked":["Guardian:CrystalBeam","Guardian:RollAttack","Guardian:Suspension"],"picked":"SKIP","floor":2.0},{"not_picked":["Guardian:ChargeCore","Guardian:Gem_Red","Guardian:Gem_Cyan"],"picked":"SKIP","floor":4.0},{"not_picked":["Guardian:Orbwalk","Guardian:TimeCapacitor"],"picked":"Guardian:CompilePackage","floor":8},{"not_picked":["Guardian:Gem_Red","Guardian:RollAttack","Guardian:ShieldCharger"],"picked":"SKIP","floor":9},{"not_picked":["Guardian:TemporalShield","Guardian:TemporalStrike"],"picked":"Guardian:Gem_Blue","floor":10},{"not_picked":["Guardian:Orbwalk","Guardian:Recover"],"picked":"Guardian:AncientConstruct","floor":12},{"not_picked":["Guardian:Gem_White","Guardian:Gem_Green"],"picked":"Guardian:Gem_Crimson","floor":14},{"not_picked":["Guardian:Gem_Green","Guardian:ShieldCharger"],"picked":"Guardian:TimeCapacitor","floor":15}],"player_experience":538167,"relics_obtained":[{"floor":7.0,"key":"HornCleat"},{"floor":8,"key":"reliquary:WeakTea"},{"floor":14,"key":"Replay:Rubber Ducky"}],"event_choices":[{"cards_removed":["Guardian:Strike_Guardian"],"damage_healed":0.0,"max_hp_gain":0.0,"max_hp_loss":0.0,"gold_gain":0.0,"event_name":"The Cleric","player_choice":"Card Removal","floor":5.0,"gold_loss":0.0,"damage_taken":0.0},{"damage_healed":0.0,"max_hp_gain":0.0,"max_hp_loss":0.0,"gold_gain":0.0,"event_name":"Lab","player_choice":"Got Potions","floor":6.0,"gold_loss":0.0,"damage_taken":0.0}],"is_beta":false,"boss_relics":[],"items_purged_floors":[],"is_endless":false,"potions_floor_spawned":[8,10,15],"killed_by":"DF_ARCHETYPE_STREAMLINE","ascension_level":11}}