{"host":"r4aerl4ckfvw1dw3","time":1614024039,"event":{"mods":["BaseMod","BetterRewards","Minty Spire (QoL Compilation)","Quick Restart","StSLib"],"gold_per_floor":[116,133,133,19,33,62,12,12,12,12,27,44,74,92,92,189,189,203,218,71,71,71,81,106,106,156,185,185,185,200,229,229,229,229],"floor_reached":33,"language":"ENG","playtime":2387,"items_purged":["Strike_G","Strike_G"],"score":535,"play_id":"906224a1-1aa0-4915-ac28-e233d1398674","local_time":"20210222120039","is_ascension_mode":true,"campfire_choices":[{"data":"Doppelganger","floor":8,"key":"SMITH"},{"floor":10,"key":"REST"},{"floor":15,"key":"REST"},{"floor":25,"key":"REST"},{"floor":28,"key":"REST"},{"data":"Footwork","floor":32,"key":"SMITH"}],"circlet_count":0,"master_deck":["AscendersBane","Strike_G","Defend_G","Defend_G","Defend_G","Defend_G","Defend_G","Survivor","Neutralize","Doppelganger+1","Dagger Throw","Quick Slash","Footwork+1","Cloak And Dagger","Dagger Throw","Backstab+1","Die Die Die+1","Corpse Explosion","Blade Dance","Burst","PiercingWail+1","Sucker Punch+1","Prepared","Underhanded Strike+1","Backflip","Flying Knee+1","Accuracy+1"],"relics":["Ring of the Snake","Paper Crane","Molten Egg 2","Ancient Tea Set","HoveringKite","MutagenicStrength","Red Mask","FossilizedHelix","Meat on the Bone"],"acts_visited":["Exordium","TheCity"],"potions_floor_usage":[16,18,24,24,33],"damage_taken":[{"damage":1.0,"enemies":"2 Louse","floor":1.0,"turns":3.0},{"damage":0.0,"enemies":"Jaw Worm","floor":2.0,"turns":4.0},{"damage":0.0,"enemies":"Cultist","floor":5.0,"turns":4.0},{"damage":21,"enemies":"3 Sentries","floor":6,"turns":14},{"damage":0,"enemies":"Red Slaver","floor":11,"turns":4},{"damage":0,"enemies":"Large Slime","floor":12,"turns":4},{"damage":31,"enemies":"Lagavulin","floor":13,"turns":10},{"damage":5,"enemies":"Exordium Thugs","floor":14,"turns":4},{"damage":35,"enemies":"The Guardian","floor":16,"turns":18},{"damage":13,"enemies":"2 Thieves","floor":18,"turns":3},{"damage":6,"enemies":"Spheric Guardian","floor":19,"turns":4},{"damage":19,"enemies":"Chosen and Byrds","floor":23,"turns":9},{"damage":6,"enemies":"Masked Bandits","floor":24,"turns":5},{"damage":6,"enemies":"Slavers","floor":27,"turns":2},{"damage":0,"enemies":"Shelled Parasite and Fungi","floor":30,"turns":4},{"damage":0,"enemies":"Gremlin Leader","floor":31,"turns":5},{"damage":51,"enemies":"Champ","floor":33,"turns":20}],"seed_played":"-3603692728754516413","potions_obtained":[{"floor":5.0,"key":"Energy Potion"},{"floor":12,"key":"LiquidMemories"},{"floor":16,"key":"Strength Potion"},{"floor":23,"key":"Weak Potion"},{"floor":30,"key":"Energy Potion"}],"is_trial":false,"path_per_floor":["M","M","?","$","M","E","?","R","T","R","M","M","E","M","R","B",null,"M","M","$","?","?","M","?","R","T","E","R","?","M","E","R","B"],"character_chosen":"THE_SILENT","items_purchased":["Footwork","Sucker Punch+1"],"campfire_rested":4,"item_purchase_floors":[4,20],"current_hp_per_floor":[62,62,62,62,62,41,41,41,41,62,62,62,31,26,47,12,56,43,37,37,37,37,18,12,33,33,27,48,42,42,42,42,0,0],"gold":229,"neow_bonus":"ONE_RANDOM_RARE_CARD","is_daily":false,"chose_seed":false,"campfire_upgraded":2,"win_rate":0.0,"timestamp":1614024039,"path_taken":["M","M","?","$","M","E","?","R","T","R","M","M","E","M","R","BOSS","M","M","$","?","?","M","?","R","T","E","R","?","M","E","R","BOSS"],"items_purchased_type":["Card","Card"],"build_version":"2020-12-22","purchased_purges":2,"victory":false,"max_hp_per_floor":[70,70,70,70,70,70,70,70,70,70,70,70,70,70,70,70,70,70,70,70,70,70,70,70,70,70,70,70,70,70,70,70,70,70],"card_choices":[{"not_picked":["Expertise","Slice"],"picked":"Dagger Throw","floor":1.0},{"not_picked":["Expertise","Outmaneuver"],"picked":"Quick Slash","floor":2.0},{"not_picked":["Caltrops","Skewer"],"picked":"Cloak And Dagger","floor":5.0},{"not_picked":["Quick Slash","Choke"],"picked":"Dagger Throw","floor":6},{"not_picked":["Deadly Poison","Outmaneuver"],"picked":"Backstab+1","floor":11},{"not_picked":["Backflip","Flying Knee+1"],"picked":"Die Die Die+1","floor":12},{"not_picked":["Reflex","Dagger Spray+1"],"picked":"Corpse Explosion","floor":13},{"not_picked":["Acrobatics","Quick Slash+1"],"picked":"Blade Dance","floor":14},{"not_picked":["A Thousand Cuts","After Image"],"picked":"Burst","floor":16},{"not_picked":["Acrobatics","Poisoned Stab+1"],"picked":"PiercingWail+1","floor":18},{"not_picked":["Outmaneuver","Quick Slash+1","Dagger Spray+1"],"picked":"SKIP","floor":19},{"not_picked":["Dagger Spray+1","Heel Hook+1"],"picked":"Underhanded Strike+1","floor":23},{"not_picked":["Deflect","Endless Agony+1"],"picked":"Backflip","floor":27},{"not_picked":["Outmaneuver","Predator+1"],"picked":"Flying Knee+1","floor":30},{"not_picked":["PiercingWail","Masterful Stab+1"],"picked":"Accuracy+1","floor":31}],"player_experience":667640,"relics_obtained":[{"floor":6,"key":"Paper Crane"},{"floor":9,"key":"Molten Egg 2"},{"floor":13,"key":"Ancient Tea Set"},{"floor":24,"key":"Red Mask"},{"floor":27,"key":"FossilizedHelix"},{"floor":31,"key":"Meat on the Bone"}],"event_choices":[{"cards_removed":["Strike_G"],"damage_healed":0.0,"max_hp_gain":0.0,"max_hp_loss":0.0,"gold_gain":0.0,"event_name":"Living Wall","player_choice":"Forget","floor":3.0,"gold_loss":0.0,"damage_taken":0.0},{"cards_removed":["Strike_G"],"damage_healed":0,"gold_gain":0,"player_choice":"Card Removal","damage_taken":0,"max_hp_gain":0,"max_hp_loss":0,"event_name":"The Cleric","floor":7,"gold_loss":50},{"damage_healed":0,"gold_gain":0,"player_choice":"Inject Mutagens","damage_taken":0,"relics_obtained":["MutagenicStrength"],"max_hp_gain":0,"max_hp_loss":0,"event_name":"Drug Dealer","floor":21,"gold_loss":0},{"damage_healed":0,"gold_gain":0,"player_choice":"Read","damage_taken":0,"max_hp_gain":0,"max_hp_loss":0,"event_name":"The Library","floor":22,"gold_loss":0,"cards_obtained":["Prepared"]},{"damage_healed":0,"gold_gain":0,"player_choice":"Fought Bandits","damage_taken":0,"max_hp_gain":0,"max_hp_loss":0,"event_name":"Masked Bandits","floor":24,"gold_loss":0},{"damage_healed":0,"gold_gain":0,"player_choice":"","damage_taken":6,"max_hp_gain":0,"max_hp_loss":0,"event_name":"Knowing Skull","floor":29,"potions_obtained":[],"gold_loss":0,"cards_obtained":[]}],"is_beta":false,"boss_relics":[{"not_picked":["Runic Pyramid","Black Star"],"picked":"HoveringKite"}],"items_purged_floors":[4,20],"is_endless":false,"potions_floor_spawned":[5,12,13,14,16,23,30],"killed_by":"Champ","ascension_level":11}}