{"host":"kmq7aw60w430zvtx","time":1614004419,"event":{"mods":["Aspiration","BaseMod","Downfall","GifTheSpireLib","Hermit","Hubris","Infinite Spire","Minty Spire (QoL Compilation)","Reliquary","Replay The Spire","Spire Arcade","StSLib","The Construct","The Cursed","The Hierophant","The Jungle","The Necromancer","The Runesmith"],"gold_per_floor":[113,125,125,70,70,103,103,132,177,188,204,8,8,21,21,117,117,128,138,152,171,171,171,171,186,186,218,218,218,251,25,25,126,126,144,159,77,95,95,128,128,157,183,183,195,206,206,151,151,151,151,151,27,27,27],"floor_reached":54,"language":"ENG","playtime":3750,"items_purged":["Voices"],"score":1149,"play_id":"538deab3-7705-4b53-9b4b-6a18a1c083e0","local_time":"20210222153339","is_ascension_mode":true,"campfire_choices":[{"data":"True Grit","floor":7,"key":"SMITH"},{"floor":13,"key":"RECALL"},{"floor":15,"key":"REST"},{"data":"Ghostly","floor":23,"key":"SMITH"},{"data":"Ghostly","floor":29,"key":"SMITH"},{"floor":32,"key":"REST"},{"data":"Feel No Pain","floor":41,"key":"SMITH"},{"data":"Ghostly","floor":44,"key":"SMITH"},{"data":"Ghostly","floor":47,"key":"SMITH"},{"data":"Anger","floor":49,"key":"SMITH"},{"data":"Defy Death","floor":52,"key":"SMITH"}],"circlet_count":0,"master_deck":["Strike_R","Strike_R","Strike_R","Strike_R+1","Strike_R","Defend_R","Defend_R+1","Defend_R","Defend_R","Bash","Fire Breathing","Anger+1","Dark Embrace+1","True Grit+1","Shockwave","Defy Death+1","infinitespire:OneForAll","Bludgeon+1","ReplayTheSpireMod:Corrosion Curse","hubris:StunningStrike","Sentinel","Havoc+1","ReplayTheSpireMod:Strike From Hell","ReplayTheSpireMod:Muscle Training","Ghostly+1","Ghostly+1","Ghostly+1","Ghostly+1","Ghostly","infinitespire:UltimateForm","Heavy Blade+1","Battle Trance","Deep Breath","Rupture","ReplayTheSpireMod:Private Reserves","Impervious","Armaments+1","Thunderclap","Feel No Pain+1","Disarm+1","Battle Trance","ReplayReversal","Battle Trance+1","ReplayTheSpireMod:Strike From Hell+1","Inflame","Inflame","Dropkick"],"relics":["Burning Blood","aspiration:Nostalgia","Guardian:ModeShifter","ReplayTheSpireMod:Ring of Addiction","Ring of Panic","SacredBark","White Beast Statue","Champion Belt","Snack Pack","aspiration:FutureDiary","InkBottle","construct:WeddingRing","Bottled Lightning","Vajra","infinitespire:Lucky Rock","Sling","infinitespire:Cupcake","hubris:BottledRain","reliquary:Craggleroot","ReplayTheSpireMod:TigerMarble","reliquary:Crutches","Red Skull"],"acts_visited":["Exordium","TheCity","TheBeyond","TheEnding"],"potions_floor_usage":[6,8,10,11,16,19,19,21,27,27,30,33,36,40,42,42,46,50,54,54,54],"damage_taken":[{"damage":12,"enemies":"Small Slimes","floor":1,"turns":4},{"damage":6,"enemies":"Jaw Worm","floor":2,"turns":6},{"damage":12,"enemies":"3 Sentries","floor":6,"turns":5},{"damage":12,"enemies":"Gremlin Nob","floor":8,"turns":2},{"damage":0,"enemies":"Cultist","floor":10,"turns":4},{"damage":0,"enemies":"Exordium Wildlife","floor":11,"turns":4},{"damage":15,"enemies":"2 Fungi Beasts","floor":14,"turns":3},{"damage":32,"enemies":"Hexaghost","floor":16,"turns":11},{"damage":29,"enemies":"Shell Parasite","floor":18,"turns":10},{"damage":19,"enemies":"2 Thieves","floor":19,"turns":2},{"damage":0,"enemies":"Snecko","floor":20,"turns":4},{"damage":9,"enemies":"Centurion and Healer","floor":21,"turns":6},{"damage":0,"enemies":"Snake Plant","floor":25,"turns":3},{"damage":1,"enemies":"Gremlin Leader","floor":27,"turns":4},{"damage":6,"enemies":"Slavers","floor":30,"turns":6},{"damage":61,"enemies":"hubris:MusketHawk","floor":33,"turns":10},{"damage":25,"enemies":"3 Shapes","floor":35,"turns":7},{"damage":0,"enemies":"Orb Walker","floor":36,"turns":3},{"damage":2,"enemies":"Spire Growth","floor":38,"turns":5},{"damage":1,"enemies":"Giant Head","floor":40,"turns":8},{"damage":0,"enemies":"Reptomancer","floor":42,"turns":5},{"damage":6,"enemies":"3 Darklings","floor":45,"turns":4},{"damage":0,"enemies":"4 Shapes","floor":46,"turns":3},{"damage":11,"enemies":"infinitespire:MassOfShapes","floor":50,"turns":11},{"damage":67,"enemies":"Shield and Spear","floor":54,"turns":6}],"seed_played":"-4054148406599233491","potions_obtained":[{"floor":5,"key":"Death Potion"},{"floor":5,"key":"Adrenaline Potion"},{"floor":5,"key":"Dexterity Potion"},{"floor":6,"key":"Block Potion"},{"floor":8,"key":"LiquidBronze"},{"floor":10,"key":"FairyPotion"},{"floor":14,"key":"LiquidMemories"},{"floor":18,"key":"Toxic Potion"},{"floor":19,"key":"Dexterity Potion"},{"floor":20,"key":"Ancient Potion"},{"floor":21,"key":"EssenceOfSteel"},{"floor":25,"key":"CultistPotion"},{"floor":27,"key":"Adrenaline Potion"},{"floor":30,"key":"Milkshake"},{"floor":33,"key":"Reflective Coating"},{"floor":35,"key":"Strength Potion"},{"floor":36,"key":"Block Potion"},{"floor":38,"key":"Block Potion"},{"floor":40,"key":"ColorlessPotion"},{"floor":42,"key":"Strength Potion"},{"floor":45,"key":"Explosive Potion"},{"floor":46,"key":"Fire Potion"}],"is_trial":false,"path_per_floor":["M","M","?","$","?","E","R","E","T","M","M","$","R","M","R","B",null,"M","M","M","M","?","R","AVR","M","T","E","?","R","E","$","R","B",null,"M","M","$","M","AVR","E","R","E","T","R","M","M","R","$","R","B",null,"R","$","E"],"character_chosen":"IRONCLAD","items_purchased":["Dark Embrace+1","Bludgeon+1","Sling","ReplayTheSpireMod:Private Reserves","Feel No Pain","Inflame","BloodPotion","Dropkick"],"campfire_rested":2,"item_purchase_floors":[4,12,31,31,37,48,53,53],"current_hp_per_floor":[66,66,50,50,50,44,44,38,38,46,54,54,54,45,68,48,71,52,41,51,52,39,39,39,37,37,37,25,25,29,29,37,16,32,15,21,21,29,29,35,35,35,35,35,35,33,33,33,33,26,30,30,30,0,0],"gold":27,"neow_bonus":"NOSTALGIA","is_daily":false,"chose_seed":false,"campfire_upgraded":8,"win_rate":0.0,"timestamp":1614004419,"path_taken":["M","M","?","$","?","E","R","E","T","M","M","$","R","?","R","BOSS","M","?","M","M","?","R","AVR","M","T","E","?","R","E","$","R","BOSS","M","M","$","M","AVR","E","R","E","T","R","M","?","R","$","R","BOSS","R","$","E"],"items_purchased_type":["Card","Card","Relic","Card","Card","Card","Potion","Card"],"build_version":"2020-12-22","purchased_purges":1,"victory":false,"max_hp_per_floor":[80,80,80,80,80,80,80,80,80,80,80,80,80,80,78,78,78,78,78,78,78,39,39,39,37,37,37,37,37,37,37,37,37,37,37,37,37,37,37,35,35,35,35,35,35,33,33,33,33,31,31,31,31,29,29],"card_choices":[{"not_picked":["Reckless Charge","ReplayTheSpireMod:Muscle Training"],"picked":"Fire Breathing","floor":1},{"not_picked":["Pummel","Replay:Undeath\u0027s Touch"],"picked":"Anger","floor":2},{"not_picked":["ReplayTheSpireMod:Muscle Training","Inflame"],"picked":"True Grit","floor":6},{"not_picked":["True Grit","Run Through"],"picked":"Shockwave","floor":8},{"not_picked":["Shrug It Off","Run Through"],"picked":"Defy Death","floor":10},{"not_picked":["Dark Embrace","ReplayTheSpireMod:LeadingStrike"],"picked":"infinitespire:OneForAll","floor":11},{"not_picked":["Clash","Pommel Strike"],"picked":"ReplayTheSpireMod:Corrosion Curse","floor":14},{"not_picked":["Exhume","Berserk"],"picked":"hubris:StunningStrike","floor":16},{"not_picked":["Headbutt","Replay:Undeath\u0027s Touch"],"picked":"Sentinel","floor":18},{"not_picked":["Sever Soul+1","Shrug It Off"],"picked":"Havoc+1","floor":19},{"not_picked":["Cleave+1","Shrug It Off+1"],"picked":"ReplayTheSpireMod:Strike From Hell","floor":20},{"not_picked":["hubris:ReadiedAction","Life Link+1"],"picked":"ReplayTheSpireMod:Muscle Training","floor":21},{"not_picked":["ReplayTheSpireMod:Strike From Hell","Anger"],"picked":"Heavy Blade+1","floor":25},{"not_picked":["Entrench+1","ReplayReversal+1"],"picked":"Battle Trance","floor":27},{"not_picked":["Replay:Many Hands","Heavy Blade"],"picked":"Rupture","floor":30},{"not_picked":["Barricade","Double Tap"],"picked":"Impervious","floor":33},{"not_picked":["Thunderclap","Life Link+1"],"picked":"Armaments+1","floor":35},{"not_picked":["Shockwave","Replay:Undeath\u0027s Touch"],"picked":"Thunderclap","floor":36},{"not_picked":["ReplayTheSpireMod:Strike From Hell+1","Burning Pact+1"],"picked":"Disarm+1","floor":38},{"not_picked":["Evolve+1","Heavy Blade"],"picked":"Battle Trance","floor":40},{"not_picked":["Shrug It Off","ReplayTheSpireMod:Strike From Hell"],"picked":"ReplayReversal","floor":42},{"not_picked":["Twin Strike","Feed"],"picked":"Battle Trance+1","floor":45},{"not_picked":["Whirlwind","Body Slam+1"],"picked":"ReplayTheSpireMod:Strike From Hell+1","floor":46}],"player_experience":408902,"relics_obtained":[{"floor":5,"key":"ReplayTheSpireMod:Ring of Addiction"},{"floor":5,"key":"Ring of Panic"},{"floor":5,"key":"SacredBark"},{"floor":5,"key":"White Beast Statue"},{"floor":6,"key":"Champion Belt"},{"floor":8,"key":"Snack Pack"},{"floor":26,"key":"Bottled Lightning"},{"floor":27,"key":"Vajra"},{"floor":30,"key":"infinitespire:Lucky Rock"},{"floor":40,"key":"ReplayTheSpireMod:TigerMarble"},{"floor":42,"key":"reliquary:Crutches"},{"floor":43,"key":"Red Skull"}],"event_choices":[{"damage_healed":0,"gold_gain":0,"player_choice":"Entered Light","damage_taken":16,"max_hp_gain":0,"max_hp_loss":0,"event_name":"Shining Light","floor":3,"gold_loss":0,"cards_upgraded":["Strike_R","Defend_R"]},{"damage_healed":0,"gold_gain":0,"player_choice":"Became a Ghost","damage_taken":0,"max_hp_gain":0,"max_hp_loss":39,"event_name":"Ghosts","floor":22,"gold_loss":0,"cards_obtained":["Ghostly","Ghostly","Ghostly","Ghostly","Ghostly"]},{"damage_healed":0,"gold_gain":0,"player_choice":"CARD ","damage_taken":12,"max_hp_gain":0,"max_hp_loss":0,"event_name":"Knowing Skull","floor":28,"potions_obtained":[],"gold_loss":0,"cards_obtained":["Deep Breath"]}],"is_beta":false,"boss_relics":[{"not_picked":["aspiration:RunicSpoon","reliquary:ThirdArm"],"picked":"aspiration:FutureDiary"},{"not_picked":["Runic Cube","aspiration:SilentSkillbook"],"picked":"infinitespire:Cupcake"}],"items_purged_floors":[12],"is_endless":false,"potions_floor_spawned":[6,8,10,11,14,16,18,19,20,21,25,27,30,33,35,36,38,40,42,45,46],"killed_by":"Shield and Spear","ascension_level":6}}