{"host":"qfskrnw3pl1q86j0","time":1614025856,"event":{"mods":["BaseMod","Block Reminder","Hermit","Marisa????????","Minty Spire (QoL Compilation)","Quick Restart","Random Character Button","Relic Stats","StSLib","The Poker Player","slay the spire mod where everything is the same but ironclad has a cowboy hat"],"gold_per_floor":[111,126,201,49,68,68,48,48,48,48,78,88,88,106,106,206,206,206,59,59,59,59,59],"floor_reached":22,"language":"ENG","playtime":491,"items_purged":[],"score":186,"play_id":"bad2bca6-f1a0-488e-97dd-c381c120221a","local_time":"20210222213056","is_ascension_mode":false,"campfire_choices":[{"data":"Bash","floor":6,"key":"SMITH"},{"data":"Thunderclap","floor":8,"key":"SMITH"},{"data":"Twin Strike","floor":10,"key":"SMITH"},{"data":"Pommel Strike","floor":15,"key":"SMITH"}],"circlet_count":0,"master_deck":["Strike_R","Strike_R","Strike_R","Strike_R","Strike_R","Defend_R","Defend_R","Defend_R","Defend_R","Bash+1","Limit Break","Thunderclap+1","Twin Strike+1","Pommel Strike+1","Flex"],"relics":["Burning Blood","Omamori","Bottled Lightning","Singing Bowl","Eternal Feather","Ectoplasm","Red Skull"],"acts_visited":["Exordium","TheCity"],"potions_floor_usage":[16,16,16],"damage_taken":[{"damage":1,"enemies":"2 Louse","floor":1,"turns":3},{"damage":10,"enemies":"Jaw Worm","floor":2,"turns":4},{"damage":1,"enemies":"Cultist","floor":5,"turns":3},{"damage":25,"enemies":"Exordium Thugs","floor":7,"turns":4},{"damage":26,"enemies":"3 Sentries","floor":11,"turns":6},{"damage":26,"enemies":"Gremlin Gang","floor":12,"turns":4},{"damage":12,"enemies":"Large Slime","floor":14,"turns":6},{"damage":16,"enemies":"Slime Boss","floor":16,"turns":9},{"damage":25,"enemies":"Spheric Guardian","floor":18,"turns":4},{"damage":10,"enemies":"Chosen","floor":21,"turns":3},{"damage":16,"enemies":"Shelled Parasite and Fungi","floor":22,"turns":2}],"seed_played":"-749222417381131163","potions_obtained":[{"floor":2,"key":"FearPotion"},{"floor":5,"key":"FearPotion"},{"floor":14,"key":"Block Potion"},{"floor":16,"key":"Swift Potion"},{"floor":18,"key":"BlessingOfTheForge"}],"is_trial":false,"path_per_floor":["M","M","?","$","M","R","M","R","T","R","E","M","T","M","R","B",null,"M","$","?","M","M"],"character_chosen":"IRONCLAD","items_purchased":["Omamori","Red Skull"],"campfire_rested":0,"item_purchase_floors":[4,19],"current_hp_per_floor":[80,76,65,65,70,70,51,51,51,51,33,15,15,11,17,9,88,69,69,69,67,51,51],"gold":59,"neow_bonus":"ONE_RANDOM_RARE_CARD","is_daily":false,"chose_seed":false,"campfire_upgraded":4,"win_rate":0.0,"timestamp":1614025856,"path_taken":["M","M","?","$","M","R","M","R","T","R","E","M","?","M","R","BOSS","M","$","?","M","M"],"items_purchased_type":["Relic","Relic"],"build_version":"2020-12-22","purchased_purges":0,"victory":false,"max_hp_per_floor":[80,80,80,80,80,80,80,80,80,80,82,84,84,86,86,88,88,88,88,88,90,90,90],"relic_stats":{"Singing Bowl":10,"counters":[11,48],"Eternal Feather":6,"Ectoplasm":25,"obtain_stats":[{"Singing Bowl":11,"Eternal Feather":13,"Ectoplasm":17,"Omamori":4,"Bottled Lightning":9,"Burning Blood":0,"Red Skull":19},{"Singing Bowl":5,"Eternal Feather":6,"Ectoplasm":8,"Omamori":2,"Bottled Lightning":4,"Burning Blood":0,"Red Skull":9},{"Singing Bowl":20,"Eternal Feather":24,"Ectoplasm":39,"Omamori":7,"Bottled Lightning":14,"Burning Blood":0,"Red Skull":43}],"Burning Blood":55},"card_choices":[{"not_picked":["Headbutt","Body Slam"],"picked":"Thunderclap","floor":1},{"not_picked":["Warcry","Twin Strike","Feel No Pain"],"picked":"SKIP","floor":2},{"not_picked":["Warcry","Feel No Pain"],"picked":"Twin Strike","floor":2},{"not_picked":["Dark Embrace","Twin Strike","Disarm"],"picked":"SKIP","floor":5},{"not_picked":["Burning Pact","Headbutt"],"picked":"Pommel Strike","floor":7},{"not_picked":["Headbutt","Body Slam","Cleave"],"picked":"Singing Bowl","floor":11},{"not_picked":["Thunderclap","Power Through","Battle Trance"],"picked":"Singing Bowl","floor":12},{"not_picked":["Clothesline","Body Slam","Limit Break"],"picked":"Singing Bowl","floor":14},{"not_picked":["Offering","Brutality","Juggernaut"],"picked":"Singing Bowl","floor":16},{"not_picked":["Perfected Strike+1","Armaments"],"picked":"Flex","floor":18},{"not_picked":["Clothesline","Iron Wave","Clash"],"picked":"Singing Bowl","floor":21}],"player_experience":1106991,"relics_obtained":[{"floor":9,"key":"Bottled Lightning"},{"floor":11,"key":"Singing Bowl"},{"floor":13,"key":"Eternal Feather"}],"event_choices":[{"damage_healed":0,"gold_gain":75,"player_choice":"Gather Gold","damage_taken":11,"max_hp_gain":0,"max_hp_loss":0,"event_name":"World of Goop","floor":3,"gold_loss":0}],"is_beta":false,"boss_relics":[{"not_picked":["Philosopher\u0027s Stone","Runic Dome"],"picked":"Ectoplasm"}],"items_purged_floors":[],"is_endless":false,"potions_floor_spawned":[2,5,14,16,18],"killed_by":"Shelled Parasite and Fungi","ascension_level":0}}