{"host":"uafoej811sw8via1","time":1614035187,"event":{"mods":["BaseMod","Minty Spire (QoL Compilation)","Relic Stats","StSLib"],"gold_per_floor":[114,189,204,204,204,234,234,264,264,288,343,408,432,447,447,586,586,631,715,715,940,1225,1225,1249,1264,1264,739,814,919,1039,1234,1234,1583,1583,1847,2132,2132,1482,1587,1587,1797,1357,1357,1388,1418,1418,1418,1442,1442,1442],"floor_reached":51,"language":"ENG","playtime":7864,"items_purged":["Regret","Judgement","Phantasmal Killer"],"score":1028,"play_id":"f20dcc27-8514-4899-8374-5ce702938861","local_time":"20210222180627","daily_mods":["Shiny","Diverse","Binary"],"is_ascension_mode":false,"campfire_choices":[{"data":"Brutality","floor":7,"key":"SMITH"},{"data":"Wish","floor":15,"key":"SMITH"},{"data":"Seek","floor":23,"key":"SMITH"},{"data":"Omniscience","floor":32,"key":"SMITH"},{"data":"Amplify","floor":40,"key":"SMITH"},{"data":"1","floor":47,"key":"LIFT"},{"data":"2","floor":49,"key":"LIFT"}],"circlet_count":0,"master_deck":["MasterReality","Brilliance","Devotion+1","Blasphemy","Ragnarok","LessonLearned","Scrawl+1","Vault","Alpha","Wish+1","Omniscience+1","Establishment","SpiritShield","DevaForm","DeusExMachina","Multi-Cast","Hyperbeam","Thunder Strike+1","Biased Cognition","Machine Learning","Electrodynamics","Buffer","Rainbow","Seek+1","Meteor Strike","Echo Form+1","All For One+1","Reboot","Amplify+1","Creative AI","Fission","Core Surge","Venomology","Corpse Explosion","Malaise","Die Die Die","Adrenaline","Envenom","Doppelganger","Burst","Wraith Form v2+1","Tools of the Trade","Night Terror","Unload","After Image+1","Bullet Time","Storm of Steel","Glass Knife","A Thousand Cuts","Grand Finale","Double Tap","Demon Form","Bludgeon","Feed","Limit Break","Corruption","Barricade","Fiend Fire","Berserk","Impervious","Juggernaut","Brutality+1","Reaper","Exhume","Offering+1","Immolate+1","Wireheading","Glacier","Corruption","PiercingWail+1","Hologram","Amplify","Headbutt+1","Hologram","Skim"],"relics":["Cracked Core","Singing Bowl","Bag of Preparation","CeramicFish","Pen Nib","Mummified Hand","Orichalcum","Philosopher\u0027s Stone","Bird Faced Urn","Lee\u0027s Waffle","DataDisk","Oddly Smooth Stone","Eternal Feather","Nuclear Battery","Potion Belt","Medical Kit","Boot","Girya","Toy Ornithopter","Cauldron","Ancient Tea Set","Calipers","Letter Opener"],"acts_visited":["Exordium","TheCity","TheBeyond"],"potions_floor_usage":[6,11,11,12,13,16,19,21,22,24,25,25,28,29,33,33,35,36,39,41,45,45,50,50,50,50,50,50],"damage_taken":[{"damage":0,"enemies":"2 Louse","floor":1,"turns":4},{"damage":0,"enemies":"Small Slimes","floor":3,"turns":2},{"damage":4,"enemies":"Gremlin Nob","floor":6,"turns":4},{"damage":9,"enemies":"Lagavulin","floor":8,"turns":9},{"damage":6,"enemies":"Jaw Worm","floor":10,"turns":1},{"damage":10,"enemies":"3 Sentries","floor":11,"turns":3},{"damage":4,"enemies":"2 Fungi Beasts","floor":12,"turns":2},{"damage":1,"enemies":"Gremlin Gang","floor":13,"turns":2},{"damage":0,"enemies":"Exordium Wildlife","floor":14,"turns":1},{"damage":10,"enemies":"Slime Boss","floor":16,"turns":5},{"damage":18,"enemies":"2 Thieves","floor":18,"turns":3},{"damage":8,"enemies":"Spheric Guardian","floor":19,"turns":4},{"damage":12,"enemies":"Centurion and Healer","floor":21,"turns":6},{"damage":11,"enemies":"Chosen and Byrds","floor":22,"turns":10},{"damage":43,"enemies":"Snake Plant","floor":24,"turns":3},{"damage":16,"enemies":"Shelled Parasite and Fungi","floor":25,"turns":3},{"damage":8,"enemies":"Centurion and Healer","floor":28,"turns":3},{"damage":10,"enemies":"Sentry and Sphere","floor":29,"turns":6},{"damage":14,"enemies":"Gremlin Leader","floor":30,"turns":5},{"damage":2,"enemies":"Shelled Parasite and Fungi","floor":31,"turns":3},{"damage":14,"enemies":"Automaton","floor":33,"turns":10},{"damage":9,"enemies":"3 Darklings","floor":35,"turns":4},{"damage":14,"enemies":"3 Shapes","floor":36,"turns":7},{"damage":11,"enemies":"Transient","floor":39,"turns":6},{"damage":9,"enemies":"Giant Head","floor":41,"turns":5},{"damage":25,"enemies":"2 Orb Walkers","floor":44,"turns":4},{"damage":12,"enemies":"Reptomancer","floor":45,"turns":4},{"damage":3,"enemies":"Sphere and 2 Shapes","floor":48,"turns":4},{"damage":28,"enemies":"Time Eater","floor":50,"turns":11}],"seed_played":"-9004314451342404475","potions_obtained":[{"floor":6,"key":"Dexterity Potion"},{"floor":8,"key":"Weak Potion"},{"floor":10,"key":"Swift Potion"},{"floor":11,"key":"SkillPotion"},{"floor":13,"key":"ColorlessPotion"},{"floor":14,"key":"Dexterity Potion"},{"floor":21,"key":"ColorlessPotion"},{"floor":24,"key":"Energy Potion"},{"floor":29,"key":"FocusPotion"},{"floor":42,"key":"SneckoOil"},{"floor":42,"key":"Swift Potion"},{"floor":46,"key":"Swift Potion"},{"floor":48,"key":"Swift Potion"}],"is_trial":false,"path_per_floor":["M","?","M","?","?","E","R","E","T","M","E","M","M","M","R","B",null,"M","M","?","M","M","R","M","M","T","$","M","M","E","M","R","B",null,"M","M","?","$","M","R","E","$","T","?","E","?","R","M","R","B",null],"character_chosen":"DEFECT","items_purchased":["Lee\u0027s Waffle","DataDisk","Oddly Smooth Stone","Potion Belt","Medical Kit","Boot","Energy Potion","FearPotion","Toy Ornithopter","Hologram","Cauldron"],"campfire_rested":0,"item_purchase_floors":[27,27,27,38,38,38,38,38,42,42,42],"current_hp_per_floor":[75,64,64,64,61,59,59,52,52,49,62,63,62,67,67,57,103,97,92,121,114,126,126,83,72,72,143,151,152,149,156,157,155,157,159,160,160,160,162,164,166,166,166,168,171,171,173,172,173,173],"gold":1442,"neow_bonus":"","is_daily":true,"chose_seed":false,"campfire_upgraded":5,"win_rate":0.0,"timestamp":1614035187,"path_taken":["M","?","M","?","?","E","R","E","T","M","E","M","M","?","R","BOSS","M","M","?","M","M","R","M","M","T","$","?","M","E","M","R","BOSS","M","M","?","$","M","R","E","$","T","?","E","?","R","M","R","BOSS"],"items_purchased_type":["Relic","Relic","Relic","Relic","Relic","Relic","Potion","Potion","Relic","Card","Relic"],"build_version":"2020-12-22","purchased_purges":3,"victory":true,"max_hp_per_floor":[75,75,75,75,75,77,77,79,79,82,93,98,98,103,103,103,103,108,111,121,126,131,131,131,136,136,143,151,153,155,157,157,157,157,160,162,162,162,164,164,166,166,166,168,173,173,173,173,173,173],"relic_stats":{"Lee\u0027s Waffle":71,"Singing Bowl":36,"counters":[29,134],"CeramicFish":81,"Eternal Feather":6,"Pen Nib":[15],"Bag of Preparation":[55],"Letter Opener":[30],"Orichalcum":[72],"Medical Kit":[0],"Boot":[2],"Mummified Hand":[379],"Bird Faced Urn":[131],"obtain_stats":[{"Potion Belt":38,"Girya":41,"Lee\u0027s Waffle":27,"Calipers":44,"Singing Bowl":4,"CeramicFish":6,"Oddly Smooth Stone":27,"Eternal Feather":30,"Pen Nib":8,"Bag of Preparation":5,"Letter Opener":45,"Orichalcum":11,"Medical Kit":38,"Boot":38,"Ancient Tea Set":43,"Nuclear Battery":34,"Cauldron":42,"DataDisk":27,"Mummified Hand":9,"Bird Faced Urn":26,"Philosopher\u0027s Stone":17,"Cracked Core":0,"Toy Ornithopter":42},{"Potion Belt":23,"Girya":25,"Lee\u0027s Waffle":16,"Calipers":26,"Singing Bowl":2,"CeramicFish":3,"Oddly Smooth Stone":16,"Eternal Feather":19,"Pen Nib":4,"Bag of Preparation":2,"Letter Opener":27,"Orichalcum":6,"Medical Kit":23,"Boot":23,"Ancient Tea Set":25,"Nuclear Battery":21,"Cauldron":25,"DataDisk":16,"Mummified Hand":4,"Bird Faced Urn":16,"Philosopher\u0027s Stone":10,"Cracked Core":0,"Toy Ornithopter":25},{"Potion Belt":100,"Girya":111,"Lee\u0027s Waffle":62,"Calipers":115,"Singing Bowl":6,"CeramicFish":10,"Oddly Smooth Stone":62,"Eternal Feather":76,"Pen Nib":19,"Bag of Preparation":6,"Letter Opener":119,"Orichalcum":23,"Medical Kit":100,"Boot":100,"Ancient Tea Set":111,"Nuclear Battery":89,"Cauldron":111,"DataDisk":62,"Mummified Hand":19,"Bird Faced Urn":62,"Philosopher\u0027s Stone":33,"Cracked Core":0,"Toy Ornithopter":111}],"Toy Ornithopter":3},"card_choices":[{"not_picked":["Underhanded Strike","Backflip"],"picked":"SKIP","floor":1},{"not_picked":["Masterful Stab","Pommel Strike"],"picked":"SKIP","floor":3},{"not_picked":["Poisoned Stab","Entrench"],"picked":"Singing Bowl","floor":6},{"not_picked":["Escape Plan","Flechettes"],"picked":"Singing Bowl","floor":8},{"not_picked":["Crippling Poison"],"picked":"Wireheading","floor":10},{"not_picked":["ForeignInfluence","Go for the Eyes"],"picked":"Singing Bowl","floor":11},{"not_picked":["Iron Wave","Redo"],"picked":"Singing Bowl","floor":12},{"not_picked":["FlyingSleeves"],"picked":"Glacier","floor":13},{"not_picked":["Underhanded Strike","Consecrate"],"picked":"Singing Bowl","floor":14},{"not_picked":["Alpha"],"picked":"Corruption","floor":16},{"not_picked":["Crescendo","ReachHeaven+1"],"picked":"Singing Bowl","floor":18},{"not_picked":["Havoc"],"picked":"PiercingWail+1","floor":19},{"not_picked":["Streamline","Study"],"picked":"Singing Bowl","floor":21},{"not_picked":["Bane","PiercingWail"],"picked":"Singing Bowl","floor":22},{"not_picked":["FlyingSleeves+1"],"picked":"Hologram","floor":24},{"not_picked":["Headbutt","Finisher"],"picked":"Singing Bowl","floor":25},{"not_picked":["Leap","EmptyBody"],"picked":"Singing Bowl","floor":28},{"not_picked":["Brutality","Flex"],"picked":"Singing Bowl","floor":29},{"not_picked":["Cloak And Dagger+1","Auto Shields"],"picked":"Singing Bowl","floor":30},{"not_picked":["JustLucky","Weave"],"picked":"Singing Bowl","floor":31},{"not_picked":["Bludgeon"],"picked":"Amplify","floor":33},{"not_picked":["Conclude"],"picked":"Headbutt+1","floor":35},{"not_picked":["Sentinel+1","Accuracy"],"picked":"Singing Bowl","floor":36},{"not_picked":["Twin Strike+1","Compile Driver+1"],"picked":"Singing Bowl","floor":39},{"not_picked":["Steam","JustLucky+1"],"picked":"Singing Bowl","floor":41},{"not_picked":["Headbutt","EmptyFist+1"],"picked":"Singing Bowl","floor":44},{"not_picked":["FollowUp","Distraction"],"picked":"Singing Bowl","floor":45},{"not_picked":["EmptyBody"],"picked":"Skim","floor":48}],"player_experience":1086794,"relics_obtained":[{"floor":6,"key":"CeramicFish"},{"floor":8,"key":"Pen Nib"},{"floor":9,"key":"Mummified Hand"},{"floor":11,"key":"Orichalcum"},{"floor":26,"key":"Bird Faced Urn"},{"floor":30,"key":"Eternal Feather"},{"floor":41,"key":"Girya"},{"floor":43,"key":"Ancient Tea Set"},{"floor":44,"key":"Calipers"},{"floor":45,"key":"Letter Opener"}],"event_choices":[{"damage_healed":0,"gold_gain":75,"player_choice":"Gather Gold","damage_taken":11,"max_hp_gain":0,"max_hp_loss":0,"event_name":"World of Goop","floor":2,"gold_loss":0},{"damage_healed":0,"gold_gain":0,"player_choice":"Box","damage_taken":0,"relics_obtained":["Singing Bowl"],"max_hp_gain":0,"max_hp_loss":0,"event_name":"Big Fish","floor":4,"gold_loss":0,"cards_obtained":["Regret"]},{"damage_healed":0,"gold_gain":0,"player_choice":"Success","damage_taken":3,"relics_obtained":["Bag of Preparation"],"max_hp_gain":0,"max_hp_loss":0,"event_name":"Scrap Ooze","floor":5,"gold_loss":0},{"cards_removed":["ConjureBlade"],"damage_healed":19,"gold_gain":0,"player_choice":"Offered Rare","damage_taken":0,"max_hp_gain":10,"max_hp_loss":0,"event_name":"Bonfire Elementals","floor":20,"gold_loss":0},{"damage_healed":0,"gold_gain":0,"player_choice":"Ignored","damage_taken":0,"max_hp_gain":0,"max_hp_loss":0,"event_name":"Tomb of Lord Red Mask","floor":37,"gold_loss":0},{"damage_healed":0,"gold_gain":0,"player_choice":"Fight","damage_taken":0,"max_hp_gain":0,"max_hp_loss":0,"event_name":"Mysterious Sphere","floor":44,"gold_loss":0},{"damage_healed":0,"gold_gain":0,"player_choice":"Got Potions","damage_taken":0,"max_hp_gain":0,"max_hp_loss":0,"event_name":"Lab","floor":46,"gold_loss":0}],"is_beta":false,"boss_relics":[{"not_picked":["Velvet Choker","SacredBark"],"picked":"Philosopher\u0027s Stone"},{"not_picked":["Sozu","Busted Crown"],"picked":"Nuclear Battery"}],"items_purged_floors":[27,38,42],"is_endless":false,"potions_floor_spawned":[6,8,10,11,13,14,21,24,29,30,33,35,41,48],"ascension_level":0}}