{"host":"1y3caoxlf2txzqg0","time":1614000600,"event":{"mods":["Alarm Clock","BaseMod","Colored Map","DeckTracker","Downfall","GifTheSpireLib","Minty Spire (QoL Compilation)","Rare Cards Sparkle","Relic Stats","Spire Birthday Party","StSLib"],"gold_per_floor":[99,99,115,131,151,181,231,31,16,16,31,49,49,149,162,263,263,263,283,283,299,399,399,399,417,110,10,10,10,41,54,80,80,80,80],"floor_reached":33,"language":"DEU","playtime":5942,"items_purged":[],"score":317,"play_id":"a3c3acca-ff5b-40d9-b02a-2517679c9bad","local_time":"20210222143000","is_ascension_mode":false,"campfire_choices":[{"floor":1.0,"key":"RECALL"},{"floor":8.0,"key":"REST"},{"data":"hexamod:GhostflameBarrier","floor":10.0,"key":"SMITH"},{"data":"hexamod:NightmareGuise","floor":13.0,"key":"SMITH"},{"data":"hexamod:HexaLevel","floor":18.0,"key":"SMITH"},{"data":"hexamod:ThermalTransfer","floor":23.0,"key":"SMITH"},{"data":"hexamod:ParanormalForm","floor":27.0,"key":"SMITH"},{"data":"hexamod:SpectersWail","floor":29.0,"key":"SMITH"}],"circlet_count":0,"master_deck":["hexamod:Strike","hexamod:Strike","hexamod:Strike","hexamod:Strike","hexamod:Defend","hexamod:Defend","hexamod:Sear+1","hexamod:Float","hexamod:SwordOfDarkness","hexamod:ThirdSeal","hexamod:DynamicBlow","hexamod:FastForward","hexamod:FirstSeal","hexamod:PhantomFireball","hexamod:ThermalTransfer+1","hexamod:GhostflameBarrier+1","hexamod:Firestarter","hexamod:StepThrough","hexamod:NightmareGuise+1","hexamod:AdvancingGuard+1","hexamod:BacktrackSmack","hexamod:SpectersWail+1","hexamod:HexaLevel+1","hexamod:FifthSeal","hexamod:AdvancingGuard","Pain","hexamod:Incineration+1","hexamod:FourthSeal","hexamod:EmpoweredFlame","Pride","hexamod:HauntingEcho+1","hexamod:SixthSeal","hexamod:HauntingEcho","hexamod:Incineration+1","hexamod:ParanormalForm+1","hexamod:EmpoweredFlame+1","hexamod:HeatCrush","hexamod:SearingWound","hexamod:SecondSeal","hexamod:AdvancingGuard+1","hexamod:TimeWarp","hexamod:FourthSeal","hexamod:RadiantFlame"],"relics":["hexamod:SpiritBrand","Toy Ornithopter","PreservedInsect","downfall:HeartBlessingGreen","downfall:HeartBlessingRed","bronze:MakeshiftBattery","WarpedTongs","Strange Spoon","downfall:HeartBlessingBlue","Pocketwatch"],"acts_visited":["Exordium","TheCity"],"potions_floor_usage":[],"damage_taken":[{"damage":6.0,"enemies":"Jaw Worm","floor":3.0,"turns":3.0},{"damage":0.0,"enemies":"Cultist","floor":4.0,"turns":4.0},{"damage":0.0,"enemies":"2 Louse","floor":5.0,"turns":3.0},{"damage":37.0,"enemies":"Gremlin Nob","floor":6.0,"turns":5.0},{"damage":0.0,"enemies":"downfall:FleeingMerchant","floor":9.0,"turns":4.0},{"damage":0.0,"enemies":"Large Slime","floor":11.0,"turns":2.0},{"damage":0.0,"enemies":"Lots of Slimes","floor":12.0,"turns":4.0},{"damage":1.0,"enemies":"3 Louse","floor":15.0,"turns":4.0},{"damage":44.0,"enemies":"IC_STATUS_ARCHETYPE","floor":16.0,"turns":10.0},{"damage":9.0,"enemies":"downfall:LooterAlt2","floor":19.0,"turns":3.0},{"damage":7.0,"enemies":"Spheric Guardian","floor":21.0,"turns":6.0},{"damage":7.0,"enemies":"Snake Plant","floor":25.0,"turns":5.0},{"damage":9.0,"enemies":"downfall:FleeingMerchant","floor":26.0,"turns":4.0},{"damage":7.0,"enemies":"Book of Stabbing","floor":30.0,"turns":3.0},{"damage":44.0,"enemies":"Sentry and Sphere","floor":31.0,"turns":7.0},{"damage":25.0,"enemies":"Centurion and Healer","floor":32.0,"turns":6.0},{"damage":47,"enemies":"SI_MIRROR_ARCHETYPE","floor":33,"turns":8}],"seed_played":"325877719635080787","potions_obtained":[{"floor":3.0,"key":"DistilledChaos"},{"floor":5.0,"key":"DistilledChaos"},{"floor":12.0,"key":"PowerPotion"},{"floor":16.0,"key":"Dexterity Potion"},{"floor":25.0,"key":"sneckomod:MuddlingPotion"},{"floor":26.0,"key":"hexamod:SoulburnPotion"},{"floor":30.0,"key":"BlessingOfTheForge"},{"floor":31.0,"key":"hexamod:SoulburnPotion"},{"floor":31.0,"key":"LiquidBronze"},{"floor":32.0,"key":"Fire Potion"}],"is_trial":false,"path_per_floor":["R","?","M","M","M","E","T","R","$","R","M","M","R","?","M","B",null,"R","M","?","M","?","R","T","M","$","R","?","R","E","M","M","B"],"character_chosen":"THE_SPIRIT","items_purchased":["Strange Spoon","hexamod:ParanormalForm"],"campfire_rested":1,"item_purchase_floors":[26,26],"current_hp_per_floor":[77,77,71,71,71,34,34,57,64,64,69,76,76,76,77,40,77,77,75,75,75,75,75,75,77,75,85,85,85,80,53,45,0,0,0],"gold":80,"neow_bonus":"TEN_PERCENT_HP_BONUS","is_daily":false,"chose_seed":false,"campfire_upgraded":6,"win_rate":0.0,"timestamp":1614000600,"path_taken":["R","?","M","M","M","E","T","R","?","R","M","M","R","?","M","BOSS","R","M","?","?","?","R","T","M","$","R","?","R","E","M","M","BOSS"],"items_purchased_type":["Relic","Card"],"build_version":"2020-12-22","purchased_purges":0,"victory":false,"max_hp_per_floor":[77,77,77,77,77,77,77,77,77,77,77,77,77,77,77,77,77,77,77,77,77,77,77,77,77,77,87,87,87,87,87,87,87,87,87],"relic_stats":{"Strange Spoon":[1],"counters":[17,81],"PreservedInsect":141,"obtain_stats":[{"Strange Spoon":26,"downfall:HeartBlessingRed":8,"downfall:HeartBlessingBlue":27,"downfall:HeartBlessingGreen":8,"PreservedInsect":7,"hexamod:SpiritBrand":0,"Toy Ornithopter":6,"bronze:MakeshiftBattery":17,"WarpedTongs":20,"Pocketwatch":30},{"Strange Spoon":13,"downfall:HeartBlessingRed":4,"downfall:HeartBlessingBlue":13,"downfall:HeartBlessingGreen":4,"PreservedInsect":4,"hexamod:SpiritBrand":0,"Toy Ornithopter":4,"bronze:MakeshiftBattery":9,"WarpedTongs":10,"Pocketwatch":14},{"Strange Spoon":57,"downfall:HeartBlessingRed":15,"downfall:HeartBlessingBlue":57,"downfall:HeartBlessingGreen":15,"PreservedInsect":15,"hexamod:SpiritBrand":0,"Toy Ornithopter":15,"bronze:MakeshiftBattery":39,"WarpedTongs":42,"Pocketwatch":60}],"Toy Ornithopter":29,"WarpedTongs":[37],"Pocketwatch":[21]},"card_choices":[{"not_picked":["hexamod:PhantomCloak","hexamod:Hexaguard"],"picked":"hexamod:SwordOfDarkness","floor":3.0},{"not_picked":["hexamod:FastForward","hexamod:SwordOfDarkness"],"picked":"hexamod:ThirdSeal","floor":4.0},{"not_picked":["hexamod:Hexaguard","hexamod:GhostLash"],"picked":"hexamod:DynamicBlow","floor":5.0},{"not_picked":["hexamod:GhostflameBarrier","hexamod:ThermalTransfer"],"picked":"hexamod:FastForward","floor":5.0},{"not_picked":["hexamod:GhostShield","hexamod:GhostflameInferno"],"picked":"hexamod:FirstSeal","floor":6.0},{"not_picked":["hexamod:NightmareStrike","hexamod:Again"],"picked":"hexamod:PhantomFireball","floor":6.0},{"not_picked":["hexamod:HauntingEcho","hexamod:SpectralAdrenaline"],"picked":"hexamod:ThermalTransfer","floor":9.0},{"not_picked":["hexamod:FastForward","hexamod:ThermalTransfer"],"picked":"hexamod:GhostflameBarrier","floor":9.0},{"not_picked":["hexamod:BacktrackSmack","hexamod:GhostLash"],"picked":"hexamod:Firestarter","floor":11.0},{"not_picked":["hexamod:RainOfEmbers","hexamod:EtherealExpedition"],"picked":"hexamod:StepThrough","floor":11.0},{"not_picked":["hexamod:InspiringFlames","hexamod:Firestarter"],"picked":"hexamod:NightmareGuise","floor":12.0},{"not_picked":["hexamod:RecurringNightmare","hexamod:RainOfEmbers"],"picked":"hexamod:AdvancingGuard","floor":12.0},{"not_picked":["hexamod:ThirdSeal","hexamod:Hexaguard"],"picked":"hexamod:BacktrackSmack","floor":15.0},{"not_picked":["hexamod:ShieldOfDarkness","hexamod:UnleashSpirits"],"picked":"hexamod:SpectersWail","floor":15.0},{"not_picked":["hexamod:UnlimitedPower","hexamod:TimeOfNeed"],"picked":"hexamod:HexaLevel","floor":16.0},{"not_picked":["hexamod:SearingWound","hexamod:WildfireWeapon"],"picked":"hexamod:FifthSeal","floor":16.0},{"not_picked":["hexamod:EtherealExpedition","hexamod:FastForward"],"picked":"hexamod:AdvancingGuard","floor":19.0},{"not_picked":["hexamod:InspiringFlames+1","hexamod:HauntingEcho"],"picked":"hexamod:Incineration+1","floor":21.0},{"not_picked":["hexamod:SecondSeal","hexamod:ThirdSeal"],"picked":"hexamod:FourthSeal","floor":21.0},{"not_picked":["hexamod:BurningTouch","hexamod:AdvancingGuard"],"picked":"hexamod:EmpoweredFlame","floor":21.0},{"not_picked":["hexamod:AdvancingGuard","hexamod:BacktrackSmack+1"],"picked":"hexamod:HauntingEcho+1","floor":25.0},{"not_picked":["hexamod:FourthSeal","hexamod:SecondSeal"],"picked":"hexamod:SixthSeal","floor":26.0},{"not_picked":["hexamod:RetreatToShadows","hexamod:FastForward"],"picked":"hexamod:HauntingEcho","floor":26.0},{"not_picked":["hexamod:GhostLash","hexamod:ThirdSeal"],"picked":"hexamod:Incineration+1","floor":26.0},{"not_picked":["hexamod:Hexaguard","hexamod:RainOfEmbers"],"picked":"hexamod:SearingWound","floor":30.0},{"not_picked":["hexamod:FourthSeal","hexamod:FirstSeal"],"picked":"hexamod:SecondSeal","floor":31.0},{"not_picked":["hexamod:SpectersWail","hexamod:HeatMetal"],"picked":"hexamod:AdvancingGuard+1","floor":31.0},{"not_picked":["hexamod:FirstSeal","hexamod:NightmareStrike"],"picked":"hexamod:TimeWarp","floor":31.0},{"not_picked":["hexamod:SixthSeal","hexamod:FirstSeal"],"picked":"hexamod:FourthSeal","floor":32.0},{"not_picked":["hexamod:HeatMetal","hexamod:ThirdSeal"],"picked":"hexamod:RadiantFlame","floor":32.0},{"not_picked":["hexamod:Firestarter","hexamod:BacktrackSmack","hexamod:SkipABeat"],"picked":"SKIP","floor":32.0}],"player_experience":1040843,"relics_obtained":[{"floor":6.0,"key":"Toy Ornithopter"},{"floor":7.0,"key":"PreservedInsect"},{"floor":30.0,"key":"Pocketwatch"}],"event_choices":[{"damage_healed":0.0,"max_hp_gain":0.0,"max_hp_loss":0.0,"gold_gain":0.0,"event_name":"Accursed Blacksmith","player_choice":"Rummage","floor":20.0,"gold_loss":0.0,"damage_taken":0.0,"relics_obtained":["WarpedTongs"],"cards_obtained":["Pain"]},{"damage_healed":0.0,"max_hp_gain":0.0,"max_hp_loss":0.0,"gold_gain":0.0,"cards_transformed":["hexamod:Defend","hexamod:Defend"],"event_name":"Drug Dealer","player_choice":"Became Test Subject","floor":28.0,"gold_loss":0.0,"damage_taken":0.0,"cards_obtained":["hexamod:EmpoweredFlame","hexamod:HeatCrush"]}],"is_beta":false,"boss_relics":[{"not_picked":["Snecko Eye","hexamod:UnbrokenSoul"],"picked":"bronze:MakeshiftBattery"}],"items_purged_floors":[],"is_endless":false,"potions_floor_spawned":[3,5,12,16,30,31,32],"killed_by":"SI_MIRROR_ARCHETYPE","ascension_level":0}}