{"host":"baiuyraednrljtmn","time":1614004621,"event":{"mods":["BaseMod","Colored Map","Colored Powertips","DeckTracker","Keyboard Shortcuts","Minty Spire (QoL Compilation)","Relic Stats","StSLib","SuperFastMode","everything is the same but u backflip on backflip"],"gold_per_floor":[362,362,362,202,202,202,234,244,323,349,424,438,464,477,477,551,551,568,106,106,106,124,149,149,175,201,215,215,227,252,264,264,343,343,358,358,383,383,383,383,408,408,408,418,437,455,484,61,61,61,61,61],"floor_reached":51,"language":"KOR","playtime":13005,"items_purged":["Strike_R","Strike_R"],"score":1617,"play_id":"83ebd1e5-f7ac-49fd-a652-203bdbb2868f","local_time":"20210222233701","is_ascension_mode":true,"campfire_choices":[{"data":"Perfected Strike","floor":6,"key":"SMITH"},{"data":"Perfected Strike","floor":15,"key":"SMITH"},{"data":"Perfected Strike","floor":28,"key":"SMITH"},{"data":"Fire Breathing","floor":32,"key":"SMITH"},{"floor":40,"key":"REST"},{"floor":42,"key":"REST"},{"floor":49,"key":"REST"}],"circlet_count":0,"master_deck":["AscendersBane","Strike_R","Strike_R+1","Strike_R+1","Defend_R","Defend_R","Defend_R","Bash","Perfected Strike+1","Shrug It Off","Perfected Strike+1","Perfected Strike+1","Twin Strike+1","Perfected Strike+1","Fire Breathing+1","Wild Strike","Apotheosis","Perfected Strike+1","Pommel Strike","Clothesline","Twin Strike","Perfected Strike+1","Wild Strike+1","Offering","Twin Strike+1","Master of Strategy","Twin Strike","Perfected Strike+1","Battle Trance"],"relics":["Burning Blood","Bottled Flame","InkBottle","StrikeDummy","Red Skull","Snecko Eye","DollysMirror","Omamori","Whetstone","Art of War","Strawberry","Fusion Hammer","Thread and Needle","Meat on the Bone","Bottled Tornado","TungstenRod","Medical Kit","Boot"],"acts_visited":["Exordium","TheCity","TheBeyond"],"potions_floor_usage":[27,33,33,33,51],"damage_taken":[{"damage":10,"enemies":"Small Slimes","floor":1,"turns":4},{"damage":8,"enemies":"Gremlin Nob","floor":7,"turns":3},{"damage":4,"enemies":"Jaw Worm","floor":8,"turns":2},{"damage":14,"enemies":"3 Sentries","floor":10,"turns":6},{"damage":7,"enemies":"2 Louse","floor":12,"turns":2},{"damage":0,"enemies":"2 Fungi Beasts","floor":14,"turns":2},{"damage":0,"enemies":"Slime Boss","floor":16,"turns":5},{"damage":0,"enemies":"Chosen","floor":18,"turns":3},{"damage":0,"enemies":"Shell Parasite","floor":22,"turns":1},{"damage":18,"enemies":"Gremlin Leader","floor":23,"turns":3},{"damage":13,"enemies":"Book of Stabbing","floor":25,"turns":3},{"damage":15,"enemies":"Centurion and Healer","floor":27,"turns":5},{"damage":6,"enemies":"3 Cultists","floor":29,"turns":3},{"damage":18,"enemies":"Gremlin Leader","floor":30,"turns":3},{"damage":0,"enemies":"Snecko","floor":31,"turns":2},{"damage":26,"enemies":"Collector","floor":33,"turns":5},{"damage":14,"enemies":"3 Shapes","floor":35,"turns":1},{"damage":17,"enemies":"Mind Bloom Boss Battle","floor":37,"turns":3},{"damage":10,"enemies":"Giant Head","floor":41,"turns":3},{"damage":18,"enemies":"Orb Walker","floor":44,"turns":2},{"damage":13,"enemies":"3 Darklings","floor":45,"turns":4},{"damage":4,"enemies":"Writhing Mass","floor":46,"turns":2},{"damage":26,"enemies":"Nemesis","floor":47,"turns":3},{"damage":41,"enemies":"Donu and Deca","floor":50,"turns":4},{"damage":74,"enemies":"Awakened One","floor":51,"turns":5}],"seed_played":"-3944433678720343840","potions_obtained":[{"floor":1,"key":"SneckoOil"},{"floor":8,"key":"BloodPotion"},{"floor":16,"key":"Energy Potion"},{"floor":27,"key":"EntropicBrew"},{"floor":33,"key":"ElixirPotion"}],"is_trial":false,"path_per_floor":["M","?","?","$","?","R","E","M","T","E","?","M","T","M","R","B",null,"M","$","?","?","M","E","?","E","T","M","R","M","E","M","R","B",null,"M","?","?","?","?","R","E","R","T","M","M","M","E","$","R","B","B"],"character_chosen":"IRONCLAD","items_purchased":["Shrug It Off","Perfected Strike","Apotheosis","DollysMirror","Battle Trance","Medical Kit","Boot"],"campfire_rested":3,"item_purchase_floors":[4,4,19,19,48,48,48],"current_hp_per_floor":[64,69,69,69,45,45,43,45,45,37,26,25,25,31,31,37,69,75,75,75,75,80,68,68,61,61,68,68,68,63,69,69,49,78,70,70,59,59,49,73,69,83,83,71,64,66,58,58,82,59,0,0],"gold":61,"neow_bonus":"TWO_FIFTY_GOLD","is_daily":false,"chose_seed":false,"campfire_upgraded":4,"win_rate":0.0,"timestamp":1614004621,"path_taken":["M","?","?","$","?","R","E","M","T","E","?","M","?","M","R","BOSS","M","$","?","?","?","E","?","E","T","M","R","M","E","M","R","BOSS","M","?","?","?","?","R","E","R","T","M","?","M","E","$","R","BOSS","BOSS"],"items_purchased_type":["Card","Card","Card","Relic","Card","Relic","Relic"],"build_version":"2020-12-22","purchased_purges":2,"victory":false,"max_hp_per_floor":[75,80,80,80,80,80,80,80,80,80,80,80,80,80,80,80,80,80,80,80,80,80,80,80,80,80,80,80,80,87,87,87,87,87,87,87,87,83,83,83,83,83,83,83,83,83,83,83,83,83,83,83],"relic_stats":{"counters":[25,79],"Snecko Eye":[103,125,103,104],"Art of War":[0],"Whetstone":["Strike_R","Twin Strike"],"Medical Kit":[3],"Boot":[0],"obtain_stats":[{"Thread and Needle":37,"Omamori":23,"Whetstone":25,"Bottled Tornado":43,"Medical Kit":48,"Boot":48,"Burning Blood":0,"Bottled Flame":7,"DollysMirror":19,"Strawberry":30,"Snecko Eye":17,"Fusion Hammer":34,"Art of War":26,"StrikeDummy":10,"InkBottle":9,"Red Skull":13,"TungstenRod":47,"Meat on the Bone":41},{"Thread and Needle":18,"Omamori":10,"Whetstone":11,"Bottled Tornado":19,"Medical Kit":23,"Boot":23,"Burning Blood":0,"Bottled Flame":2,"DollysMirror":8,"Strawberry":14,"Snecko Eye":7,"Fusion Hammer":16,"Art of War":11,"StrikeDummy":4,"InkBottle":3,"Red Skull":5,"TungstenRod":23,"Meat on the Bone":19},{"Thread and Needle":56,"Omamori":31,"Whetstone":34,"Bottled Tornado":59,"Medical Kit":70,"Boot":70,"Burning Blood":0,"Bottled Flame":7,"DollysMirror":27,"Strawberry":45,"Snecko Eye":24,"Fusion Hammer":52,"Art of War":34,"StrikeDummy":15,"InkBottle":9,"Red Skull":17,"TungstenRod":70,"Meat on the Bone":59}],"Burning Blood":143,"InkBottle":[18],"TungstenRod":10,"Meat on the Bone":24},"card_choices":[{"not_picked":["Twin Strike","Heavy Blade"],"picked":"Perfected Strike","floor":1},{"not_picked":["Havoc","Wild Strike"],"picked":"Perfected Strike","floor":7},{"not_picked":["Shrug It Off","True Grit"],"picked":"Twin Strike","floor":8},{"not_picked":["Anger","Rupture","Bloodletting"],"picked":"SKIP","floor":10},{"not_picked":["Clash","Sever Soul"],"picked":"Perfected Strike","floor":12},{"not_picked":["Heavy Blade","Metallicize"],"picked":"Fire Breathing","floor":14},{"not_picked":["Dark Embrace","Metallicize"],"picked":"Wild Strike","floor":18},{"not_picked":["Rupture","Anger"],"picked":"Pommel Strike","floor":22},{"not_picked":["Heavy Blade","Burning Pact+1"],"picked":"Clothesline","floor":23},{"not_picked":["Rupture","Fire Breathing","Hemokinesis"],"picked":"SKIP","floor":25},{"not_picked":["Combust","Iron Wave"],"picked":"Twin Strike","floor":27},{"not_picked":["Twin Strike","Flex"],"picked":"Perfected Strike+1","floor":29},{"not_picked":["Clothesline","Inflame","Sentinel"],"picked":"SKIP","floor":30},{"not_picked":["Infernal Blade","True Grit"],"picked":"Wild Strike+1","floor":31},{"not_picked":["Feed","Berserk"],"picked":"Offering","floor":33},{"not_picked":["Ghostly Armor","Sword Boomerang","Body Slam+1"],"picked":"SKIP","floor":35},{"not_picked":["Anger","Warcry"],"picked":"Twin Strike+1","floor":37},{"not_picked":["Swift Strike","Apotheosis"],"picked":"Master of Strategy","floor":39},{"not_picked":["Thunderclap","Disarm","Warcry"],"picked":"SKIP","floor":41},{"not_picked":["Combust+1","Wild Strike"],"picked":"Twin Strike","floor":44},{"not_picked":["True Grit","Combust"],"picked":"Perfected Strike+1","floor":45},{"not_picked":["Inflame","Thunderclap","Sever Soul"],"picked":"SKIP","floor":46},{"not_picked":["Feel No Pain","Inflame","Body Slam"],"picked":"SKIP","floor":47},{"not_picked":["Feel No Pain","Inflame","Body Slam"],"picked":"SKIP","floor":47}],"player_experience":1459050,"relics_obtained":[{"floor":7,"key":"Bottled Flame"},{"floor":9,"key":"InkBottle"},{"floor":10,"key":"StrikeDummy"},{"floor":13,"key":"Red Skull"},{"floor":23,"key":"Omamori"},{"floor":25,"key":"Whetstone"},{"floor":26,"key":"Art of War"},{"floor":30,"key":"Strawberry"},{"floor":37,"key":"Thread and Needle"},{"floor":41,"key":"Meat on the Bone"},{"floor":43,"key":"Bottled Tornado"},{"floor":47,"key":"TungstenRod"}],"event_choices":[{"damage_healed":0,"gold_gain":0,"player_choice":"Donut","damage_taken":0,"max_hp_gain":5,"max_hp_loss":0,"event_name":"Big Fish","floor":2,"gold_loss":0},{"cards_removed":["Doubt"],"damage_healed":0,"gold_gain":0,"player_choice":"Forget","damage_taken":0,"max_hp_gain":0,"max_hp_loss":0,"event_name":"Living Wall","floor":3,"gold_loss":0},{"damage_healed":0,"gold_gain":0,"player_choice":"Entered Light","damage_taken":24,"max_hp_gain":0,"max_hp_loss":0,"event_name":"Shining Light","floor":5,"gold_loss":0,"cards_upgraded":["Strike_R","Perfected Strike"]},{"damage_healed":0,"gold_gain":75,"player_choice":"Gather Gold","damage_taken":11,"max_hp_gain":0,"max_hp_loss":0,"event_name":"World of Goop","floor":11,"gold_loss":0},{"damage_healed":0,"gold_gain":0,"player_choice":"Ignored","damage_taken":0,"max_hp_gain":0,"max_hp_loss":0,"event_name":"The Mausoleum","floor":20,"gold_loss":0},{"cards_removed":["Defend_R"],"damage_healed":0,"gold_gain":0,"player_choice":"Offered Basic","damage_taken":0,"max_hp_gain":0,"max_hp_loss":0,"event_name":"Bonfire Elementals","floor":21,"gold_loss":0},{"damage_healed":0,"gold_gain":0,"player_choice":"Ignored","damage_taken":0,"max_hp_gain":0,"max_hp_loss":0,"event_name":"Vampires","floor":24,"gold_loss":0},{"damage_healed":0,"gold_gain":0,"player_choice":"Ignored","damage_taken":0,"max_hp_gain":0,"max_hp_loss":0,"event_name":"Tomb of Lord Red Mask","floor":36,"gold_loss":0},{"damage_healed":0,"gold_gain":0,"player_choice":"Fight","damage_taken":0,"max_hp_gain":0,"max_hp_loss":0,"event_name":"MindBloom","floor":37,"gold_loss":0},{"damage_healed":0,"gold_gain":0,"player_choice":"Max HP","damage_taken":0,"max_hp_gain":0,"max_hp_loss":4,"event_name":"Winding Halls","floor":38,"gold_loss":0},{"damage_healed":0,"gold_gain":0,"player_choice":"Memory 3","damage_taken":10,"max_hp_gain":0,"max_hp_loss":0,"event_name":"SensoryStone","floor":39,"gold_loss":0}],"is_beta":false,"boss_relics":[{"not_picked":["Calling Bell","Tiny House"],"picked":"Snecko Eye"},{"not_picked":["Velvet Choker","Empty Cage"],"picked":"Fusion Hammer"}],"items_purged_floors":[4,19],"is_endless":false,"potions_floor_spawned":[1,8,14,16,22,25,27,33,44,46,47],"killed_by":"Awakened One","ascension_level":20}}