{"host":"8tgyo6jwzgmjsiz5","time":1614030296,"event":{"mods":["AchievementEnabler","BaseMod","Best Route Mod","Highlight Path","Minty Spire (QoL Compilation)","Permanent Neow","Quick Restart","StSLib","SuperFastMode"],"gold_per_floor":[118,118,98,118,136,136,146,180,180,180,191,216,45,58,58,137,137,152,152,152,170,180,180,180,180,206,128,153,153,153,153,153,153,153],"floor_reached":33,"language":"ENG","playtime":1414,"items_purged":[],"score":487,"play_id":"eb80ecee-ae9c-4b43-b6d2-818745cd87d4","local_time":"20210222184456","is_ascension_mode":true,"campfire_choices":[{"data":"Hyperbeam","floor":6.0,"key":"SMITH"},{"data":"Hologram","floor":10.0,"key":"SMITH"},{"data":"Dualcast","floor":15.0,"key":"SMITH"},{"data":"Hologram","floor":23,"key":"SMITH"},{"data":"Defend_B","floor":25,"key":"SMITH"},{"data":"FTL","floor":29,"key":"SMITH"},{"data":"Core Surge","floor":32,"key":"SMITH"}],"circlet_count":0,"master_deck":["AscendersBane","Strike_B+1","Strike_B+1","Strike_B+1","Defend_B+1","Defend_B+1","Defend_B+1","Defend_B+1","Zap+1","Dualcast+1","Hyperbeam+1","Sweeping Beam","Hologram+1","Rebound","Hologram+1","Capacitor","Core Surge+1","Writhe","Auto Shields+1","FTL+1"],"relics":["Cracked Core","War Paint","Ancient Tea Set","Kunai","Regal Pillow","Coffee Dripper","Blood Vial","Anchor","Red Mask","Meat on the Bone"],"acts_visited":["Exordium","TheCity"],"potions_floor_usage":[33],"damage_taken":[{"damage":0.0,"enemies":"2 Louse","floor":1.0,"turns":1.0},{"damage":0.0,"enemies":"Small Slimes","floor":4.0,"turns":2.0},{"damage":0.0,"enemies":"Cultist","floor":5.0,"turns":3.0},{"damage":8.0,"enemies":"Blue Slaver","floor":7.0,"turns":3.0},{"damage":9.0,"enemies":"Gremlin Nob","floor":8.0,"turns":4.0},{"damage":0.0,"enemies":"Looter","floor":11.0,"turns":2.0},{"damage":0.0,"enemies":"3 Sentries","floor":12.0,"turns":2.0},{"damage":0.0,"enemies":"2 Fungi Beasts","floor":14.0,"turns":2.0},{"damage":36.0,"enemies":"Slime Boss","floor":16.0,"turns":7.0},{"damage":9,"enemies":"2 Thieves","floor":18,"turns":2},{"damage":6,"enemies":"3 Byrds","floor":21,"turns":3},{"damage":29,"enemies":"Snake Plant","floor":22,"turns":4},{"damage":10,"enemies":"Masked Bandits","floor":28,"turns":3},{"damage":41,"enemies":"Champ","floor":33,"turns":12}],"seed_played":"6402052574865390371","potions_obtained":[{"floor":1.0,"key":"Ancient Potion"},{"floor":3.0,"key":"Regen Potion"},{"floor":5.0,"key":"PowerPotion"},{"floor":12.0,"key":"Weak Potion"},{"floor":18,"key":"GamblersBrew"},{"floor":21,"key":"AttackPotion"},{"floor":28,"key":"FairyPotion"}],"is_trial":false,"path_per_floor":["M","?","?","M","M","R","M","E","T","R","M","E","$","M","R","B",null,"M","$","?","M","M","R","$","R","T","$","?","R","?","T","R","B"],"character_chosen":"DEFECT","items_purchased":["Hologram","Regal Pillow","FTL"],"campfire_rested":0,"item_purchase_floors":[13,13,27],"current_hp_per_floor":[64,57,57,57,57,57,49,40,40,40,40,40,40,40,40,19,58,49,49,49,45,18,18,18,18,18,18,10,10,10,10,10,0,0],"gold":153,"neow_bonus":"ONE_RANDOM_RARE_CARD","is_daily":false,"chose_seed":false,"campfire_upgraded":7,"win_rate":0.0,"timestamp":1614030296,"path_taken":["M","?","?","M","M","R","M","E","T","R","M","E","$","?","R","BOSS","M","$","?","M","M","R","$","R","T","$","?","R","?","?","R","BOSS"],"items_purchased_type":["Card","Relic","Card"],"build_version":"2020-12-22","purchased_purges":0,"victory":false,"max_hp_per_floor":[71,71,71,71,71,71,71,71,71,71,71,71,71,71,71,71,71,71,71,71,71,71,71,71,71,71,71,71,71,71,71,71,71,71],"card_choices":[{"not_picked":["Reinforced Body","Sweeping Beam","Compile Driver"],"picked":"SKIP","floor":1.0},{"not_picked":["Reinforced Body","Compile Driver"],"picked":"Sweeping Beam","floor":1.0},{"not_picked":["Double Energy","Leap","Streamline"],"picked":"SKIP","floor":4.0},{"not_picked":["Tempest","Fission","Leap"],"picked":"SKIP","floor":5.0},{"not_picked":["Compile Driver","Leap","Redo"],"picked":"SKIP","floor":7.0},{"not_picked":["Blizzard","Stack"],"picked":"Hologram","floor":8.0},{"not_picked":["Redo","Sweeping Beam","Hello World"],"picked":"SKIP","floor":11.0},{"not_picked":["Turbo","Cold Snap"],"picked":"Rebound","floor":12.0},{"not_picked":["Turbo","Cold Snap"],"picked":"Capacitor","floor":14.0},{"not_picked":["Buffer","Echo Form"],"picked":"Core Surge","floor":16.0},{"not_picked":["Coolheaded","Compile Driver","Double Energy"],"picked":"SKIP","floor":18},{"not_picked":["Ball Lightning","Compile Driver","Coolheaded"],"picked":"SKIP","floor":21},{"not_picked":["Storm","Force Field"],"picked":"Auto Shields+1","floor":22}],"player_experience":2025147,"relics_obtained":[{"floor":8.0,"key":"War Paint"},{"floor":9.0,"key":"Ancient Tea Set"},{"floor":12.0,"key":"Kunai"},{"floor":26,"key":"Anchor"},{"floor":28,"key":"Red Mask"},{"floor":31,"key":"Meat on the Bone"}],"event_choices":[{"cards_removed":["Strike_B"],"damage_healed":0.0,"max_hp_gain":0.0,"max_hp_loss":0.0,"gold_gain":0.0,"event_name":"Golden Wing","player_choice":"Card Removal","floor":2.0,"gold_loss":0.0,"damage_taken":7.0},{"damage_healed":0.0,"max_hp_gain":0.0,"max_hp_loss":0.0,"gold_gain":0.0,"event_name":"The Woman in Blue","player_choice":"Bought 1 Potion","floor":3.0,"gold_loss":0.0,"damage_taken":0.0},{"damage_healed":0,"gold_gain":0,"player_choice":"Opened","damage_taken":0,"relics_obtained":["Blood Vial"],"max_hp_gain":0,"max_hp_loss":0,"event_name":"The Mausoleum","floor":20,"gold_loss":0,"cards_obtained":["Writhe"]},{"damage_healed":0,"gold_gain":0,"player_choice":"Fought Bandits","damage_taken":0,"max_hp_gain":0,"max_hp_loss":0,"event_name":"Masked Bandits","floor":28,"gold_loss":0},{"damage_healed":0,"gold_gain":0,"player_choice":"Simplicity","damage_taken":0,"max_hp_gain":0,"max_hp_loss":0,"event_name":"Back to Basics","floor":30,"gold_loss":0,"cards_upgraded":["Strike_B","Strike_B","Strike_B","Defend_B","Defend_B"]}],"is_beta":false,"boss_relics":[{"not_picked":["Runic Dome","Astrolabe"],"picked":"Coffee Dripper"}],"items_purged_floors":[],"is_endless":false,"potions_floor_spawned":[1,5,12,18,21,28],"killed_by":"Champ","ascension_level":15}}