{"host":"q57ekfojy3i00x9o","time":1614001314,"event":{"mods":["Act Like it!","Arknights","Aspiration","BaseMod","Colored Map","Energized Spire","Hermit","Minty Spire (QoL Compilation)","Quick Restart","Ruina","Spicy Shops","Spikes Relics","StSLib","slay the spire mod where everything is the same but ironclad has a cowboy hat"],"gold_per_floor":[113,113,78,153,125,154,168,168,191,156,181,343,355,384,396,408,408],"floor_reached":16,"language":"RUS","playtime":226,"items_purged":[],"score":249,"play_id":"6100a45f-a92a-4ceb-9422-d0d2bb5e2e91","local_time":"20210222184154","is_ascension_mode":true,"campfire_choices":[{"data":"ats:Powerful Strike","floor":8,"key":"SMITH"},{"data":"ats:Apocalypse","floor":15,"key":"SMITH"}],"circlet_count":0,"master_deck":["AscendersBane","ats:Strike C","ats:Strike G","ats:Strike S","ats:Strike V","ats:Armor Crushing Shot","ats:Defend","ats:Defend","ats:Defend","ats:Defend","ats:Emotion Absorption","ats:Poison Spread","ats:Poison Spread","ats:Flexible Camouflage","ats:Sword Rain","ats:Powerful Strike+1","ats:Apocalypse+1","Shame","ats:Consecutive Shot Auto"],"relics":["ats:Sanity","NeowsBlessing","ats:Originium","Gambling Chip","Dream Catcher","MawBank"],"acts_visited":["Exordium"],"potions_floor_usage":[11],"damage_taken":[{"damage":0,"enemies":"Cultist","floor":1,"turns":1},{"damage":0,"enemies":"3 Sentries","floor":6,"turns":2},{"damage":0,"enemies":"2 Louse","floor":7,"turns":1},{"damage":8,"enemies":"Gremlin Nob","floor":11,"turns":3},{"damage":0,"enemies":"Small Slimes","floor":14,"turns":2},{"damage":72,"enemies":"Hexaghost","floor":16,"turns":9}],"seed_played":"-7261556519961064837","potions_obtained":[{"floor":7,"key":"ats:Burn Small Potion"}],"is_trial":false,"path_per_floor":["M","?","$","?","$","E","M","R","T","?","E","?","?","M","R","B"],"character_chosen":"DOCTOR_CLASS","items_purchased":["ats:Poison Spread","ats:Flexible Camouflage"],"campfire_rested":0,"item_purchase_floors":[3,5],"current_hp_per_floor":[65,65,65,54,54,54,54,54,54,72,64,64,64,64,64,0,0],"gold":408,"neow_bonus":"THREE_ENEMY_KILL","is_daily":false,"chose_seed":false,"campfire_upgraded":2,"win_rate":0.0,"timestamp":1614001314,"path_taken":["M","?","$","?","$","E","M","R","T","?","E","?","?","M","R","BOSS"],"items_purchased_type":["Card","Card"],"build_version":"2020-12-22","purchased_purges":0,"victory":false,"max_hp_per_floor":[72,72,72,72,72,72,72,72,72,72,72,72,72,72,72,72,72],"card_choices":[{"not_picked":["ats:Very Hot Blade","ats:Demon Strength"],"picked":"ats:Poison Spread","floor":1},{"not_picked":["ats:Shell Defense","ats:Curse Doll"],"picked":"ats:Sword Rain","floor":6},{"not_picked":["ats:Sunburst","ats:Steam Pump"],"picked":"ats:Powerful Strike","floor":7},{"not_picked":["ats:Automatic Cover","ats:Absolute Focus"],"picked":"ats:Apocalypse","floor":11},{"not_picked":["ats:Leaping Hammer","ats:Explosion Area Strengthen"],"picked":"ats:Consecutive Shot Auto","floor":14}],"player_experience":786758,"relics_obtained":[{"floor":6,"key":"ats:Originium"},{"floor":6,"key":"Gambling Chip"},{"floor":9,"key":"Dream Catcher"},{"floor":11,"key":"ats:Originium"},{"floor":11,"key":"MawBank"}],"event_choices":[{"damage_healed":0,"gold_gain":0,"player_choice":"Ignored","damage_taken":0,"max_hp_gain":0,"max_hp_loss":0,"event_name":"Golden Wing","floor":2,"gold_loss":0},{"damage_healed":0,"gold_gain":75,"player_choice":"Gather Gold","damage_taken":11,"max_hp_gain":0,"max_hp_loss":0,"event_name":"World of Goop","floor":4,"gold_loss":0},{"damage_healed":18,"gold_gain":0,"player_choice":"Healed","damage_taken":0,"max_hp_gain":0,"max_hp_loss":0,"event_name":"The Cleric","floor":10,"gold_loss":35},{"damage_healed":0,"gold_gain":150,"player_choice":"AGREE","damage_taken":0,"max_hp_gain":0,"max_hp_loss":0,"event_name":"Liars Game","floor":12,"gold_loss":0,"cards_obtained":["Doubt"]},{"damage_healed":0,"gold_gain":0,"cards_transformed":["Doubt"],"player_choice":"Transformed","damage_taken":0,"max_hp_gain":0,"max_hp_loss":0,"event_name":"Transmorgrifier","floor":13,"gold_loss":0,"cards_obtained":["Shame"]}],"is_beta":false,"boss_relics":[],"items_purged_floors":[],"is_endless":false,"potions_floor_spawned":[7],"killed_by":"Hexaghost","ascension_level":18}}