{"host":"kmd7yw11mgzs6kox","time":1614012051,"event":{"mods":["100% Spire Juice","ATMod(阿瑾Mod)","Act Like it!","Arknights","BaseMod","Decade(王小明)","Downfall","GungeonMod","Hallownest","Lobotomy","LobotomyExtend","Marisa（F雨　魔理沙）","Minty Spire (QoL Compilation)","Reliquary","Remilia（蕾米莉亚）","Replay The Spire","Shop Mod","StSLib","The Bladedancer","The Bug Knight","The Marked","The Poker Player","The Servant 0.9.4","TheWitcher","Waifu the Spire","WarShipGirlsR/战舰少女R mod","Warlord Emblem","Yakumo Yukari mod","Youmu（魂魄妖梦）","Yuri Mod","【遗物卡牌】REMEMod"],"gold_per_floor":[99,119,119,135,150,178,178,178,178,203,3,0,14,30,48,149,149,149,168,168,123,123,135,160,160,189,204,204,532,532,532],"floor_reached":30,"language":"ZHS","playtime":2692,"items_purged":[],"score":303,"play_id":"25826739-5764-474c-8cfe-a269e93c5c3f","local_time":"20210223004051","is_ascension_mode":false,"campfire_choices":[{"floor":1.0,"key":"RECALL"},{"data":"ats:Emotion Absorption","floor":11.0,"key":"SMITH"},{"data":"downfall:Malfunctioning","floor":18.0,"key":"PURGE"},{"data":"ats:Blood Oath","floor":25,"key":"SMITH"}],"circlet_count":0,"master_deck":["ats:Strike C","ats:Strike G","ats:Strike S","ats:Strike V","ats:Armor Crushing Shot","ats:Defend+1","ats:Defend+1","ats:Defend+1","ats:Defend","ats:Emotion Absorption+1","AT_FamilyPortrait","ats:Guard Mode","ats:Thermite Blade","ats:Healing Strengthening","ats:Support Order","ats:Rat Pack","ats:Consecutive Shot Auto","ats:Powerful Strike","ats:Counter Healing Mode","ats:True Silver Slash","ats:Shell Defense","Hallownest:curseDreamersLament","ats:Blood Oath+1","ats:Ambush","ats:Healing Drone","ats:Disruption Kick"],"relics":["ats:Sanity","AT_ATBox","REME_ComplimentaryCards","LetterFromLob","ats:Originium","reliquary:Vitrine","downfall:BrokenWingStatue","DemoMod:WhiteGuonStone","downfall:HeartBlessingRed","downfall:HeartBlessingBlue","ats:Tactical Delivery","Hallownest:WatcherSealRelic","Omamori","Blood Vial","ReplayTheSpireMod:Ring of Addiction","Chameleon Ring","Toy Ornithopter","Ring of Searing","Old Coin","DemoMod:GlassGuonStoneRelic"],"acts_visited":["Exordium","Exordium"],"potions_floor_usage":[26,27,27,29],"damage_taken":[{"damage":4.0,"enemies":"ats:Genji","floor":2.0,"turns":5.0},{"damage":0.0,"enemies":"2 Louse","floor":4.0,"turns":4.0},{"damage":0.0,"enemies":"Jaw Worm","floor":5.0,"turns":4.0},{"damage":11.0,"enemies":"Lagavulin","floor":6.0,"turns":7.0},{"damage":14.0,"enemies":"Replay:BlueRogue","floor":10.0,"turns":6.0},{"damage":8.0,"enemies":"downfall:FleeingMerchant","floor":12.0,"turns":5.0},{"damage":0.0,"enemies":"2 Fungi Beasts","floor":13.0,"turns":2.0},{"damage":0.0,"enemies":"downfall:LooterAlt","floor":14.0,"turns":3.0},{"damage":5.0,"enemies":"Large Slime","floor":15.0,"turns":4.0},{"damage":56.0,"enemies":"WA_ARCHETYPE_RETAIN","floor":16.0,"turns":8.0},{"damage":31.0,"enemies":"Hallownest:3_Youths","floor":19.0,"turns":9.0},{"damage":21,"enemies":"Hallownest:Guard_and_Sentry","floor":23,"turns":6},{"damage":8,"enemies":"Hallownest:eliteSoulWarrior","floor":26,"turns":11},{"damage":30,"enemies":"Hallownest:Master_and_Novice","floor":27,"turns":6},{"damage":13,"enemies":"Hallownest:Nosk","floor":29,"turns":9}],"seed_played":"8730064231575003420","potions_obtained":[{"floor":5.0,"key":"Regen Potion"},{"floor":6.0,"key":"SteroidPotion"},{"floor":15.0,"key":"ColorlessPotion"},{"floor":16.0,"key":"Explosive Potion"},{"floor":28,"key":"ColorlessPotion"},{"floor":28,"key":"ats:Burn Small Potion"},{"floor":28,"key":"SpeedPotion"}],"is_trial":false,"path_per_floor":["R","M","?","M","M","E","T","?","?","E","R","$","M","M","M","B",null,"R","M","?","?","?","M","T","R","E","M","?","E","?"],"character_chosen":"DOCTOR_CLASS","items_purchased":[],"campfire_rested":0,"item_purchase_floors":[],"current_hp_per_floor":[79,75,79,79,79,68,68,68,68,54,64,56,56,56,62,6,89,89,58,58,58,72,58,58,58,69,52,52,70,70,70],"gold":532,"neow_bonus":"TEN_PERCENT_HP_BONUS","is_daily":false,"chose_seed":false,"campfire_upgraded":2,"win_rate":0.0,"timestamp":1614012051,"path_taken":["R","M","?","M","M","E","T","?","?","E","R","$","M","M","M","BOSS","R","M","?","?","?","M","T","R","E","?","?","E","?"],"items_purchased_type":[],"build_version":"2020-12-22","purchased_purges":0,"victory":false,"max_hp_per_floor":[79,79,79,79,79,79,79,79,79,79,89,89,89,89,89,89,89,89,89,89,89,89,89,89,89,89,89,89,89,89,89],"card_choices":[{"not_picked":["ats:Flexible Camouflage","ats:Apocalypse","ats:Flame Of Heaven"],"picked":"ats:Guard Mode","floor":2.0},{"not_picked":["ats:Beaten Up","ats:Explosion Area Strengthen"],"picked":"ats:Overload","floor":4.0},{"not_picked":["ats:Powerful Strike","ats:Sashimi Platter"],"picked":"ats:Thermite Blade","floor":5.0},{"not_picked":["ats:Steam Pump","ats:Thorns"],"picked":"ats:Healing Strengthening","floor":6.0},{"not_picked":["ats:Thorns","ats:Sword Rain"],"picked":"ats:Support Order","floor":10.0},{"not_picked":["ats:Assault Order","ats:Shadow Raid"],"picked":"ats:Rat Pack","floor":12.0},{"not_picked":["ats:Revitalization","ats:Hook Shot"],"picked":"ats:Consecutive Shot Auto","floor":13.0},{"not_picked":["ats:Ignite","ats:Explosion Area Strengthen"],"picked":"ats:Powerful Strike","floor":14.0},{"not_picked":["ats:Magnetic Hammer","ats:Cat Scratch"],"picked":"ats:Counter Healing Mode","floor":15.0},{"not_picked":["ats:Wolf Pack","ats:Shadow Assault"],"picked":"ats:True Silver Slash","floor":16.0},{"not_picked":["ats:Flexible Camouflage","ats:Closed Bolt Burst Fire"],"picked":"ats:Shell Defense","floor":19.0},{"not_picked":["ats:Closed Bolt Burst Fire","ats:Poison Spread"],"picked":"ats:Blood Oath","floor":23},{"not_picked":["ats:Cat Scratch","ats:Shell Defense"],"picked":"ats:Ambush","floor":26},{"not_picked":["ats:Closed Bolt Burst Fire","ats:Hammer On"],"picked":"ats:Healing Drone","floor":27},{"not_picked":["ats:Guard Mode","ats:Assault Order"],"picked":"ats:Disruption Kick","floor":29}],"player_experience":97540,"relics_obtained":[{"floor":2.0,"key":"LetterFromLob"},{"floor":6.0,"key":"ats:Originium"},{"floor":6.0,"key":"reliquary:Vitrine"},{"floor":10.0,"key":"ats:Originium"},{"floor":10.0,"key":"DemoMod:WhiteGuonStone"},{"floor":24,"key":"Omamori"},{"floor":26,"key":"Blood Vial"},{"floor":28,"key":"ReplayTheSpireMod:Ring of Addiction"},{"floor":28,"key":"Chameleon Ring"},{"floor":28,"key":"Toy Ornithopter"},{"floor":28,"key":"Ring of Searing"},{"floor":29,"key":"Old Coin"}],"event_choices":[],"is_beta":false,"boss_relics":[{"not_picked":["Astrolabe","Kintsugi"],"picked":"ats:Tactical Delivery"}],"items_purged_floors":[],"is_endless":false,"potions_floor_spawned":[5,6,15,16,23],"ascension_level":0}}