{"host":"hemqwg9ve6welna9","time":1614012199,"event":{"mods":["2.2 Compatiblity","AchievementEnabler","Act Like it!","BaseMod","Beaked The Cultist","Bestiary","Better Match","Better Note","Better Third Choice","BetterRewards","Conspire","Curses Come First","Dio Mod","Downfall","Gremlin Mod","Hermit","Highlight Path","Hubris","Melee Mod","Minty Spire (QoL Compilation)","Permanent Neow","Potionbrewer","Quick Restart","Rare Cards Sparkle","Relic Stats","Reliquary","Robot Space Explorer","Ruina","SOS???????","Shop Mod","StSLib","SuperFastMode","Td1madao Mod","The Bug Knight","The Cursed","The Disciple","The Forsaken","The Hierophant","The Jungle","The Marked","The Runesmith","The Senshi","The Servant 0.9.4","The Wild Card","TheBandit","TheVacant","UnlockEverythingMod","everything is the same but u backflip on backflip"],"gold_per_floor":[109,121,21,36,36,36,36],"floor_reached":6,"language":"ENG","playtime":611,"items_purged":[],"score":36,"play_id":"bb6b5460-50d7-422f-9c21-f815095b45d5","local_time":"20210222104319","is_ascension_mode":false,"campfire_choices":[],"circlet_count":0,"master_deck":["Apotheosis","hierophant:Strike_Hierophant","hierophant:Strike_Hierophant","hierophant:Strike_Hierophant","hierophant:Strike_Hierophant","hierophant:Punish","hierophant:Defend_Hierophant","hierophant:Defend_Hierophant","hierophant:Defend_Hierophant","hierophant:Defend_Hierophant","hierophant:ChurchCoffers","hierophant:DisplayOfPower","hierophant:HammerAndAnvil","hierophant:Sermon","hierophant:PassingBell","hierophant:FaithHealing","Ghostly","hierophant:Zeal"],"relics":["hierophant:PropheticMaskRelic","Eternal Feather","Art of War","Chemical X","potionbrewer:AlchemistFlask"],"acts_visited":["Exordium"],"potions_floor_usage":[6,6,6],"damage_taken":[{"damage":9.0,"enemies":"Cultist","floor":1.0,"turns":4.0},{"damage":1.0,"enemies":"conspire:RoseBush","floor":2.0,"turns":4.0},{"damage":3.0,"enemies":"Small Slimes","floor":4.0,"turns":4.0},{"damage":7,"enemies":"Gremlin Nob","floor":6,"turns":3}],"seed_played":"836793726297651484","potions_obtained":[{"floor":1.0,"key":"potionbrewer:SplittingPotion"}],"is_trial":false,"path_per_floor":["M","M","?","M","$","E"],"character_chosen":"HIEROPHANT","items_purchased":["Eternal Feather","Art of War","Chemical X","hierophant:DisplayOfPower","hierophant:Sermon"],"campfire_rested":0,"item_purchase_floors":[0,0,0,0,0],"current_hp_per_floor":[31,30,30,27,27,20,20],"gold":36,"neow_bonus":"","is_daily":false,"chose_seed":false,"campfire_upgraded":0,"win_rate":0.0,"timestamp":1614012199,"path_taken":["M","?","?","M","$","E"],"items_purchased_type":["Relic","Relic","Relic","Card","Card"],"build_version":"2020-12-22","purchased_purges":0,"victory":false,"max_hp_per_floor":[75,75,75,75,75,75,75],"relic_stats":{"counters":[129,606],"Eternal Feather":87,"Art of War":[2],"Chemical X":[1],"obtain_stats":[{"Ice Cream":4,"Gremlin Horn":26,"potionbrewer:AlchemistFlask":6,"Vajra":0,"theSenshi:FeatherClipsRelic":23,"reliquary:QuartzCube":31,"Old Coin":27,"Blood Vial":26,"conspire:GlowingRock":6,"conspire:DecoderRing":26,"Prayer Wheel":0,"reliquary:FingerTrap":0,"hubris:TinFlute":9,"MerchantsRug":45,"conspire:TreasureMap":28,"Pear":25,"hubris:DuctTape":27,"reliquary:Sideboard":8,"potionbrewer:MortarAndPestle":17,"Eternal Feather":24,"reliquary:TatteredRug":6,"potionbrewer:BhaskarasWheel":34,"reliquary:WeakTea":9,"potionbrewer:ToyAutogyro":44,"Akabeko":24,"WarpedTongs":22,"potionbrewer:Torch":0,"SlaversCollar":17,"Pandora\u0027s Box":17,"Molten Egg 2":9,"hubris:TenFootPole":2,"conspire:BottledYoYo":17,"reliquary:BrokenClock":45,"Unceasing Top":21,"Lantern":53,"reliquary:SilkGlove":22,"reliquary:Boomerang":23,"reliquary:Aerogel":12,"hierophant:PropheticMaskRelic":0,"Bag of Preparation":25,"Incense Burner":17,"hubris:SlimyHat":54,"hubris:RunicObelisk":17,"PrismaticShard":5,"conspire:TopHat":3,"conspire:InfiniteJournal":17,"Frozen Eye":18,"Nunchaku":17,"Dream Catcher":9,"reliquary:HotPoker":45,"hubris:Icosahedron":7,"reliquary:NewFriend":2,"Tiny Chest":9,"WingedGreaves":6,"Red Mask":19,"Chemical X":0,"hubris:GlazedTorus":0,"Potion Belt":8,"Runesmith:Nanobots":12,"Lee\u0027s Waffle":0,"Golden Idol":7,"Lsj Skin":14,"hubris:Towel":9,"White Beast Statue":12,"Calling Bell":17,"Strange Spoon":53,"CaptainsWheel":7,"reliquary:RedPaperclip":17,"hubris:Spice":14,"betterThird:SlimedRelic":12,"Orrery":38,"hubris:BundleOfHerbs":7,"reliquary:Stiletto":0,"Bag of Marbles":0,"Art of War":6,"Apod":0,"Bottled Lightning":10,"Membership Card":0,"potionbrewer:BottledElixir":53,"conspire:DeflatedDodgeball":45,"potionbrewer:SlideRule":31,"hubris:OldNail":11},{"Ice Cream":101,"Gremlin Horn":20,"potionbrewer:AlchemistFlask":4,"Vajra":47,"theSenshi:FeatherClipsRelic":46,"reliquary:QuartzCube":114,"Old Coin":111,"Blood Vial":32,"conspire:GlowingRock":51,"conspire:DecoderRing":82,"Prayer Wheel":70,"reliquary:FingerTrap":63,"hubris:TinFlute":89,"MerchantsRug":120,"conspire:TreasureMap":21,"Pear":97,"hubris:DuctTape":21,"reliquary:Sideboard":74,"potionbrewer:MortarAndPestle":107,"Eternal Feather":110,"reliquary:TatteredRug":66,"potionbrewer:BhaskarasWheel":115,"reliquary:WeakTea":8,"potionbrewer:ToyAutogyro":120,"Akabeko":20,"WarpedTongs":80,"potionbrewer:Torch":22,"SlaversCollar":77,"Pandora\u0027s Box":17,"Molten Egg 2":26,"hubris:TenFootPole":6,"conspire:BottledYoYo":28,"reliquary:BrokenClock":120,"Unceasing Top":80,"Lantern":123,"reliquary:SilkGlove":45,"reliquary:Boomerang":81,"reliquary:Aerogel":15,"hierophant:PropheticMaskRelic":0,"Bag of Preparation":97,"Incense Burner":107,"hubris:SlimyHat":124,"hubris:RunicObelisk":43,"PrismaticShard":65,"conspire:TopHat":12,"conspire:InfiniteJournal":28,"Frozen Eye":17,"Nunchaku":28,"Dream Catcher":39,"reliquary:HotPoker":120,"hubris:Icosahedron":38,"reliquary:NewFriend":54,"Tiny Chest":66,"WingedGreaves":38,"Red Mask":79,"Chemical X":125,"hubris:GlazedTorus":70,"Potion Belt":8,"Runesmith:Nanobots":40,"Lee\u0027s Waffle":70,"Golden Idol":7,"Lsj Skin":68,"hubris:Towel":4,"White Beast Statue":104,"Calling Bell":28,"Strange Spoon":123,"CaptainsWheel":74,"reliquary:RedPaperclip":60,"hubris:Spice":16,"betterThird:SlimedRelic":27,"Orrery":118,"hubris:BundleOfHerbs":4,"reliquary:Stiletto":35,"Bag of Marbles":0,"Art of War":88,"Apod":0,"Bottled Lightning":8,"Membership Card":84,"potionbrewer:BottledElixir":123,"conspire:DeflatedDodgeball":120,"potionbrewer:SlideRule":34,"hubris:OldNail":14},{"Ice Cream":475,"Gremlin Horn":105,"potionbrewer:AlchemistFlask":21,"Vajra":227,"theSenshi:FeatherClipsRelic":225,"reliquary:QuartzCube":535,"Old Coin":525,"Blood Vial":169,"conspire:GlowingRock":244,"conspire:DecoderRing":378,"Prayer Wheel":324,"reliquary:FingerTrap":294,"hubris:TinFlute":407,"MerchantsRug":565,"conspire:TreasureMap":111,"Pear":455,"hubris:DuctTape":111,"reliquary:Sideboard":335,"potionbrewer:MortarAndPestle":506,"Eternal Feather":521,"reliquary:TatteredRug":303,"potionbrewer:BhaskarasWheel":543,"reliquary:WeakTea":40,"potionbrewer:ToyAutogyro":565,"Akabeko":105,"WarpedTongs":368,"potionbrewer:Torch":112,"SlaversCollar":352,"Pandora\u0027s Box":89,"Molten Egg 2":125,"hubris:TenFootPole":28,"conspire:BottledYoYo":137,"reliquary:BrokenClock":565,"Unceasing Top":368,"Lantern":581,"reliquary:SilkGlove":220,"reliquary:Boomerang":372,"reliquary:Aerogel":75,"hierophant:PropheticMaskRelic":0,"Bag of Preparation":455,"Incense Burner":506,"hubris:SlimyHat":586,"hubris:RunicObelisk":214,"PrismaticShard":300,"conspire:TopHat":59,"conspire:InfiniteJournal":137,"Frozen Eye":89,"Nunchaku":137,"Dream Catcher":200,"reliquary:HotPoker":565,"hubris:Icosahedron":197,"reliquary:NewFriend":254,"Tiny Chest":303,"WingedGreaves":197,"Red Mask":363,"Chemical X":591,"hubris:GlazedTorus":324,"Potion Belt":40,"Runesmith:Nanobots":204,"Lee\u0027s Waffle":324,"Golden Idol":32,"Lsj Skin":315,"hubris:Towel":21,"White Beast Statue":491,"Calling Bell":137,"Strange Spoon":581,"CaptainsWheel":335,"reliquary:RedPaperclip":276,"hubris:Spice":81,"betterThird:SlimedRelic":128,"Orrery":555,"hubris:BundleOfHerbs":21,"reliquary:Stiletto":183,"Bag of Marbles":0,"Art of War":400,"Apod":0,"Bottled Lightning":40,"Membership Card":383,"potionbrewer:BottledElixir":581,"conspire:DeflatedDodgeball":565,"potionbrewer:SlideRule":177,"hubris:OldNail":70}]},"card_choices":[{"not_picked":["hierophant:Upheaval","hierophant:ThreeLashes"],"picked":"hierophant:PassingBell","floor":1.0},{"not_picked":["hierophant:Charity","hierophant:RustyCrate"],"picked":"hierophant:FaithHealing","floor":2.0},{"not_picked":["hierophant:ThreeLashes","hierophant:Smite"],"picked":"hierophant:Zeal","floor":4.0}],"player_experience":43180,"relics_obtained":[],"event_choices":[{"damage_healed":0.0,"max_hp_gain":0.0,"max_hp_loss":0.0,"gold_gain":0.0,"event_name":"conspire:LoneGhost","player_choice":"Argue","floor":3.0,"gold_loss":0.0,"damage_taken":0.0}],"is_beta":false,"boss_relics":[],"items_purged_floors":[],"is_endless":false,"potions_floor_spawned":[1],"killed_by":"Gremlin Nob","ascension_level":0}}