{"host":"ormi09wwzv7sq47a","time":1614014776,"event":{"mods":["2.2 Compatiblity","AchievementEnabler","Act Like it!","BaseMod","Bestiary","Better Altar","Better Note","Better Sensory Stone","Better Silent Start","Better Skull","Better Third Choice","Better Vampires","BetterRewards","Block Reminder","Card Forge","Colored Map","Colored Powertips","Curses Come First","DeckTracker","Downfall","Highlight Path","Minty Spire (QoL Compilation)","Permanent Neow","Quick Restart","Rare Cards Sparkle","Relic Stats","Shop Mod","StSLib","The Jungle"],"gold_per_floor":[115,215,233,29,43,43,43,43,43],"floor_reached":7,"language":"ENG","playtime":522,"items_purged":["champ:Strike"],"score":57,"play_id":"6084ca32-34ea-44b5-afb4-5af5f061eec7","local_time":"20210222142616","is_ascension_mode":true,"campfire_choices":[{"data":"Apotheosis","floor":6,"key":"SMITH"}],"circlet_count":0,"master_deck":["champ:Strike","champ:Strike","champ:Strike","champ:Defend","champ:Defend","champ:Defend","champ:Defend","champ:Execute","champ:Taunt","champ:CrownThrow","champ:AdrenalArmor","champ:PerfectedStrike","Apotheosis+1","champ:DeathBlow","champ:Lariat"],"relics":["champ:ChampionCrown","Hammer of Thor","Seething Fire","Anvil of the Gods","CaptainsWheel","Centennial Puzzle","Ornamental Fan","Sling","CloakClasp"],"acts_visited":["Exordium"],"potions_floor_usage":[2,2,7,7],"damage_taken":[{"damage":2,"enemies":"2 Louse","floor":1,"turns":3},{"damage":34,"enemies":"2 Louse","floor":2,"turns":9},{"damage":20,"enemies":"Jaw Worm","floor":3,"turns":5},{"damage":2,"enemies":"Small Slimes","floor":5,"turns":3},{"damage":32,"enemies":"3 Sentries","floor":7,"turns":2}],"seed_played":"-6796051248444570049","potions_obtained":[{"floor":1,"key":"PowerPotion"},{"floor":2,"key":"Explosive Potion"},{"floor":5,"key":"Explosive Potion"}],"is_trial":false,"path_per_floor":["M","?","M","$","M","R","E"],"character_chosen":"THE_CHAMP","items_purchased":["Centennial Puzzle","Ornamental Fan","Sling","EssenceOfSteel","Apotheosis","champ:DeathBlow"],"campfire_rested":0,"item_purchase_floors":[0,0,0,0,4,4],"current_hp_per_floor":[38,34,34,34,32,32,0,0,0],"gold":43,"neow_bonus":"","is_daily":false,"chose_seed":false,"campfire_upgraded":1,"win_rate":0.0,"timestamp":1614014776,"path_taken":["M","?","M","$","M","R","E"],"items_purchased_type":["Relic","Relic","Relic","Potion","Card","Card"],"build_version":"2020-12-22","purchased_purges":1,"victory":false,"max_hp_per_floor":[90,90,90,90,90,90,90,90,90],"relic_stats":{"Centennial Puzzle":[15],"counters":[5,22],"Ornamental Fan":[4],"CloakClasp":[23],"obtain_stats":[{"CaptainsWheel":0,"Centennial Puzzle":0,"Anvil of the Gods":0,"Ornamental Fan":0,"champ:ChampionCrown":0,"Hammer of Thor":0,"CloakClasp":2,"Seething Fire":0,"Sling":0},{"CaptainsWheel":0,"Centennial Puzzle":0,"Anvil of the Gods":0,"Ornamental Fan":0,"champ:ChampionCrown":0,"Hammer of Thor":0,"CloakClasp":2,"Seething Fire":0,"Sling":0},{"CaptainsWheel":0,"Centennial Puzzle":0,"Anvil of the Gods":0,"Ornamental Fan":0,"champ:ChampionCrown":0,"Hammer of Thor":0,"CloakClasp":12,"Seething Fire":0,"Sling":0}]},"card_choices":[{"not_picked":["champ:Shatter","champ:CalledShot"],"picked":"champ:CrownThrow","floor":1},{"not_picked":["champ:SkillfulDodge","champ:TornadoPunch"],"picked":"champ:AdrenalArmor","floor":2},{"not_picked":["champ:EndlessRage","champ:BringItOn"],"picked":"champ:PerfectedStrike","floor":3},{"not_picked":["champ:ShieldSlam","champ:Circumvent"],"picked":"champ:Lariat","floor":5}],"player_experience":1146935,"relics_obtained":[{"floor":2,"key":"CloakClasp"}],"event_choices":[],"is_beta":false,"boss_relics":[],"items_purged_floors":[0],"is_endless":false,"potions_floor_spawned":[1,2,5],"killed_by":"3 Sentries","ascension_level":8}}