{"host":"as7albp2mcgkylj3","time":1614002424,"event":{"mods":["2.2 Compatiblity","AchievementEnabler","BaseMod","Colored Map","DeckTracker","Googly Eyes","Highlight Path","Minty Spire (QoL Compilation)","StSLib","SuperFastMode"],"gold_per_floor":[116,216,235,253,269,279,279,296,296,296,296,296,296,309,309,408,408,418,343,363,383,383,383],"floor_reached":22,"language":"ITA","playtime":496,"items_purged":["Strike_P"],"score":180,"play_id":"6ea6cfa9-ff27-4dca-8f33-1dff94245c56","local_time":"20210222150024","is_ascension_mode":false,"campfire_choices":[{"data":"PathToVictory","floor":7,"key":"SMITH"},{"floor":10,"key":"REST"},{"data":"PathToVictory","floor":12,"key":"SMITH"},{"data":"Defend_P","floor":15,"key":"SMITH"}],"circlet_count":0,"master_deck":["Strike_P","Strike_P","Strike_P","Defend_P+1","Defend_P","Defend_P","Eruption","Vigilance","PathToVictory+1","PathToVictory+1"],"relics":["PureWater"],"acts_visited":["Exordium","TheCity"],"potions_floor_usage":[20,21,22],"damage_taken":[{"damage":0,"enemies":"Small Slimes","floor":1,"turns":4},{"damage":9,"enemies":"Cultist","floor":3,"turns":4},{"damage":9,"enemies":"2 Louse","floor":4,"turns":2},{"damage":14,"enemies":"Lots of Slimes","floor":5,"turns":5},{"damage":2,"enemies":"2 Fungi Beasts","floor":6,"turns":3},{"damage":3,"enemies":"Red Slaver","floor":8,"turns":3},{"damage":0,"enemies":"Looter","floor":14,"turns":3},{"damage":37,"enemies":"Hexaghost","floor":16,"turns":8},{"damage":32,"enemies":"Spheric Guardian","floor":18,"turns":6},{"damage":22,"enemies":"2 Thieves","floor":20,"turns":5},{"damage":9,"enemies":"3 Cultists","floor":21,"turns":6},{"damage":15,"enemies":"Centurion and Healer","floor":22,"turns":1}],"seed_played":"6740363683379241793","potions_obtained":[{"floor":3,"key":"FearPotion"},{"floor":6,"key":"GamblersBrew"},{"floor":8,"key":"LiquidMemories"}],"is_trial":false,"path_per_floor":["M","?","M","M","M","M","R","M","T","R","?","R","?","M","R","B",null,"M","$","M","M","M"],"character_chosen":"WATCHER","items_purchased":[],"campfire_rested":1,"item_purchase_floors":[],"current_hp_per_floor":[72,72,63,54,40,38,38,35,35,56,72,72,72,72,72,35,72,40,40,18,9,0,0],"gold":383,"neow_bonus":"REMOVE_CARD","is_daily":false,"chose_seed":false,"campfire_upgraded":3,"win_rate":0.0,"timestamp":1614002424,"path_taken":["M","?","M","M","?","M","R","M","T","R","?","R","?","M","R","BOSS","M","?","M","M","?"],"items_purchased_type":[],"build_version":"2020-12-22","purchased_purges":1,"victory":false,"max_hp_per_floor":[72,72,72,72,72,72,72,72,72,72,72,72,72,72,72,72,72,72,72,72,72,72,72],"card_choices":[{"not_picked":["ThirdEye","EmptyBody","ClearTheMind"],"picked":"SKIP","floor":1},{"not_picked":["TalkToTheHand","Evaluate","ForeignInfluence"],"picked":"SKIP","floor":3},{"not_picked":["SashWhip","BowlingBash"],"picked":"PathToVictory","floor":4},{"not_picked":["Evaluate","JustLucky"],"picked":"PathToVictory","floor":5},{"not_picked":["Evaluate","EmptyBody","Halt"],"picked":"SKIP","floor":6},{"not_picked":["Evaluate","Meditate","ForeignInfluence"],"picked":"SKIP","floor":8},{"not_picked":["FearNoEvil","Swivel","Study"],"picked":"SKIP","floor":14},{"not_picked":["Adaptation","Wallop","EmptyBody"],"picked":"SKIP","floor":18},{"not_picked":["Conclude","Swivel","Prostrate+1"],"picked":"SKIP","floor":20},{"not_picked":["InnerPeace","Evaluate+1","SashWhip+1"],"picked":"SKIP","floor":21}],"player_experience":490692,"relics_obtained":[],"event_choices":[{"damage_healed":0,"gold_gain":100,"player_choice":"Pray","damage_taken":0,"max_hp_gain":0,"max_hp_loss":0,"event_name":"Golden Shrine","floor":2,"gold_loss":0},{"damage_healed":24,"gold_gain":0,"player_choice":"Banana","damage_taken":0,"max_hp_gain":0,"max_hp_loss":0,"event_name":"Big Fish","floor":11,"gold_loss":0},{"damage_healed":0,"gold_gain":0,"player_choice":"Ignored","damage_taken":0,"max_hp_gain":0,"max_hp_loss":0,"event_name":"WeMeetAgain","floor":13,"gold_loss":0}],"is_beta":false,"boss_relics":[{"not_picked":["VioletLotus","Sozu","Black Star"]}],"items_purged_floors":[19],"is_endless":false,"potions_floor_spawned":[3,6,8,16],"killed_by":"Centurion and Healer","ascension_level":0}}