{"host":"0k7350af1t8odskw","time":1614022230,"event":{"mods":["AchievementEnabler","BaseMod","Better Vampires","BetterRewards","Colored Map","Downfall","Highlight Path","Hubris","Lobotomy","Marisa£®ÏF”Í°°ƒß¿Ì…≥£©","Minty Spire (QoL Compilation)","Quick Restart","Replay The Spire","Shop Mod","StSLib","The Administrix","The Death Knight","The Runesmith","Youmu£®ªÍ∆«—˝√Œ£©"],"gold_per_floor":[113,89,104,114,174,174,193,193,273,273,286,306,10,10,10,107,107,122,122,141,160,160,160,75,75,75,50,50,50,61,76,76,176,176,188,106,116,116,131,131,131,131,131],"floor_reached":42,"language":"ZHS","playtime":2141,"items_purged":[],"score":413,"play_id":"cb3b8461-4138-4b10-864d-2fbb2fa81974","local_time":"20210222113030","is_ascension_mode":false,"campfire_choices":[{"data":"hubris:EnhanceAbility","floor":6,"key":"SMITH"},{"data":"Dagger Spray","floor":10,"key":"SMITH"},{"floor":15,"key":"REST"},{"data":"Blade Dance","floor":23,"key":"SMITH"},{"data":"Die Die Die","floor":25,"key":"SMITH"},{"data":"Sucker Punch","floor":29,"key":"SMITH"},{"floor":32,"key":"REST"},{"floor":40,"key":"REST"},{"data":"After Image","floor":41,"key":"SMITH"}],"circlet_count":0,"master_deck":["Strike_G","Strike_G","Strike_G","Strike_G+1","Strike_G","Defend_G+1","Defend_G","Defend_G","Defend_G","Defend_G","Survivor","Neutralize","Infinite Blades+1","ReplayTheSpireMod:Shiv Toss","Backstab","Infinite Blades","Dagger Throw","hubris:EnhanceAbility+1","Bandage Up","Magnetism+1","Die Die Die+1","Dagger Spray+1","Sucker Punch+1","Acrobatics","Outmaneuver","Blade Dance+1","Hidden Blade","Burst+1","After Image+1","Flying Knee","Sneak Up","Finisher+1","Flying Knee+1","Backflip","Acrobatics+1","A Thousand Cuts+1","CurseOfTheBell","Acrobatics+1","ReplayTheSpireMod:Scrap Shanks+1","Choke+1","Replay:Bag of Tricks+1","Blade Dance+1"],"relics":["Ring of the Snake","ReplayTheSpireMod:ShopPack","hubris:Zylophone","hubris:BottledRain","TungstenRod","hubris:PeanutButter","Guide Book","hubris:HollowSoul","Golden Egg","WingedGreaves","Blue Candle","Calling Bell","Simple Rune","Question Card","Replay:Kaleidoscope"],"acts_visited":["Exordium","TheCity","TheBeyond"],"potions_floor_usage":[31,33,33,39,42],"damage_taken":[{"damage":3,"enemies":"Jaw Worm","floor":1,"turns":4},{"damage":0,"enemies":"Small Slimes","floor":3,"turns":3},{"damage":0,"enemies":"2 Louse","floor":4,"turns":2},{"damage":14,"enemies":"Blue Slaver","floor":7,"turns":3},{"damage":7,"enemies":"Exordium Thugs","floor":11,"turns":4},{"damage":0,"enemies":"Exordium Wildlife","floor":12,"turns":3},{"damage":8,"enemies":"Hexaghost","floor":16,"turns":6},{"damage":11,"enemies":"Spheric Guardian","floor":18,"turns":4},{"damage":0,"enemies":"3 Byrds","floor":20,"turns":3},{"damage":26,"enemies":"Shelled Parasite and Fungi","floor":21,"turns":5},{"damage":3,"enemies":"Centurion and Healer","floor":30,"turns":6},{"damage":10,"enemies":"Sentry and Sphere","floor":31,"turns":6},{"damage":36,"enemies":"hubris:MusketHawk","floor":33,"turns":8},{"damage":21,"enemies":"3 Shapes","floor":35,"turns":4},{"damage":15,"enemies":"3 Darklings","floor":37,"turns":6},{"damage":36,"enemies":"Jaw Worm Horde","floor":39,"turns":4},{"damage":17,"enemies":"Reptomancer","floor":42,"turns":3}],"seed_played":"4678631115872181525","potions_obtained":[{"floor":1,"key":"Adrenaline Potion"},{"floor":11,"key":"Slimebound:ThreeZeroPotion"},{"floor":16,"key":"SpeedPotion"},{"floor":20,"key":"Strength Potion"},{"floor":31,"key":"PowerPotion"},{"floor":33,"key":"Fire Potion"},{"floor":37,"key":"DistilledChaos"}],"is_trial":false,"path_per_floor":["M","$","M","M","?","R","M","?","T","R","M","M","$","?","R","B",null,"M","?","M","M","?","R","?","R","T","$","?","R","M","M","R","B",null,"M","$","M","?","M","R","R","E"],"character_chosen":"THE_SILENT","items_purchased":["Infinite Blades+1","ReplayTheSpireMod:Shiv Toss","Backstab","ReplayTheSpireMod:ShopPack","Infinite Blades","Dagger Throw","Dagger Spray","Burst","Guide Book","Flying Knee","ReplayTheSpireMod:Scrap Shanks"],"campfire_rested":3,"item_purchase_floors":[0,0,0,0,0,0,2,13,13,27,36],"current_hp_per_floor":[39,39,43,43,43,43,33,26,26,26,23,27,27,27,48,44,70,59,59,63,41,29,29,29,29,29,29,25,25,26,20,42,10,75,54,54,43,43,11,33,33,20,20],"gold":131,"neow_bonus":"","is_daily":false,"chose_seed":false,"campfire_upgraded":6,"win_rate":0.0,"timestamp":1614022230,"path_taken":["M","$","M","M","?","R","M","?","T","R","?","M","$","?","R","BOSS","M","?","M","M","?","R","?","R","T","$","?","R","M","?","R","BOSS","M","$","M","?","M","R","R","E"],"items_purchased_type":["Card","Card","Card","Relic","Card","Card","Card","Card","Relic","Card","Card"],"build_version":"2020-12-22","purchased_purges":0,"victory":false,"max_hp_per_floor":[70,70,70,70,70,70,70,70,70,70,70,70,70,70,70,70,70,70,70,70,70,75,75,75,75,75,75,75,75,75,75,75,75,75,75,75,75,75,75,75,75,75,75],"card_choices":[{"not_picked":["Secret Weapon","Crow Ritual"],"picked":"hubris:EnhanceAbility","floor":0},{"not_picked":["Replay:Sssssssssshield","Replay:Bootleg Shield Generator"],"picked":"Bandage Up","floor":0},{"not_picked":["Swift Strike","Jack Of All Trades"],"picked":"Magnetism","floor":0},{"not_picked":["Dodge and Roll","hubris:TrickCloak"],"picked":"Die Die Die","floor":1},{"not_picked":["Outmaneuver","ReplayTheSpireMod:The Works"],"picked":"Sucker Punch","floor":3},{"not_picked":["Choke","Flying Knee"],"picked":"Acrobatics","floor":4},{"not_picked":["Acrobatics","ReplayTheSpireMod:Exploit Weakness"],"picked":"Outmaneuver","floor":7},{"not_picked":["hubris:Counter","Fluid Movement"],"picked":"Blade Dance","floor":11},{"not_picked":["Prepared","ReplayTheSpireMod:The Works"],"picked":"Hidden Blade","floor":12},{"not_picked":["Wraith Form v2","Grand Finale"],"picked":"After Image","floor":16},{"not_picked":["Dodge and Roll","Bane"],"picked":"Flying Knee","floor":18},{"not_picked":["Catalyst","Caltrops"],"picked":"Sneak Up","floor":20},{"not_picked":["Blade Dance+1","Bane"],"picked":"Finisher+1","floor":21},{"not_picked":["Poison Darts","Outmaneuver"],"picked":"Backflip","floor":30},{"not_picked":["Backflip","Footwork"],"picked":"Acrobatics+1","floor":31},{"not_picked":["Unload","Bullet Time"],"picked":"A Thousand Cuts","floor":33},{"not_picked":["Deadly Poison+1","Bouncing Flask+1","Dagger Throw"],"picked":"Acrobatics+1","floor":35},{"not_picked":["Tactician","Acrobatics","Hidden Blade"],"picked":"Choke+1","floor":37},{"not_picked":["Sucker Punch+1","Quick Slash+1","Acrobatics"],"picked":"Blade Dance+1","floor":39}],"player_experience":102259,"relics_obtained":[{"floor":9,"key":"hubris:PeanutButter"},{"floor":26,"key":"WingedGreaves"},{"floor":34,"key":"Simple Rune"},{"floor":34,"key":"Question Card"},{"floor":34,"key":"Replay:Kaleidoscope"}],"event_choices":[{"damage_healed":0,"gold_gain":60,"player_choice":"Gained Gold","damage_taken":0,"max_hp_gain":0,"max_hp_loss":0,"event_name":"Golden Wing","floor":5,"gold_loss":0},{"damage_healed":0,"gold_gain":0,"player_choice":"Success","damage_taken":7,"relics_obtained":["TungstenRod"],"max_hp_gain":0,"max_hp_loss":0,"event_name":"Scrap Ooze","floor":8,"gold_loss":0},{"damage_healed":0,"gold_gain":0,"player_choice":"Shed Blood","damage_taken":18,"max_hp_gain":5,"max_hp_loss":0,"event_name":"Forgotten Altar","floor":22,"gold_loss":0},{"damage_healed":0,"gold_gain":0,"player_choice":"Obtained Relic","damage_taken":0,"relics_obtained":["Golden Egg"],"max_hp_gain":0,"max_hp_loss":0,"event_name":"Addict","floor":24,"gold_loss":85}],"is_beta":false,"boss_relics":[{"not_picked":["hubris:VirtuousBlindfold","ReplayTheSpireMod:DimensionalGlitch"],"picked":"hubris:HollowSoul"},{"not_picked":["hubris:BlackHole","Sozu"],"picked":"Calling Bell"}],"items_purged_floors":[],"is_endless":false,"potions_floor_spawned":[1,11,16,18,20,31,33,37],"killed_by":"Reptomancer","ascension_level":0}}