{"host":"q0zivyteofxuwz3g","time":1614008512,"event":{"mods":["AchievementEnabler","BaseMod","BetterRewards","Minty Spire (QoL Compilation)","StSLib"],"gold_per_floor":[17,29,44,44,44,87,102,137,137,137,189,189,222,237,237,237,237],"floor_reached":16,"language":"ENG","playtime":1103,"items_purged":[],"score":187,"play_id":"bc19f187-eaba-41f3-a933-e6462199cce7","local_time":"20210222124152","is_ascension_mode":true,"campfire_choices":[{"floor":12,"key":"REST"},{"floor":15,"key":"REST"}],"circlet_count":0,"master_deck":["Strike_B","Strike_B","Strike_B","Strike_B","Defend_B","Defend_B","Defend_B","Defend_B","Zap","Dualcast","Hello World","Self Repair","Ball Lightning","Injury","Gash","Genetic Algorithm","Lockon","Hello World","Capacitor"],"relics":["Cracked Core","Golden Idol","Question Card","Ornamental Fan","Smiling Mask","Ginger"],"acts_visited":["Exordium"],"potions_floor_usage":[7,8,13,14],"damage_taken":[{"damage":4,"enemies":"2 Louse","floor":1,"turns":2},{"damage":9,"enemies":"Jaw Worm","floor":2,"turns":6},{"damage":5,"enemies":"Small Slimes","floor":3,"turns":4},{"damage":44,"enemies":"Gremlin Nob","floor":6,"turns":5},{"damage":1,"enemies":"Blue Slaver","floor":7,"turns":3},{"damage":14,"enemies":"Lagavulin","floor":8,"turns":5},{"damage":34,"enemies":"3 Sentries","floor":13,"turns":8},{"damage":13,"enemies":"Exordium Thugs","floor":14,"turns":4},{"damage":26,"enemies":"The Guardian","floor":16,"turns":5}],"seed_played":"-2365047180333324542","potions_obtained":[{"floor":1,"key":"GamblersBrew"},{"floor":6,"key":"Block Potion"},{"floor":7,"key":"PowerPotion"},{"floor":13,"key":"Dexterity Potion"}],"is_trial":false,"path_per_floor":["M","M","M","?","?","E","M","E","T","?","T","R","E","M","R","B"],"character_chosen":"DEFECT","items_purchased":[],"campfire_rested":2,"item_purchase_floors":[],"current_hp_per_floor":[71,62,64,64,64,27,33,19,19,19,19,41,14,1,23,0,0],"gold":237,"neow_bonus":"THREE_RARE_CARDS","is_daily":false,"chose_seed":false,"campfire_upgraded":0,"win_rate":0.0,"timestamp":1614008512,"path_taken":["M","M","M","?","?","E","M","E","T","?","?","R","E","M","R","BOSS"],"items_purchased_type":[],"build_version":"2020-12-22","purchased_purges":0,"victory":false,"max_hp_per_floor":[75,75,75,75,75,75,75,75,75,75,75,75,75,75,75,75,75],"card_choices":[{"not_picked":["Biased Cognition","Reboot"],"picked":"Thunder Strike","floor":0.0},{"not_picked":["Leap","Sweeping Beam"],"picked":"Hello World","floor":1},{"not_picked":["Skim","Redo"],"picked":"Self Repair","floor":2},{"not_picked":["Sunder","Skim"],"picked":"Ball Lightning","floor":3},{"not_picked":["Redo","Darkness"],"picked":"Gash","floor":6},{"not_picked":["Turbo","Steam","Hyperbeam"],"picked":"Genetic Algorithm","floor":7},{"not_picked":["Compile Driver","Stack","Steam"],"picked":"Lockon","floor":8},{"not_picked":["Blizzard","Lockon","Rebound"],"picked":"Hello World","floor":13},{"not_picked":["Fusion","Steam","Streamline"],"picked":"Capacitor","floor":14}],"player_experience":175656,"relics_obtained":[{"floor":6,"key":"Question Card"},{"floor":8,"key":"Ornamental Fan"},{"floor":11,"key":"Smiling Mask"},{"floor":13,"key":"Ginger"}],"event_choices":[{"damage_healed":0,"gold_gain":0,"player_choice":"Take Wound","damage_taken":0,"relics_obtained":["Golden Idol"],"max_hp_gain":0,"max_hp_loss":0,"event_name":"Golden Idol","floor":4,"gold_loss":0,"cards_obtained":["Injury"]},{"damage_healed":0,"gold_gain":0,"player_choice":"Leave","damage_taken":0,"max_hp_gain":0,"max_hp_loss":0,"event_name":"The Cleric","floor":5,"gold_loss":0},{"damage_healed":0,"gold_gain":0,"player_choice":"Ignored","damage_taken":0,"max_hp_gain":0,"max_hp_loss":0,"event_name":"Golden Wing","floor":10,"gold_loss":0}],"is_beta":false,"boss_relics":[],"items_purged_floors":[],"is_endless":false,"potions_floor_spawned":[1,6,7,13],"killed_by":"The Guardian","ascension_level":2}}