{"host":"5bsc0nab6whpyrbj","time":1614015579,"event":{"mods":["BaseMod","Highlight Path","Minty Spire (QoL Compilation)"],"gold_per_floor":[117,135,410,422,438,473,473,486,532,532,532,532,242,265,265,363,413,433,433,433,433,84,84,109,128,128,128,43,118,0,18,18,121,121,138,138,138,63,83,83,95,95,95,95,123,123,148,166,166,166,166],"floor_reached":50,"language":"ENG","playtime":1100,"items_purged":["Regret"],"score":514,"play_id":"dbf7bda7-dab6-4809-9135-acf1e1cc060b","local_time":"20210222123939","is_ascension_mode":false,"campfire_choices":[{"floor":7.0,"key":"REST"},{"data":"Electrodynamics","floor":10.0,"key":"SMITH"},{"floor":15.0,"key":"REST"},{"floor":23.0,"key":"REST"},{"floor":32.0,"key":"REST"},{"data":"Thunder Strike","floor":40.0,"key":"SMITH"},{"floor":42.0,"key":"REST"},{"data":"Static Discharge","floor":44.0,"key":"SMITH"},{"floor":49.0,"key":"REST"}],"circlet_count":0,"master_deck":["Strike_B","Strike_B","Strike_B+1","Strike_B","Defend_B+1","Defend_B","Defend_B","Defend_B","Zap+1","Dualcast","Ball Lightning","Electrodynamics+1","Defragment","Machine Learning+1","Static Discharge+1","Thunder Strike+1","Echo Form","Ball Lightning+1","Gash","Electrodynamics","CurseOfTheBell","Writhe","Genetic Algorithm","Ball Lightning+1"],"relics":["Cracked Core","Ginger","Juzu Bracelet","Runic Capacitor","PreservedInsect","Happy Flower","Tiny House","Orrery","Sundial","Shovel","Potion Belt","Shuriken","Calling Bell","Ancient Tea Set","Mercury Hourglass","CaptainsWheel","Mummified Hand","Boot","Regal Pillow"],"acts_visited":["Exordium","TheCity","TheBeyond"],"potions_floor_usage":[50,50],"damage_taken":[{"damage":1.0,"enemies":"Jaw Worm","floor":1.0,"turns":3.0},{"damage":0.0,"enemies":"Cultist","floor":2.0,"turns":2.0},{"damage":0.0,"enemies":"Small Slimes","floor":4.0,"turns":2.0},{"damage":2.0,"enemies":"3 Louse","floor":5.0,"turns":3.0},{"damage":28.0,"enemies":"Lagavulin","floor":6.0,"turns":5.0},{"damage":12.0,"enemies":"Blue Slaver","floor":8.0,"turns":2.0},{"damage":30.0,"enemies":"The Guardian","floor":16.0,"turns":7.0},{"damage":23.0,"enemies":"Chosen","floor":18.0,"turns":4.0},{"damage":26.0,"enemies":"Book of Stabbing","floor":24.0,"turns":4.0},{"damage":25.0,"enemies":"Shell Parasite","floor":25.0,"turns":4.0},{"damage":0.0,"enemies":"3 Cultists","floor":31.0,"turns":2.0},{"damage":54.0,"enemies":"Collector","floor":33.0,"turns":6.0},{"damage":27.0,"enemies":"Orb Walker","floor":35.0,"turns":3.0},{"damage":11.0,"enemies":"3 Shapes","floor":39.0,"turns":3.0},{"damage":20.0,"enemies":"Sphere and 2 Shapes","floor":41.0,"turns":3.0},{"damage":18.0,"enemies":"Nemesis","floor":45.0,"turns":3.0},{"damage":8.0,"enemies":"Giant Head","floor":47.0,"turns":5.0},{"damage":18.0,"enemies":"4 Shapes","floor":48.0,"turns":3.0},{"damage":72,"enemies":"Awakened One","floor":50,"turns":4}],"seed_played":"-4202422729961565525","potions_obtained":[{"floor":4.0,"key":"Weak Potion"},{"floor":8.0,"key":"Strength Potion"},{"floor":16.0,"key":"Explosive Potion"},{"floor":17.0,"key":"Regen Potion"},{"floor":24.0,"key":"Energy Potion"},{"floor":35.0,"key":"AttackPotion"},{"floor":47.0,"key":"DuplicationPotion"},{"floor":48.0,"key":"Block Potion"}],"is_trial":false,"path_per_floor":["M","M","?","M","M","E","R","M","T","R","?","?","$","T","R","B",null,"M","?","?","?","$","R","E","M","T","?","?","T","?","M","R","B",null,"M","$","?","$","M","R","M","R","T","R","E","?","E","M","R","B"],"character_chosen":"DEFECT","items_purchased":["Runic Capacitor","PreservedInsect","Static Discharge","Thunder Strike","Orrery"],"campfire_rested":6,"item_purchase_floors":[13,13,22,22,22],"current_hp_per_floor":[74,74,74,74,72,44,66,54,54,54,39,39,39,39,61,31,80,57,57,42,42,42,67,41,16,16,16,16,16,16,16,41,1,85,58,58,79,79,68,68,48,73,73,73,55,55,47,29,69,0,0],"gold":166,"neow_bonus":"UPGRADE_CARD","is_daily":false,"chose_seed":false,"campfire_upgraded":3,"win_rate":0.0,"timestamp":1614015579,"path_taken":["M","M","?","M","M","E","R","?","T","R","?","?","$","?","R","BOSS","M","?","?","?","$","R","E","M","T","?","?","?","?","M","R","BOSS","M","$","?","$","M","R","M","R","T","R","E","?","E","M","R","BOSS"],"items_purchased_type":["Relic","Relic","Card","Card","Relic"],"build_version":"2020-12-22","purchased_purges":1,"victory":false,"max_hp_per_floor":[75,75,75,75,75,75,75,75,75,75,75,75,75,75,75,75,80,80,80,85,85,85,85,85,85,85,85,85,85,85,85,85,85,85,85,85,85,85,85,85,85,85,85,85,85,85,85,85,85,85,85],"card_choices":[{"not_picked":["Stack","Redo"],"picked":"Ball Lightning","floor":1.0},{"not_picked":["Doom and Gloom","Melter","Darkness"],"picked":"SKIP","floor":2.0},{"not_picked":["Skim","Force Field","Chill"],"picked":"SKIP","floor":4.0},{"not_picked":["Rip and Tear","Stack","FTL"],"picked":"SKIP","floor":5.0},{"not_picked":["Compile Driver","Recycle"],"picked":"Electrodynamics","floor":6.0},{"not_picked":["Compile Driver","Tempest"],"picked":"Defragment","floor":8.0},{"not_picked":["Rainbow","Reboot"],"picked":"Machine Learning","floor":16.0},{"not_picked":["Sweeping Beam","Go for the Eyes","Hologram"],"picked":"SKIP","floor":18.0},{"not_picked":["Genetic Algorithm","Glacier"],"picked":"Echo Form","floor":22.0},{"not_picked":["Rip and Tear+1","White Noise"],"picked":"Ball Lightning+1","floor":22.0},{"not_picked":["Cold Snap","Hologram"],"picked":"Gash","floor":22.0},{"not_picked":["Go for the Eyes","Conserve Battery+1"],"picked":"Leap","floor":22.0},{"not_picked":["Streamline","Coolheaded","Meteor Strike"],"picked":"SKIP","floor":24.0},{"not_picked":["Conserve Battery+1","Go for the Eyes","Turbo+1"],"picked":"SKIP","floor":25.0},{"not_picked":["Skim","Compile Driver","Conserve Battery+1"],"picked":"SKIP","floor":31.0},{"not_picked":["Fission","Echo Form"],"picked":"Electrodynamics","floor":33.0},{"not_picked":["Rebound+1","Stack","Hologram+1"],"picked":"SKIP","floor":35.0},{"not_picked":["Sweeping Beam+1","Aggregate","Compile Driver"],"picked":"SKIP","floor":39.0},{"not_picked":["Recycle+1","Reprogram+1","Rebound+1"],"picked":"SKIP","floor":41.0},{"not_picked":["Rebound","Redo","Turbo"],"picked":"SKIP","floor":45.0},{"not_picked":["Darkness+1","Sweeping Beam+1","Steam Power"],"picked":"SKIP","floor":47.0},{"not_picked":["Core Surge","Barrage+1"],"picked":"Ball Lightning+1","floor":48.0}],"player_experience":94755,"relics_obtained":[{"floor":6.0,"key":"Ginger"},{"floor":9.0,"key":"Juzu Bracelet"},{"floor":14.0,"key":"Happy Flower"},{"floor":24.0,"key":"Sundial"},{"floor":26.0,"key":"Shovel"},{"floor":29.0,"key":"Shuriken"},{"floor":34.0,"key":"Ancient Tea Set"},{"floor":34.0,"key":"Mercury Hourglass"},{"floor":34.0,"key":"CaptainsWheel"},{"floor":43.0,"key":"Mummified Hand"},{"floor":45.0,"key":"Boot"},{"floor":47.0,"key":"Regal Pillow"}],"event_choices":[{"damage_healed":0.0,"max_hp_gain":0.0,"max_hp_loss":0.0,"gold_gain":275.0,"event_name":"Golden Shrine","player_choice":"Desecrate","floor":3.0,"gold_loss":0.0,"damage_taken":0.0,"cards_obtained":["Regret"]},{"damage_healed":0.0,"max_hp_gain":0.0,"max_hp_loss":0.0,"gold_gain":0.0,"event_name":"Shining Light","player_choice":"Entered Light","floor":11.0,"gold_loss":0.0,"damage_taken":15.0,"cards_upgraded":["Defend_B","Strike_B"]},{"damage_healed":0.0,"max_hp_gain":0.0,"max_hp_loss":0.0,"gold_gain":0.0,"event_name":"Scrap Ooze","player_choice":"Fled","floor":12.0,"gold_loss":0.0,"damage_taken":0.0},{"damage_healed":0.0,"max_hp_gain":0.0,"max_hp_loss":0.0,"gold_gain":0.0,"event_name":"Duplicator","player_choice":"Ignored","floor":19.0,"gold_loss":0.0,"damage_taken":0.0},{"damage_healed":0.0,"max_hp_gain":5.0,"max_hp_loss":0.0,"gold_gain":0.0,"event_name":"Forgotten Altar","player_choice":"Shed Blood","floor":20.0,"gold_loss":0.0,"damage_taken":20.0},{"damage_healed":0.0,"max_hp_gain":0.0,"max_hp_loss":0.0,"gold_gain":0.0,"event_name":"The Woman in Blue","player_choice":"Bought 0 Potions","floor":21.0,"gold_loss":0.0,"damage_taken":0.0},{"damage_healed":0.0,"max_hp_gain":0.0,"max_hp_loss":0.0,"gold_gain":0.0,"event_name":"Vampires","player_choice":"Ignored","floor":27.0,"gold_loss":0.0,"damage_taken":0.0},{"damage_healed":0.0,"max_hp_gain":0.0,"max_hp_loss":0.0,"gold_gain":0.0,"event_name":"Addict","player_choice":"Obtained Relic","floor":28.0,"gold_loss":85.0,"damage_taken":0.0,"relics_obtained":["Potion Belt"]},{"damage_healed":0.0,"max_hp_gain":0.0,"max_hp_loss":0.0,"gold_gain":0.0,"event_name":"Masked Bandits","player_choice":"Paid Fearfully","floor":30.0,"gold_loss":118.0,"damage_taken":0.0},{"damage_healed":21.0,"max_hp_gain":0.0,"max_hp_loss":0.0,"gold_gain":0.0,"event_name":"Winding Halls","player_choice":"Writhe","floor":37.0,"gold_loss":0.0,"damage_taken":0.0,"cards_obtained":["Writhe"]},{"cards_removed":["Leap"],"damage_healed":0.0,"max_hp_gain":0.0,"max_hp_loss":0.0,"gold_gain":0.0,"event_name":"NoteForYourself","player_choice":"Took Card","floor":46.0,"gold_loss":0.0,"damage_taken":0.0,"cards_obtained":["Genetic Algorithm"]}],"is_beta":false,"boss_relics":[{"not_picked":["Cursed Key","Black Star"],"picked":"Tiny House"},{"not_picked":["FrozenCore","Fusion Hammer"],"picked":"Calling Bell"}],"items_purged_floors":[38],"is_endless":false,"potions_floor_spawned":[4,8,16,24,35,47,48],"killed_by":"Awakened One","ascension_level":0}}