{"host":"8akdrwfmzu5ai7mr","time":1614012346,"event":{"mods":["BaseMod","Colored Powertips","Decade(Õı–°√˜)","Downfall","Marisa£®ÏF”Í°°ƒß¿Ì…≥£©","Minty Spire (QoL Compilation)","Quick Restart","Reimu£®≤©¿ˆ¡È√Œ£©","Remilia£®¿Ÿ√◊¿Ú—«£©","Replay The Spire","StSLib","The Administrix","The Runesmith","The Servant 0.9.4","Youmu£®ªÍ∆«—˝√Œ£©","°æ“≈ŒÔø®≈∆°øREMEMod"],"gold_per_floor":[112,112,131,143,163,197,197,214,237,255,255,270,289,17,17,114,114,134,153,78,78,32,65,80,80,80,80,106,120,120,155,155,258,258,299,311,356,368,424,495,531,589,601,648,67,124,124,158,158,214],"floor_reached":51,"language":"ZHS","playtime":5097,"items_purged":[],"score":977,"play_id":"be1cb0bf-b456-48ac-bd32-b360f5d6d21b","local_time":"20210223004546","is_ascension_mode":false,"campfire_choices":[{"data":"BatForm","floor":7.0,"key":"SMITH"},{"data":"FitfulNightmare","floor":15.0,"key":"SMITH"},{"data":"TransientEternity","floor":25.0,"key":"SMITH"},{"data":"TwelveNightmare","floor":32.0,"key":"SMITH"},{"data":"Mayhem","floor":47,"key":"SMITH"},{"floor":49,"key":"REST"}],"circlet_count":0,"master_deck":["Strike_RM","Strike_RM","Strike_RM","Strike_RM","Defend_RM","Defend_RM+1","Defend_RM","RedMoon","ScarletShoot","AdministrixMod:FaithfulFlames","RedNightlessCastle","MastersStateliness+1","RedRainbow","ScarletSymphony","BatForm+1","ForbiddenFruit","ScarletCoffin+1","CharismaGuard","FitfulNightmare+1","TwelveNightmare+1","DiffusionOfMisfortune","TransientEternity+1","UnstableMagic","BloodHunter","VampireKiss","BloodRain","CharismaGuard+1","VampireSweep","Stigmanizer","NightDance","ReincarnationDial+1","NightDance+1","Dramatic Entrance+1","ScarletDevil","REME_WheelOfFate","GlobalNightmare+1","HellCatastrophe+1","NightLord+1","Mayhem+1","BloodHunter+1","RedRainbow+1","VampireKiss"],"relics":["ScarletHat","REME_ComplimentaryCards","NeowsBlessing","CrazyTorch:ReiMu","Juzu Bracelet","Lee\u0027s Waffle","SlaversCollar","Pen Nib","RuthlessExorcism:ReiMu","Shuriken","Enchiridion","Regal Pillow","REME_HandOfSuture","Ring of Searing","Ring of Hypnosis","REME_LowDesire","Replay:Bandana","MawBank","Spirit Poop","Dream Catcher","ReplayTheSpireMod:TigerMarble","Bottled Flame","Gremlin Food","AntiCross","Tea:ReiMu"],"acts_visited":["Exordium","TheCity","TheBeyond"],"potions_floor_usage":[46,50],"damage_taken":[{"damage":0.0,"enemies":"Jaw Worm","floor":1.0,"turns":1.0},{"damage":0.0,"enemies":"2 Louse","floor":3.0,"turns":1.0},{"damage":0.0,"enemies":"Cultist","floor":4.0,"turns":1.0},{"damage":6.0,"enemies":"Looter","floor":5.0,"turns":3.0},{"damage":34.0,"enemies":"Lagavulin","floor":6.0,"turns":7.0},{"damage":7.0,"enemies":"2 Fungi Beasts","floor":8.0,"turns":4.0},{"damage":21.0,"enemies":"Lots of Slimes","floor":10.0,"turns":4.0},{"damage":4.0,"enemies":"Looter","floor":12.0,"turns":2.0},{"damage":4.0,"enemies":"Blue Slaver","floor":13.0,"turns":4.0},{"damage":22.0,"enemies":"The Guardian","floor":16.0,"turns":8.0},{"damage":7.0,"enemies":"Chosen","floor":18.0,"turns":5.0},{"damage":5.0,"enemies":"Spheric Guardian","floor":19.0,"turns":4.0},{"damage":14.0,"enemies":"REME_1_Revenger","floor":23.0,"turns":4.0},{"damage":11.0,"enemies":"Snake Plant","floor":24.0,"turns":4.0},{"damage":0.0,"enemies":"Book of Stabbing","floor":28.0,"turns":5.0},{"damage":19.0,"enemies":"Chosen and Byrds","floor":29.0,"turns":6.0},{"damage":7.0,"enemies":"Centurion and Healer","floor":31.0,"turns":3.0},{"damage":22.0,"enemies":"Collector","floor":33.0,"turns":6.0},{"damage":16.0,"enemies":"3 Shapes","floor":35.0,"turns":2.0},{"damage":5.0,"enemies":"3 Darklings","floor":37.0,"turns":2.0},{"damage":5.0,"enemies":"Reptomancer","floor":40.0,"turns":2.0},{"damage":0.0,"enemies":"4 Shapes","floor":41.0,"turns":1.0},{"damage":37.0,"enemies":"Spire Growth","floor":42.0,"turns":4.0},{"damage":0.0,"enemies":"3 Darklings","floor":44.0,"turns":2.0},{"damage":5,"enemies":"R_Hoarder","floor":46,"turns":2},{"damage":12,"enemies":"4 Shapes","floor":48,"turns":2},{"damage":15,"enemies":"Donu and Deca","floor":50,"turns":3}],"seed_played":"6902613338476499918","potions_obtained":[{"floor":4.0,"key":"Elixir"},{"floor":5.0,"key":"Explosive Potion"},{"floor":6.0,"key":"Regen Potion"},{"floor":10.0,"key":"Fruit Juice"},{"floor":13.0,"key":"LiquidMemories"},{"floor":13.0,"key":"Elixir"},{"floor":18.0,"key":"Explosive Potion"},{"floor":23.0,"key":"ColorlessPotion"},{"floor":29.0,"key":"Adrenaline Potion"},{"floor":31.0,"key":"BlessingOfTheForge"},{"floor":33.0,"key":"SteroidPotion"},{"floor":39.0,"key":"Fire Potion"},{"floor":40.0,"key":"ColorlessPotion"},{"floor":41.0,"key":"Fire Potion"},{"floor":42.0,"key":"Fire Potion"},{"floor":44.0,"key":"AttackPotion"},{"floor":48,"key":"GamblersBrew"}],"is_trial":false,"path_per_floor":["M","?","M","M","M","E","R","M","T","M","?","M","M","$","R","B",null,"M","M","?","?","$","E","M","R","T","?","E","M","?","M","R","B",null,"M","?","M","?","?","E","M","M","T","M","$","E","R","M","R","B",null],"character_chosen":"REMILIA","items_purchased":["Lee\u0027s Waffle","TwelveNightmare","DiffusionOfMisfortune","VampireKiss","Gremlin Food","AntiCross","Mayhem"],"campfire_rested":1,"item_purchase_floors":[14,14,14,22,45,45,45],"current_hp_per_floor":[75,75,75,75,69,42,42,47,47,26,26,29,27,87,87,73,87,80,75,75,75,75,67,59,59,59,43,43,35,35,48,48,43,87,76,76,71,71,71,71,79,53,53,54,54,57,57,45,86,86],"gold":214,"neow_bonus":"THREE_ENEMY_KILL","is_daily":false,"chose_seed":false,"campfire_upgraded":5,"win_rate":0.0,"timestamp":1614012346,"path_taken":["M","?","M","M","M","E","R","M","T","M","?","M","M","$","R","BOSS","M","M","?","?","?","E","M","R","T","?","E","M","?","M","R","BOSS","M","?","M","?","?","E","M","M","T","M","$","E","R","M","R","BOSS"],"items_purchased_type":["Relic","Card","Card","Card","Relic","Relic","Card"],"build_version":"2020-12-22","purchased_purges":0,"victory":true,"max_hp_per_floor":[75,75,75,75,75,75,75,75,75,75,75,80,80,87,87,87,87,87,87,87,87,87,87,87,87,87,87,87,87,87,87,87,87,87,87,87,87,87,87,87,87,87,87,87,87,87,87,87,87,87],"card_choices":[{"not_picked":["VampirishNight","EndlessAdversity"],"picked":"RedNightlessCastle","floor":1.0},{"not_picked":["BloodHunter","VampireKiss"],"picked":"MastersStateliness","floor":3.0},{"not_picked":["Septette","BlasphemousPunishment"],"picked":"RedRainbow","floor":4.0},{"not_picked":["SuperhumanBloodyKnife","FavorOfDestiny"],"picked":"ScarletSymphony","floor":5.0},{"not_picked":["NightDance","FavorOfDestiny"],"picked":"BatForm","floor":6.0},{"not_picked":["SuperhumanBloodyKnife","VampireKiss"],"picked":"ForbiddenFruit","floor":8.0},{"not_picked":["BlasphemousPunishment","RedMagic"],"picked":"ScarletCoffin","floor":10.0},{"not_picked":["VampireKiss","ScarletImprint"],"picked":"CharismaGuard","floor":12.0},{"not_picked":["Stigmanizer","RedMagic"],"picked":"FitfulNightmare","floor":13.0},{"not_picked":["HellCatastrophe","ForecastOfChange"],"picked":"TransientEternity","floor":16.0},{"not_picked":["CharismaGuard","TwelveNightmare+1"],"picked":"UnstableMagic","floor":18.0},{"not_picked":["HunterOfTheNight","EndlessAdversity"],"picked":"BloodHunter","floor":19.0},{"not_picked":["RedRainbow+1","BloodyHallows"],"picked":"BloodRain","floor":23.0},{"not_picked":["DiffusionOfMisfortune","MastersStateliness"],"picked":"CharismaGuard+1","floor":24.0},{"not_picked":["UnstableMagic","FavorOfDestiny"],"picked":"VampireSweep","floor":28.0},{"not_picked":["MastersStateliness","ScarletDevil"],"picked":"Stigmanizer","floor":29.0},{"not_picked":["RedMagic+1","UnstableMagic"],"picked":"NightDance","floor":31.0},{"not_picked":["HunterOfTheNight","ScarletImprint+1","ReplayTheSpireMod:Necrogeddon"],"picked":"ReincarnationDial+1","floor":35.0},{"not_picked":["DiffusionOfMisfortune","TwelveNightmare+1","Jack Of All Trades"],"picked":"NightDance+1","floor":37.0},{"not_picked":["VampireKiss","NightDance","VampireClaw+1"],"picked":"Dramatic Entrance+1","floor":39.0},{"not_picked":["RedMagic","MastersStateliness+1","Magnetism"],"picked":"ScarletDevil","floor":39.0},{"not_picked":["StarOfDavid+1","NightDance","NightLord+1"],"picked":"REME_WheelOfFate","floor":40.0},{"not_picked":["VampireSweep","RedRainbow+1","Replay:Bootleg Shield Generator"],"picked":"GlobalNightmare+1","floor":41.0},{"not_picked":["NightDance","Septette","Trip+1"],"picked":"HellCatastrophe","floor":42.0},{"not_picked":["NightDance","UnderTheZenith","PanicButton+1"],"picked":"NightLord+1","floor":44.0},{"not_picked":["ScarletDevil","UnderTheZenith+1","Secret Weapon"],"picked":"BloodHunter+1","floor":46},{"not_picked":["GlobalNightmare+1","StarOfDavid","Metamorphosis"],"picked":"RedRainbow+1","floor":48},{"not_picked":["RedRainbow","UltimateOffering+1","Secret Weapon"],"picked":"VampireKiss","floor":49}],"player_experience":134567,"relics_obtained":[{"floor":6.0,"key":"CrazyTorch:ReiMu"},{"floor":9.0,"key":"Juzu Bracelet"},{"floor":18.0,"key":"Pen Nib"},{"floor":23.0,"key":"RuthlessExorcism:ReiMu"},{"floor":26.0,"key":"Shuriken"},{"floor":27.0,"key":"Enchiridion"},{"floor":28.0,"key":"Regal Pillow"},{"floor":29.0,"key":"REME_HandOfSuture"},{"floor":30.0,"key":"Ring of Searing"},{"floor":30.0,"key":"Ring of Hypnosis"},{"floor":34.0,"key":"Replay:Bandana"},{"floor":34.0,"key":"MawBank"},{"floor":39.0,"key":"Dream Catcher"},{"floor":40.0,"key":"ReplayTheSpireMod:TigerMarble"},{"floor":43.0,"key":"Bottled Flame"},{"floor":46,"key":"Tea:ReiMu"}],"event_choices":[{"damage_healed":0.0,"max_hp_gain":0.0,"max_hp_loss":0.0,"gold_gain":0.0,"event_name":"Golden Wing","player_choice":"Ignored","floor":2.0,"gold_loss":0.0,"damage_taken":0.0},{"damage_healed":0.0,"max_hp_gain":0.0,"max_hp_loss":0.0,"gold_gain":0.0,"event_name":"Living Wall","player_choice":"Grow","floor":11.0,"gold_loss":0.0,"damage_taken":0.0,"cards_upgraded":["ScarletCoffin"]},{"cards_removed":["Defend_RM"],"damage_healed":0.0,"max_hp_gain":0.0,"max_hp_loss":0.0,"gold_gain":0.0,"event_name":"Beggar","player_choice":"Gave Gold","floor":20.0,"gold_loss":75.0,"damage_taken":0.0},{"damage_healed":0.0,"max_hp_gain":0.0,"max_hp_loss":0.0,"gold_gain":0.0,"event_name":"Ghosts","player_choice":"Ignored","floor":21.0,"gold_loss":0.0,"damage_taken":0.0},{"damage_healed":0.0,"max_hp_gain":0.0,"max_hp_loss":0.0,"gold_gain":0.0,"event_name":"Cursed Tome","player_choice":"Obtained Book","floor":27.0,"gold_loss":0.0,"damage_taken":16.0},{"cards_removed":["Delirium"],"damage_healed":0.0,"max_hp_gain":0.0,"max_hp_loss":0.0,"gold_gain":0.0,"event_name":"Bonfire Elementals","player_choice":"Offered Curse","floor":36.0,"gold_loss":0.0,"damage_taken":0.0,"relics_obtained":["Spirit Poop"]},{"damage_healed":0.0,"max_hp_gain":0.0,"max_hp_loss":0.0,"gold_gain":0.0,"event_name":"SensoryStone","player_choice":"Memory 1","floor":38.0,"gold_loss":0.0,"damage_taken":0.0}],"is_beta":false,"boss_relics":[{"not_picked":["Snecko Eye","Replay:Grab Bag"],"picked":"SlaversCollar"},{"not_picked":["REME_DemonsWealth","Runesmith:UraniumAnvil"],"picked":"REME_LowDesire"}],"items_purged_floors":[],"is_endless":false,"potions_floor_spawned":[4,5,6,10,13,18,23,29,31,33,40,42,44,48],"ascension_level":0}}