{"host":"5tzvto3beate6p8b","time":1614002375,"event":{"mods":["BaseMod","Colored Map","DeckTracker","Minty Spire (QoL Compilation)","Relic Stats","StSLib","SuperFastMode"],"gold_per_floor":[112,32,32,32,32,60,76,76,76,87,12,12,12,42,42,120,170,180,180,192,211,37,37,64,64,89,89,89,114,114,127,127,201,201,215,234,124,124,124],"floor_reached":38,"language":"JPN","playtime":1224,"items_purged":["Pain","Strike_G+1"],"score":936,"play_id":"fc702fe4-dba5-48fd-993c-712eeeabc6f5","local_time":"20210222225935","is_ascension_mode":true,"campfire_choices":[{"data":"Bouncing Flask","floor":8.0,"key":"SMITH"},{"data":"Deadly Poison","floor":12.0,"key":"SMITH"},{"data":"Neutralize","floor":15.0,"key":"SMITH"},{"data":"Catalyst","floor":23.0,"key":"SMITH"},{"data":"Well Laid Plans","floor":25.0,"key":"SMITH"},{"data":"Footwork","floor":28.0,"key":"SMITH"},{"data":"Night Terror","floor":30.0,"key":"SMITH"},{"data":"Night Terror","floor":32.0,"key":"SMITH"}],"circlet_count":0,"master_deck":["AscendersBane","Strike_G+1","Defend_G+1","Defend_G+1","Defend_G+1","Defend_G+1","Defend_G+1","Survivor+1","Neutralize+1","Deadly Poison+1","Bouncing Flask+1","Masterful Stab","Well Laid Plans+1","Corpse Explosion","Dodge and Roll","Night Terror+1","Footwork+1","Catalyst+1","PiercingWail+1","Bouncing Flask+1","Bouncing Flask","Concentrate","Acrobatics","Acrobatics","Night Terror+1","Venomology"],"relics":["Ring of the Snake","NeowsBlessing","WarpedTongs","Mercury Hourglass","MealTicket","Akabeko","Eternal Feather","Tiny House","StoneCalendar","Tough Bandages","Busted Crown"],"acts_visited":["Exordium","TheCity","TheBeyond"],"potions_floor_usage":[38],"damage_taken":[{"damage":0.0,"enemies":"Small Slimes","floor":1.0,"turns":1.0},{"damage":0.0,"enemies":"Gremlin Nob","floor":6.0,"turns":1.0},{"damage":0.0,"enemies":"Cultist","floor":7.0,"turns":1.0},{"damage":5.0,"enemies":"Jaw Worm","floor":10.0,"turns":2.0},{"damage":8.0,"enemies":"Lagavulin","floor":14.0,"turns":4.0},{"damage":18.0,"enemies":"Hexaghost","floor":16.0,"turns":8.0},{"damage":0.0,"enemies":"3 Byrds","floor":18.0,"turns":2.0},{"damage":0.0,"enemies":"Spheric Guardian","floor":20.0,"turns":2.0},{"damage":29.0,"enemies":"3 Cultists","floor":21.0,"turns":5.0},{"damage":10.0,"enemies":"Book of Stabbing","floor":24.0,"turns":5.0},{"damage":22.0,"enemies":"Slavers","floor":29.0,"turns":3.0},{"damage":0.0,"enemies":"Snake Plant","floor":31.0,"turns":2.0},{"damage":14.0,"enemies":"Collector","floor":33.0,"turns":3.0},{"damage":40.0,"enemies":"3 Darklings","floor":35.0,"turns":5.0},{"damage":0.0,"enemies":"3 Shapes","floor":36.0,"turns":1.0},{"damage":39,"enemies":"Spire Growth","floor":38,"turns":4}],"seed_played":"-8949448904271842423","potions_obtained":[{"floor":6.0,"key":"Block Potion"},{"floor":10.0,"key":"Energy Potion"},{"floor":17.0,"key":"Fruit Juice"},{"floor":21.0,"key":"EssenceOfSteel"},{"floor":29.0,"key":"Dexterity Potion"}],"is_trial":false,"path_per_floor":["M","$","?","$","T","E","M","R","T","M","$","R","$","E","R","B",null,"M","?","M","M","$","R","E","R","T","?","R","E","R","M","R","B",null,"M","M","?","M"],"character_chosen":"THE_SILENT","items_purchased":["Bouncing Flask","Bouncing Flask"],"campfire_rested":0,"item_purchase_floors":[2,22],"current_hp_per_floor":[59,59,59,59,59,59,59,59,59,54,66,66,66,58,66,48,72,72,72,72,43,58,70,60,72,72,72,76,54,69,69,76,62,73,33,33,33,0,0],"gold":124,"neow_bonus":"THREE_ENEMY_KILL","is_daily":false,"chose_seed":false,"campfire_upgraded":8,"win_rate":0.0,"timestamp":1614002375,"path_taken":["M","$","?","$","?","E","M","R","T","M","?","R","$","E","R","BOSS","M","?","M","M","$","R","E","R","T","?","R","E","R","M","R","BOSS","M","M","?","M"],"items_purchased_type":["Card","Card"],"build_version":"2020-12-22","purchased_purges":2,"victory":false,"max_hp_per_floor":[66,66,66,66,66,66,66,66,66,66,66,66,66,66,66,66,76,76,76,76,76,76,76,76,76,76,76,76,76,76,76,76,76,76,76,76,76,76,76],"relic_stats":{"Tough Bandages":[21],"Busted Crown":4,"counters":[16,49],"MealTicket":27,"Eternal Feather":58,"StoneCalendar":[0],"obtain_stats":[{"Tough Bandages":29,"Tiny House":17,"Busted Crown":34,"NeowsBlessing":0,"MealTicket":6,"Eternal Feather":14,"StoneCalendar":24,"Akabeko":9,"Ring of the Snake":0,"WarpedTongs":3,"Mercury Hourglass":5},{"Tough Bandages":11,"Tiny House":6,"Busted Crown":13,"NeowsBlessing":0,"MealTicket":2,"Eternal Feather":5,"StoneCalendar":10,"Akabeko":3,"Ring of the Snake":0,"WarpedTongs":1,"Mercury Hourglass":1},{"Tough Bandages":34,"Tiny House":17,"Busted Crown":39,"NeowsBlessing":0,"MealTicket":2,"Eternal Feather":9,"StoneCalendar":31,"Akabeko":3,"Ring of the Snake":0,"WarpedTongs":1,"Mercury Hourglass":1}],"Ring of the Snake":[32],"WarpedTongs":[42],"Mercury Hourglass":[212]},"card_choices":[{"not_picked":["Sucker Punch","Slice"],"picked":"Deadly Poison","floor":1.0},{"not_picked":["Dagger Spray","Calculated Gamble"],"picked":"Masterful Stab","floor":6.0},{"not_picked":["Poisoned Stab","Backflip"],"picked":"Well Laid Plans","floor":7.0},{"not_picked":["Dodge and Roll","Prepared"],"picked":"Corpse Explosion","floor":10.0},{"not_picked":["Finisher","Skewer"],"picked":"Dodge and Roll","floor":14.0},{"not_picked":["Bullet Time","Doppelganger"],"picked":"Night Terror","floor":16.0},{"not_picked":["Reflex","Outmaneuver"],"picked":"Footwork","floor":17.0},{"not_picked":["Riddle With Holes","Flying Knee"],"picked":"Catalyst","floor":18.0},{"not_picked":["Terror","Deadly Poison"],"picked":"PiercingWail+1","floor":20.0},{"not_picked":["Choke","Infinite Blades","Sucker Punch"],"picked":"SKIP","floor":21.0},{"not_picked":["Dagger Throw","Slice"],"picked":"Bouncing Flask","floor":24.0},{"not_picked":["Distraction","Predator"],"picked":"Acrobatics","floor":29.0},{"not_picked":["Bane","Quick Slash"],"picked":"Night Terror","floor":31.0},{"not_picked":["Glass Knife","Envenom"],"picked":"Venomology","floor":33.0},{"not_picked":["Poisoned Stab+1"],"picked":"SKIP","floor":35.0},{"not_picked":["Skewer"],"picked":"SKIP","floor":36.0}],"player_experience":842253,"relics_obtained":[{"floor":5.0,"key":"Mercury Hourglass"},{"floor":6.0,"key":"MealTicket"},{"floor":9.0,"key":"Akabeko"},{"floor":14.0,"key":"Eternal Feather"},{"floor":24.0,"key":"StoneCalendar"},{"floor":29.0,"key":"Tough Bandages"}],"event_choices":[{"damage_healed":0.0,"max_hp_gain":0.0,"max_hp_loss":0.0,"gold_gain":0.0,"event_name":"Accursed Blacksmith","player_choice":"Rummage","floor":3.0,"gold_loss":0.0,"damage_taken":0.0,"relics_obtained":["WarpedTongs"],"cards_obtained":["Pain"]},{"damage_healed":0.0,"max_hp_gain":0.0,"max_hp_loss":0.0,"gold_gain":0.0,"event_name":"Back to Basics","player_choice":"Simplicity","floor":19.0,"gold_loss":0.0,"damage_taken":0.0,"cards_upgraded":["Strike_G","Strike_G","Strike_G","Strike_G","Strike_G","Defend_G","Defend_G","Defend_G","Defend_G","Defend_G"]},{"damage_healed":0.0,"max_hp_gain":0.0,"max_hp_loss":0.0,"gold_gain":0.0,"cards_transformed":["Strike_G","Strike_G"],"event_name":"Drug Dealer","player_choice":"Became Test Subject","floor":27.0,"gold_loss":0.0,"damage_taken":0.0,"cards_obtained":["Concentrate","Acrobatics"]},{"cards_removed":["Strike_G"],"damage_healed":0.0,"max_hp_gain":0.0,"max_hp_loss":0.0,"gold_gain":0.0,"event_name":"Designer","player_choice":"Upgrade and Remove","floor":37.0,"gold_loss":110.0,"damage_taken":0.0,"cards_upgraded":["Bouncing Flask"]}],"is_beta":false,"boss_relics":[{"not_picked":["Philosopher\u0027s Stone","SlaversCollar"],"picked":"Tiny House"},{"not_picked":["Runic Pyramid","Velvet Choker"],"picked":"Busted Crown"}],"items_purged_floors":[11,22],"is_endless":false,"potions_floor_spawned":[6,10,21,29,31],"killed_by":"Spire Growth","ascension_level":20}}