{"host":"khwpnvgc3av0w6xd","time":1614021874,"event":{"mods":["BaseMod","Block Reminder","Colored Map","DeckTracker","Highlight Path","Minty Spire (QoL Compilation)","Quick Restart"],"gold_per_floor":[110,110,125,125,73,73,98,98,98,98,98,113,113,128,128,257,257,276,201,220,220,245,245,245,269,295,295,316,351,128,128,128,224,224,234,234,247,261,103,103,118,118,118],"floor_reached":42,"language":"DEU","playtime":1842,"items_purged":[],"score":648,"play_id":"dffb2d56-66d0-40a6-b6da-55c284ecccac","local_time":"20210222202434","is_ascension_mode":true,"campfire_choices":[{"data":"BattleHymn","floor":6,"key":"SMITH"},{"data":"WindmillStrike","floor":8,"key":"SMITH"},{"data":"Vigilance","floor":11,"key":"SMITH"},{"data":"Tantrum","floor":15,"key":"SMITH"},{"data":"Devotion","floor":23,"key":"SMITH"},{"data":"DevaForm","floor":27,"key":"SMITH"},{"data":"Ghostly","floor":32,"key":"SMITH"},{"floor":40,"key":"RECALL"}],"circlet_count":0,"master_deck":["Strike_P+1","Strike_P+1","Strike_P+1","Strike_P+1","Defend_P+1","Defend_P+1","Defend_P+1","Defend_P+1","Eruption+1","Vigilance+1","FlurryOfBlows","BattleHymn+1","BowlingBash","WindmillStrike+1","Tantrum","Tantrum+1","Devotion+1","ClearTheMind+1","MentalFortress","Prostrate","ThirdEye+1","Ghostly+1","Ghostly","Ghostly","Ghostly","Ghostly","DevaForm+1","ClearTheMind+1","Fasting2","Devotion","Crescendo+1","Ragnarok"],"relics":["HolyWater","NeowsBlessing","Du-Vu Doll","Vajra","Ornamental Fan","Bloody Idol","MealTicket","Bag of Preparation","Busted Crown"],"acts_visited":["Exordium","TheCity","TheBeyond"],"potions_floor_usage":[14,18,33,42,42,42],"damage_taken":[{"damage":0,"enemies":"Jaw Worm","floor":1,"turns":1},{"damage":0,"enemies":"Small Slimes","floor":3,"turns":1},{"damage":0,"enemies":"Lagavulin","floor":7,"turns":1},{"damage":3,"enemies":"2 Louse","floor":12,"turns":2},{"damage":0,"enemies":"Looter","floor":14,"turns":3},{"damage":0,"enemies":"Slime Boss","floor":16,"turns":3},{"damage":0,"enemies":"Shell Parasite","floor":18,"turns":3},{"damage":6,"enemies":"3 Byrds","floor":20,"turns":3},{"damage":0,"enemies":"3 Cultists","floor":22,"turns":2},{"damage":0,"enemies":"Snecko","floor":25,"turns":4},{"damage":0,"enemies":"Snake Plant","floor":28,"turns":3},{"damage":0,"enemies":"Gremlin Leader","floor":29,"turns":4},{"damage":0,"enemies":"Collector","floor":33,"turns":6},{"damage":16,"enemies":"Orb Walker","floor":35,"turns":4},{"damage":0,"enemies":"3 Shapes","floor":37,"turns":3},{"damage":3,"enemies":"Spire Growth","floor":38,"turns":3},{"damage":16,"enemies":"3 Darklings","floor":41,"turns":5},{"damage":33,"enemies":"Nemesis","floor":42,"turns":2}],"seed_played":"3263614780198672556","potions_obtained":[{"floor":7,"key":"Block Potion"},{"floor":12,"key":"DistilledChaos"},{"floor":25,"key":"GamblersBrew"},{"floor":28,"key":"Regen Potion"},{"floor":33,"key":"Swift Potion"},{"floor":35,"key":"PowerPotion"}],"is_trial":false,"path_per_floor":["M","?","M","?","$","R","E","R","T","?","R","M","?","M","R","B",null,"M","$","M","?","M","R","?","M","T","R","M","E","$","?","R","B",null,"M","$","M","M","$","R","M","E"],"character_chosen":"WATCHER","items_purchased":["BowlingBash","MentalFortress","Bag of Preparation","Fasting2","Ragnarok"],"campfire_rested":0,"item_purchase_floors":[5,19,30,30,39],"current_hp_per_floor":[72,72,72,69,69,69,69,69,69,51,51,48,48,48,48,48,72,72,72,66,66,66,66,36,36,36,36,36,36,36,36,36,36,36,25,36,36,36,36,36,25,0,0],"gold":118,"neow_bonus":"THREE_ENEMY_KILL","is_daily":false,"chose_seed":false,"campfire_upgraded":7,"win_rate":0.0,"timestamp":1614021874,"path_taken":["M","?","M","?","$","R","E","R","T","?","R","M","?","M","R","BOSS","M","$","M","?","M","R","?","M","T","R","M","E","$","?","R","BOSS","M","$","M","M","$","R","M","E"],"items_purchased_type":["Card","Card","Relic","Card","Card"],"build_version":"2020-12-22","purchased_purges":0,"victory":false,"max_hp_per_floor":[72,72,72,72,72,72,72,72,72,72,72,72,72,72,72,72,72,72,72,72,72,72,72,36,36,36,36,36,36,36,36,36,36,36,36,36,36,36,36,36,36,36,36],"card_choices":[{"not_picked":["Consecrate","JustLucky"],"picked":"FlurryOfBlows","floor":1},{"not_picked":["InnerPeace","FlurryOfBlows"],"picked":"BattleHymn","floor":3},{"not_picked":["TalkToTheHand","Evaluate"],"picked":"WindmillStrike","floor":7},{"not_picked":["CutThroughFate","ForeignInfluence"],"picked":"Tantrum","floor":12},{"not_picked":["FlyingSleeves","FollowUp"],"picked":"Tantrum","floor":14},{"not_picked":["Judgement","Vault"],"picked":"Devotion","floor":16},{"not_picked":["BowlingBash","Evaluate"],"picked":"ClearTheMind+1","floor":18},{"not_picked":["FlyingSleeves","Consecrate"],"picked":"Prostrate","floor":20},{"not_picked":["Protect+1","CrushJoints"],"picked":"ThirdEye+1","floor":22},{"not_picked":["Meditate","EmptyMind"],"picked":"DevaForm","floor":25},{"not_picked":["ClearTheMind","Crescendo","Sanctity"],"picked":"SKIP","floor":28},{"not_picked":["BowlingBash","Halt"],"picked":"ClearTheMind+1","floor":29},{"not_picked":["Blasphemy","Omniscience"],"picked":"Devotion","floor":33},{"not_picked":["Conclude+1"],"picked":"SKIP","floor":35},{"not_picked":[],"picked":"Crescendo+1","floor":37},{"not_picked":["Conclude"],"picked":"SKIP","floor":38},{"not_picked":["FollowUp"],"picked":"SKIP","floor":41}],"player_experience":120298,"relics_obtained":[{"floor":7,"key":"Vajra"},{"floor":9,"key":"Ornamental Fan"},{"floor":29,"key":"MealTicket"}],"event_choices":[{"damage_healed":0,"gold_gain":0,"player_choice":"Grow","damage_taken":0,"max_hp_gain":0,"max_hp_loss":0,"event_name":"Living Wall","floor":2,"gold_loss":0,"cards_upgraded":["Eruption"]},{"damage_healed":0,"gold_gain":0,"player_choice":"Success","damage_taken":3,"relics_obtained":["Du-Vu Doll"],"max_hp_gain":0,"max_hp_loss":0,"event_name":"Scrap Ooze","floor":4,"gold_loss":0},{"damage_healed":0,"gold_gain":0,"player_choice":"Take Damage","damage_taken":18,"relics_obtained":["Golden Idol"],"max_hp_gain":0,"max_hp_loss":0,"event_name":"Golden Idol","floor":10,"gold_loss":0},{"damage_healed":0,"gold_gain":0,"player_choice":"Ignored","damage_taken":0,"max_hp_gain":0,"max_hp_loss":0,"event_name":"Liars Game","floor":13,"gold_loss":0},{"damage_healed":0,"gold_gain":0,"player_choice":"Simplicity","damage_taken":0,"max_hp_gain":0,"max_hp_loss":0,"event_name":"Back to Basics","floor":21,"gold_loss":0,"cards_upgraded":["Strike_P","Strike_P","Strike_P","Strike_P","Defend_P","Defend_P","Defend_P","Defend_P"]},{"damage_healed":0,"gold_gain":0,"player_choice":"Became a Ghost","damage_taken":0,"max_hp_gain":0,"max_hp_loss":36,"event_name":"Ghosts","floor":24,"gold_loss":0,"cards_obtained":["Ghostly","Ghostly","Ghostly","Ghostly","Ghostly"]},{"damage_healed":0,"gold_gain":0,"player_choice":"Gave Idol","damage_taken":0,"relics_obtained":["Bloody Idol"],"max_hp_gain":0,"max_hp_loss":0,"event_name":"Forgotten Altar","floor":31,"relics_lost":["Golden Idol"],"gold_loss":0}],"is_beta":false,"boss_relics":[{"not_picked":["Cursed Key","Astrolabe"],"picked":"HolyWater"},{"not_picked":["Empty Cage","SacredBark"],"picked":"Busted Crown"}],"items_purged_floors":[],"is_endless":false,"potions_floor_spawned":[7,12,25,28,33,35,37],"killed_by":"Nemesis","ascension_level":2}}