{"host":"pboyrhtqteqd23la","time":1614023398,"event":{"mods":["Aspiration","BaseMod","Bestiary","Conspire","Downfall","Energized Spire","Halation","Minty Spire (QoL Compilation)","Relic Stats","Reliquary","Shop Mod","StSLib","The Servant 0.9.4","Waifu the Spire"],"gold_per_floor":[113,127,127,141,141,141,174,187,187,187,221,221,233,251,251,346,346,359,359,379,304,229,258,258,269,269,269,281,203,203,223,223,324,324,342,392,202,202,218,245,245,273,324,352,367,386,386,403,403,403,403,403,179,210,210],"floor_reached":56,"language":"ENG","playtime":3713,"items_purged":["Strike_R"],"score":1262,"play_id":"cca5a17f-7256-42c3-9e33-7ea713719022","local_time":"20210222124958","is_ascension_mode":false,"campfire_choices":[{"data":"Twin Strike","floor":6,"key":"SMITH"},{"floor":12,"key":"RECALL"},{"floor":15,"key":"REST"},{"floor":24,"key":"REST"},{"data":"Bludgeon","floor":27,"key":"SMITH"},{"data":"Battle Trance","floor":30,"key":"SMITH"},{"data":"Flex","floor":32,"key":"SMITH"},{"floor":41,"key":"REST"},{"floor":49,"key":"REST"},{"floor":52,"key":"REST"}],"circlet_count":0,"master_deck":["Strike_R","Strike_R","Defend_R","Defend_R","Bash","Inflame+1","Twin Strike+1","Finisher","Escape Plan","Survivor","Twin Strike+1","Battle Trance+1","Cleave","Cleave","Reaper","Bludgeon+1","Flex+1","Dual Wield+1","Twin Strike","Iron Wave+1","Bloodletting+1","Twin Strike","Brutality","Armaments+1","Secret Weapon","Rupture","Infernal Blade+1","Exhume","Heavy Blade+1","Headbutt+1","Hemokinesis+1","Offering","Bloodletting","Evolve","The Bomb","Berserk"],"relics":["Burning Blood","aspiration:Lifesprig","Letter Opener","Mummified Hand","Necronomicon","aspiration:HatOfInfinitePower","aspiration:HummingbirdHeart","Fusion Hammer","Gambling Chip","halation:SelfBoilingWater","Paper Frog","halation:PinkSoulGem","MerchantsRug","reliquary:SilkGlove"],"acts_visited":["Exordium","TheCity","TheBeyond","TheEnding"],"potions_floor_usage":[44,46,55],"damage_taken":[{"damage":6.0,"enemies":"conspire:RoseBush","floor":1.0,"turns":3.0},{"damage":6.0,"enemies":"Cultist","floor":2.0,"turns":3.0},{"damage":10,"enemies":"2 Louse","floor":4,"turns":2},{"damage":19,"enemies":"3 Sentries","floor":7,"turns":5},{"damage":2,"enemies":"Looter","floor":8,"turns":2},{"damage":14,"enemies":"Gremlin Nob","floor":11,"turns":3},{"damage":3,"enemies":"Large Slime","floor":13,"turns":3},{"damage":9,"enemies":"conspire:2 RoseBushes","floor":14,"turns":3},{"damage":45,"enemies":"Hexaghost","floor":16,"turns":6},{"damage":22,"enemies":"conspire:FuzzyDice","floor":18,"turns":4},{"damage":0,"enemies":"Chosen","floor":20,"turns":3},{"damage":43,"enemies":"Gremlin Leader","floor":23,"turns":4},{"damage":21,"enemies":"Snake Plant","floor":25,"turns":3},{"damage":0,"enemies":"conspire:HollyBat","floor":28,"turns":6},{"damage":3,"enemies":"Centurion and Healer","floor":31,"turns":2},{"damage":27,"enemies":"Champ","floor":33,"turns":7},{"damage":0,"enemies":"Orb Walker","floor":35,"turns":2},{"damage":2,"enemies":"Mind Bloom Boss Battle","floor":36,"turns":4},{"damage":9,"enemies":"3 Shapes","floor":39,"turns":1},{"damage":21,"enemies":"Giant Head","floor":40,"turns":5},{"damage":52,"enemies":"Nemesis","floor":42,"turns":5},{"damage":60,"enemies":"conspire:MimicChest","floor":44,"turns":5},{"damage":1,"enemies":"Transient","floor":45,"turns":5},{"damage":41,"enemies":"Spire Growth","floor":46,"turns":4},{"damage":0,"enemies":"Jaw Worm Horde","floor":48,"turns":2},{"damage":55,"enemies":"Donu and Deca","floor":50,"turns":5},{"damage":48,"enemies":"Shield and Spear","floor":54,"turns":4},{"damage":104,"enemies":"The Heart","floor":55,"turns":5}],"seed_played":"1385454095554840146","potions_obtained":[{"floor":4,"key":"Strength Potion"},{"floor":7,"key":"SneckoOil"},{"floor":16,"key":"sneckomod:MuddlingPotion"},{"floor":18,"key":"DuplicationPotion"},{"floor":28,"key":"LiquidMemories"},{"floor":44,"key":"Energy Potion"},{"floor":46,"key":"champ:CounterPotion"}],"is_trial":false,"path_per_floor":["M","M","?","M","?","R","E","M","T","?","E","R","M","M","R","B",null,"M","?","M","$","?","E","R","M","T","R","M","$","R","M","R","B",null,"M","?","$","?","M","E","R","E","T","?","M","M","?","M","R","B",null,"R","$","E","B",null],"character_chosen":"IRONCLAD","items_purchased":["halation:LostSnail","Secret Weapon","MerchantsRug","Bloodletting","Evolve","Energy Potion","The Bomb"],"campfire_rested":5,"item_purchase_floors":[29,37,53,53,53,53,53],"current_hp_per_floor":[80,80,80,76,60,60,47,51,51,51,43,43,46,43,67,35,80,71,55,61,61,61,41,65,55,55,55,61,61,61,80,80,69,80,80,80,80,80,80,79,80,34,34,12,65,55,55,80,80,53,80,80,80,52,13],"gold":210,"neow_bonus":"RANDOM_COMMON_RELIC","is_daily":false,"chose_seed":false,"campfire_upgraded":4,"win_rate":0.0,"timestamp":1614023398,"path_taken":["M","M","?","?","?","R","E","M","T","?","E","R","M","M","R","BOSS","M","?","M","$","?","E","R","M","T","R","M","$","R","M","R","BOSS","M","?","$","?","?","E","R","E","T","?","M","M","?","M","R","BOSS","R","$","E","BOSS"],"items_purchased_type":["Relic","Card","Relic","Card","Card","Potion","Card"],"build_version":"2020-12-22","purchased_purges":1,"victory":true,"max_hp_per_floor":[80,80,80,80,80,80,80,80,80,80,80,80,80,80,80,80,80,80,80,80,80,80,80,80,80,80,80,80,80,80,80,80,80,80,80,80,80,80,80,80,80,80,80,80,80,80,80,80,80,80,80,80,80,80,80],"relic_stats":{"counters":[28,106],"Mummified Hand":[47],"Gambling Chip":[26],"Necronomicon":[40],"Letter Opener":[176],"obtain_stats":[{"MerchantsRug":53,"aspiration:Lifesprig":0,"Regal Pillow":43,"reliquary:SilkGlove":54,"Omamori":7,"aspiration:HummingbirdHeart":26,"Letter Opener":10,"halation:SelfBoilingWater":40,"Question Card":42,"Burning Blood":0,"Mummified Hand":11,"Gambling Chip":36,"Fusion Hammer":34,"energizedSpire:MagnifyingGlass":17,"Necronomicon":19,"halation:LostSnail":29,"aspiration:HatOfInfinitePower":23,"halation:PinkSoulGem":47,"Paper Frog":44},{"MerchantsRug":26,"aspiration:Lifesprig":0,"Regal Pillow":21,"reliquary:SilkGlove":27,"Omamori":4,"aspiration:HummingbirdHeart":13,"Letter Opener":5,"halation:SelfBoilingWater":20,"Question Card":21,"Burning Blood":0,"Mummified Hand":6,"Gambling Chip":18,"Fusion Hammer":16,"energizedSpire:MagnifyingGlass":9,"Necronomicon":10,"halation:LostSnail":14,"aspiration:HatOfInfinitePower":12,"halation:PinkSoulGem":24,"Paper Frog":22},{"MerchantsRug":97,"aspiration:Lifesprig":0,"Regal Pillow":76,"reliquary:SilkGlove":101,"Omamori":13,"aspiration:HummingbirdHeart":44,"Letter Opener":15,"halation:SelfBoilingWater":71,"Question Card":76,"Burning Blood":0,"Mummified Hand":18,"Gambling Chip":65,"Fusion Hammer":59,"energizedSpire:MagnifyingGlass":30,"Necronomicon":34,"halation:LostSnail":50,"aspiration:HatOfInfinitePower":41,"halation:PinkSoulGem":90,"Paper Frog":81}],"Burning Blood":143},"card_choices":[{"not_picked":["Clothesline","Anger"],"picked":"Inflame","floor":1.0},{"not_picked":["Iron Wave","Flex"],"picked":"Twin Strike","floor":2.0},{"not_picked":["Shockwave","Fire Breathing"],"picked":"Twin Strike","floor":4},{"not_picked":["Rampage","Rage"],"picked":"Battle Trance","floor":7},{"not_picked":["Havoc","Ghostly Armor"],"picked":"Cleave","floor":8},{"not_picked":["Intimidate","Warcry","Infernal Blade"],"picked":"SKIP","floor":11},{"not_picked":["Pommel Strike","True Grit"],"picked":"Cleave","floor":13},{"not_picked":["Bloodletting","Clash"],"picked":"Reaper","floor":14},{"not_picked":["Corruption","conspire:Purge"],"picked":"Bludgeon","floor":16},{"not_picked":["Sentinel","conspire:Charge+1"],"picked":"Flex","floor":18},{"not_picked":["Feel No Pain","Flex"],"picked":"Dual Wield+1","floor":20},{"not_picked":["Fire Breathing","Perfected Strike"],"picked":"Twin Strike","floor":23},{"not_picked":["Shrug It Off","Sentinel+1"],"picked":"Iron Wave+1","floor":25},{"not_picked":["Carnage","Sentinel"],"picked":"Bloodletting+1","floor":28},{"not_picked":["Clothesline+1","Wild Strike"],"picked":"Twin Strike","floor":31},{"not_picked":["Barricade","Bludgeon"],"picked":"Brutality","floor":33},{"not_picked":["Thunderclap","Armaments","Bloodletting+1"],"picked":"SKIP","floor":35},{"not_picked":["Reckless Charge+1","Flame Barrier"],"picked":"Armaments+1","floor":36},{"not_picked":["Warcry+1","Shrug It Off"],"picked":"Rupture","floor":39},{"not_picked":["Havoc","Feel No Pain+1"],"picked":"Infernal Blade+1","floor":40},{"not_picked":["Twin Strike+1","Shockwave"],"picked":"Exhume","floor":42},{"not_picked":["Warcry+1","Armaments","Fire Breathing"],"picked":"Heavy Blade+1","floor":44},{"not_picked":["Whirlwind","conspire:ExplosiveBarrier+1","Dark Embrace"],"picked":"Headbutt+1","floor":45},{"not_picked":["Armaments","Blood for Blood","Twin Strike"],"picked":"Hemokinesis+1","floor":46},{"not_picked":["Sever Soul+1","Twin Strike","Clash"],"picked":"Offering","floor":48},{"not_picked":["Twin Strike","Seeing Red"],"picked":"Berserk","floor":54}],"player_experience":671471,"relics_obtained":[{"floor":7,"key":"Omamori"},{"floor":11,"key":"Mummified Hand"},{"floor":19,"key":"Necronomicon"},{"floor":23,"key":"aspiration:HatOfInfinitePower"},{"floor":26,"key":"aspiration:HummingbirdHeart"},{"floor":36,"key":"Gambling Chip"},{"floor":40,"key":"halation:SelfBoilingWater"},{"floor":42,"key":"Question Card"},{"floor":43,"key":"Regal Pillow"},{"floor":44,"key":"Paper Frog"},{"floor":54,"key":"reliquary:SilkGlove"}],"event_choices":[{"damage_healed":0,"gold_gain":0,"player_choice":"Entered Light","damage_taken":16,"max_hp_gain":0,"max_hp_loss":0,"event_name":"Shining Light","floor":5,"gold_loss":0,"cards_upgraded":["Twin Strike","Inflame"]},{"damage_healed":0,"gold_gain":0,"player_choice":"Box","damage_taken":0,"relics_obtained":["Letter Opener"],"max_hp_gain":0,"max_hp_loss":0,"event_name":"Big Fish","floor":10,"gold_loss":0,"cards_obtained":["Regret"]},{"damage_healed":0,"gold_gain":0,"player_choice":"Obtained Book","damage_taken":16,"max_hp_gain":0,"max_hp_loss":0,"event_name":"Cursed Tome","floor":19,"gold_loss":0},{"cards_removed":["Strike_R"],"damage_healed":0,"gold_gain":0,"player_choice":"Gave Gold","damage_taken":0,"max_hp_gain":0,"max_hp_loss":0,"event_name":"Beggar","floor":22,"gold_loss":75},{"damage_healed":0,"gold_gain":0,"player_choice":"Fight","damage_taken":0,"max_hp_gain":0,"max_hp_loss":0,"event_name":"MindBloom","floor":36,"gold_loss":0}],"is_beta":false,"boss_relics":[{"not_picked":["Tiny House","Pandora\u0027s Box"],"picked":"energizedSpire:MagnifyingGlass"},{"not_picked":["Empty Cage","energizedSpire:RedRose"],"picked":"Fusion Hammer"}],"items_purged_floors":[21],"is_endless":false,"potions_floor_spawned":[4,7,16,18,28,36,39,44,45,46],"ascension_level":0}}