{"host":"4wbfffuiqd9v0v1t","time":1614030485,"event":{"mods":["BaseMod","Bestiary","Highlight Path","Minty Spire (QoL Compilation)","Relic Stats","StSLib","ojb\u0027s Info Mod"],"gold_per_floor":[119,84,159,170,170,211,211,252,252,22,47,47,64,103,103,103,103],"floor_reached":16,"language":"ENG","playtime":927,"items_purged":["Strike_R"],"score":236,"play_id":"7c9b1fca-b262-421a-a65d-20e2e09c82c4","local_time":"20210222164805","is_ascension_mode":true,"campfire_choices":[{"floor":7.0,"key":"REST"},{"data":"Bash","floor":12.0,"key":"SMITH"},{"data":"Anger","floor":15.0,"key":"SMITH"}],"circlet_count":0,"master_deck":["AscendersBane","Strike_R","Strike_R","Strike_R","Strike_R","Defend_R","Defend_R","Defend_R","Defend_R","Bash+1","Cleave","Anger+1","Reckless Charge","Battle Trance","Dark Embrace+1","Reckless Charge","Corruption+1"],"relics":["Burning Blood","Nunchaku","CeramicFish","Bronze Scales","MealTicket","Frozen Egg 2","Sundial"],"acts_visited":["Exordium"],"potions_floor_usage":[16],"damage_taken":[{"damage":11.0,"enemies":"Jaw Worm","floor":1.0,"turns":6.0},{"damage":7.0,"enemies":"2 Louse","floor":4.0,"turns":3.0},{"damage":53.0,"enemies":"Gremlin Nob","floor":6.0,"turns":5.0},{"damage":25.0,"enemies":"Lagavulin","floor":8.0,"turns":7.0},{"damage":0.0,"enemies":"Small Slimes","floor":11.0,"turns":2.0},{"damage":11.0,"enemies":"Blue Slaver","floor":13.0,"turns":3.0},{"damage":25.0,"enemies":"3 Sentries","floor":14.0,"turns":5.0},{"damage":28,"enemies":"Hexaghost","floor":16,"turns":8}],"seed_played":"-8503939730352718969","potions_obtained":[{"floor":4.0,"key":"EssenceOfSteel"},{"floor":6.0,"key":"PowerPotion"},{"floor":11.0,"key":"EssenceOfSteel"}],"is_trial":false,"path_per_floor":["M","?","?","M","?","E","R","E","T","$","M","R","M","E","R","B"],"character_chosen":"IRONCLAD","items_purchased":["Dark Embrace+1","Regen Potion"],"campfire_rested":1,"item_purchase_floors":[10,10],"current_hp_per_floor":[63,75,64,63,58,11,33,14,14,29,35,35,30,23,23,0,0],"gold":103,"neow_bonus":"RANDOM_COMMON_RELIC","is_daily":false,"chose_seed":false,"campfire_upgraded":2,"win_rate":0.0,"timestamp":1614030485,"path_taken":["M","?","?","M","?","E","R","E","T","?","?","R","M","E","R","BOSS"],"items_purchased_type":["Card","Potion"],"build_version":"2020-12-22","purchased_purges":1,"victory":false,"max_hp_per_floor":[75,75,75,75,75,75,75,75,75,75,75,75,75,75,75,75,75],"relic_stats":{"Nunchaku":[8],"counters":[8,39],"Sundial":[2],"CeramicFish":45,"Bronze Scales":[61],"MealTicket":15,"obtain_stats":[{"Nunchaku":0,"Sundial":14,"CeramicFish":5,"Bronze Scales":6,"MealTicket":8,"Frozen Egg 2":9,"Burning Blood":0},{"Nunchaku":0,"Sundial":7,"CeramicFish":2,"Bronze Scales":3,"MealTicket":4,"Frozen Egg 2":4,"Burning Blood":0},{"Nunchaku":0,"Sundial":31,"CeramicFish":9,"Bronze Scales":14,"MealTicket":21,"Frozen Egg 2":21,"Burning Blood":0}],"Burning Blood":42},"card_choices":[{"not_picked":["Headbutt","Shrug It Off"],"picked":"Cleave","floor":1.0},{"not_picked":["Body Slam","Heavy Blade"],"picked":"Anger","floor":4.0},{"not_picked":["Body Slam","Twin Strike"],"picked":"Reckless Charge","floor":6.0},{"not_picked":["Perfected Strike","Bludgeon"],"picked":"Battle Trance","floor":8.0},{"not_picked":["Sword Boomerang","Cleave"],"picked":"Reckless Charge","floor":11.0},{"not_picked":["Sword Boomerang","Perfected Strike","Warcry"],"picked":"SKIP","floor":13.0},{"not_picked":["Warcry","Burning Pact"],"picked":"Corruption+1","floor":14.0}],"player_experience":167105,"relics_obtained":[{"floor":6.0,"key":"Bronze Scales"},{"floor":8.0,"key":"MealTicket"},{"floor":9.0,"key":"Frozen Egg 2"},{"floor":14.0,"key":"Sundial"}],"event_choices":[{"damage_healed":18.0,"max_hp_gain":0.0,"max_hp_loss":0.0,"gold_gain":0.0,"event_name":"The Cleric","player_choice":"Healed","floor":2.0,"gold_loss":35.0,"damage_taken":0.0},{"damage_healed":0.0,"max_hp_gain":0.0,"max_hp_loss":0.0,"gold_gain":75.0,"event_name":"World of Goop","player_choice":"Gather Gold","floor":3.0,"gold_loss":0.0,"damage_taken":11.0},{"damage_healed":0.0,"max_hp_gain":0.0,"max_hp_loss":0.0,"gold_gain":0.0,"event_name":"Scrap Ooze","player_choice":"Success","floor":5.0,"gold_loss":0.0,"damage_taken":5.0,"relics_obtained":["CeramicFish"]}],"is_beta":false,"boss_relics":[],"items_purged_floors":[10],"is_endless":false,"potions_floor_spawned":[4,6,11],"killed_by":"Hexaghost","ascension_level":20}}