{"host":"kux12pw67lc1ca9q","time":1614005447,"event":{"mods":["2.2 Compatiblity","Act Like it!","Ascension Unlocker","Aspiration","BaseMod","Better Altar","Better Match","Better Sensory Stone","Better Skull","Better Third Choice","BetterRewards","Block Reminder","CCEM2","Displayed Cursed Tome","Elementarium","Energized Spire","Gensokyo","GifTheSpireLib","Hallownest","Hermit","Infinite Spire","JesterMod","Jorbs\u0027s Wanderer Trilogy","Marisa????????","Marked Mod","Menagerie","Minty Spire (QoL Compilation)","Permanent Neow","Potionbrewer","Quick Restart","Reimu??????","Replay The Spire","Ruina","SCP261 Mod","Shade Mod","Shop Mod","Spicy Shops","Spikes Relics","StSLib","Stuff the Spire","The Bug Knight","The Cursed","The Death Knight","The Hayseed","The Hierophant","The Judge","The Juggle","The Mystic","The Necromancer","The Runesmith","The Witch","Virulent Crown","thorton"],"gold_per_floor":[115,128,141,157,177,177,177],"floor_reached":6,"language":"ENG","playtime":335,"items_purged":[],"score":80,"play_id":"8083bda0-0f88-4896-9cbf-faa58213138c","local_time":"20210222145047","is_ascension_mode":true,"campfire_choices":[],"circlet_count":0,"master_deck":["AscendersBane","Strike_P","Strike_P","Strike_P","Strike_P","Defend_P","Defend_P","Defend_P","Defend_P","Eruption","Vigilance","WreathOfFlame","Evaluate","Wallop","Evaluate","Evaluate"],"relics":["PureWater","infinitespire:Golems Mask"],"acts_visited":["Menagerie:Menagerie"],"potions_floor_usage":[5],"damage_taken":[{"damage":18.0,"enemies":"Menagerie:MonstrousExperiment","floor":1.0,"turns":3.0},{"damage":0.0,"enemies":"Menagerie:StygianBoar","floor":2.0,"turns":4.0},{"damage":0.0,"enemies":"Menagerie:2_RABBITS","floor":3.0,"turns":6.0},{"damage":0.0,"enemies":"Menagerie:RedMage","floor":4.0,"turns":2.0},{"damage":4,"enemies":"Menagerie:3_RABBITS","floor":5,"turns":3},{"damage":0,"enemies":"Menagerie:MaskedSummoner","floor":6,"turns":1}],"seed_played":"8380389868295505066","potions_obtained":[{"floor":1.0,"key":"BlessingOfTheForge"},{"floor":4.0,"key":"SCP261:DewritoBlazePotion"}],"is_trial":false,"path_per_floor":["M","M","M","M","M","E"],"character_chosen":"WATCHER","items_purchased":[],"campfire_rested":0,"item_purchase_floors":[],"current_hp_per_floor":[43,43,43,43,39,39,39],"gold":177,"neow_bonus":"ONE_RARE_RELIC","is_daily":false,"chose_seed":false,"campfire_upgraded":0,"win_rate":0.0,"timestamp":1614005447,"path_taken":["M","?","M","M","M","E"],"items_purchased_type":[],"build_version":"2020-12-22","purchased_purges":0,"victory":false,"max_hp_per_floor":[62,62,62,62,62,62,62],"card_choices":[{"not_picked":["FlyingSleeves","Conclude"],"picked":"WreathOfFlame","floor":1.0},{"not_picked":["Weave","LikeWater"],"picked":"Evaluate","floor":2.0},{"not_picked":["Replay:DivineShield","Halt"],"picked":"Wallop","floor":3.0},{"not_picked":["Replay:ManipulateFuture","MarkedMod:OneThousandNeedles"],"picked":"Evaluate","floor":4.0},{"not_picked":["MarkedMod:NorthStar","MarkedMod:OneThousandNeedles"],"picked":"Evaluate","floor":5}],"player_experience":1341171,"relics_obtained":[],"event_choices":[],"is_beta":false,"boss_relics":[],"items_purged_floors":[],"is_endless":false,"potions_floor_spawned":[1,4],"killed_by":"Menagerie:MaskedSummoner","ascension_level":20}}