{"host":"og21o26alpnbwmz8","time":1614028958,"event":{"mods":["2.2 Compatiblity","A Magickal Journey","Act Like it!","Aspiration","BaseMod","Conspire","Downfall","Gensokyo","GungeonMod","Halation","Hubris","Jedi Mod","Magitek Elite","Mimic Mod","Minty Spire (QoL Compilation)","Pale of the Ancients","Reliquary","Replay The Spire","Shop Mod","Spikes Relics","StSLib","The Alterego","The Animator","The Blue Laboratory","The Bug Knight","The Exalted","The Florist","The Poker Player","The Saiyan","Waifu the Spire","Yuri Mod"],"gold_per_floor":[112,122,197,50,72,107,107,136,136,136,148,160,190,210,210,210,210],"floor_reached":16,"language":"ENG","playtime":757,"items_purged":[],"score":114,"play_id":"c6a16bed-ad97-4016-bf46-fcc88d5e03da","local_time":"20210222162238","is_ascension_mode":false,"campfire_choices":[{"data":"animator:UneriGinkaku","floor":7,"key":"SMITH"},{"data":"animator:Nanami","floor":10,"key":"SMITH"},{"data":"animator:HigakiRinne","floor":15,"key":"SMITH"}],"circlet_count":0,"master_deck":["animator:Strike_Katanagatari","animator:Defend_Katanagatari","animator:Strike","animator:Strike","animator:Strike","animator:Defend","animator:Defend","animator:Defend","animator:Azekura","animator:Emonzaemon+1","animator:UneriGinkaku+1","animator:TsurugaMeisai","animator:Nanami+1","animator:HigakiRinne+1"],"relics":["animator:LivingPicture","animator:TheMissingPiece","Replay:Baseball","Replay:Bottled Flurry","HollowMod:LifeEnderRelic"],"acts_visited":["Exordium"],"potions_floor_usage":[13],"damage_taken":[{"damage":1,"enemies":"Jaw Worm","floor":1,"turns":4},{"damage":1,"enemies":"Cultist","floor":2,"turns":4},{"damage":0,"enemies":"Small Slimes","floor":5,"turns":3},{"damage":10,"enemies":"3 Sentries","floor":6,"turns":12},{"damage":0,"enemies":"3 Louse","floor":8,"turns":2},{"damage":0,"enemies":"Large Slime","floor":11,"turns":6},{"damage":0,"enemies":"Exordium Wildlife","floor":12,"turns":4},{"damage":34,"enemies":"Gremlin Nob","floor":13,"turns":5},{"damage":8,"enemies":"Lots of Slimes","floor":14,"turns":3},{"damage":25,"enemies":"Fading Forest","floor":16,"turns":7}],"seed_played":"-1718897640689855314","potions_obtained":[{"floor":2,"key":"PowerPotion"},{"floor":5,"key":"Milkshake"},{"floor":6,"key":"EssenceOfSteel"},{"floor":12,"key":"blueLaboratory:FruitPunch"},{"floor":13,"key":"LiquidMemories"}],"is_trial":false,"path_per_floor":["M","M","?","$","M","E","R","M","T","R","M","M","E","M","R","B"],"character_chosen":"THE_ANIMATOR","items_purchased":["Replay:Baseball"],"campfire_rested":0,"item_purchase_floors":[4],"current_hp_per_floor":[65,64,58,58,58,49,49,49,49,49,49,49,18,10,10,0,0],"gold":210,"neow_bonus":"RANDOM_EVENT","is_daily":false,"chose_seed":false,"campfire_upgraded":3,"win_rate":0.0,"timestamp":1614028958,"path_taken":["M","M","?","$","M","E","R","M","T","R","?","M","E","M","R","BOSS"],"items_purchased_type":["Relic"],"build_version":"2020-12-22","purchased_purges":0,"victory":false,"max_hp_per_floor":[66,66,66,66,66,67,67,67,67,67,67,67,70,70,70,70,70],"card_choices":[{"not_picked":["animator:ChaikaBohdan","animator:Benimaru","animator:Shuna"],"picked":"SKIP","floor":1},{"not_picked":["animator:Vesta","animator:Hakurou","animator:ShinjiMatou"],"picked":"SKIP","floor":2},{"not_picked":["animator:EmiyaShirou","animator:Assassin"],"picked":"animator:UneriGinkaku","floor":5},{"not_picked":["animator:Azekura","animator:ZankiKiguchi"],"picked":"animator:TsurugaMeisai","floor":6},{"not_picked":["animator:Spearman","animator:GazelDwargon"],"picked":"animator:Nanami","floor":8},{"not_picked":["animator:EmiyaShirou","animator:Saitama","animator:LizardPriest"],"picked":"SKIP","floor":11},{"not_picked":["animator:Spearman","animator:Azekura","animator:ZankiKiguchi"],"picked":"SKIP","floor":12},{"not_picked":["animator:UneriGinkaku","animator:Konayuki"],"picked":"animator:HigakiRinne","floor":13},{"not_picked":["animator:Archer","animator:Hakurou","animator:ChaikaBohdan"],"picked":"SKIP","floor":14}],"player_experience":442099,"relics_obtained":[{"floor":6,"key":"Replay:Bottled Flurry"},{"floor":13,"key":"HollowMod:LifeEnderRelic"}],"event_choices":[{"damage_healed":0,"gold_gain":75,"player_choice":"Touch","damage_taken":6,"max_hp_gain":0,"max_hp_loss":0,"event_name":"FaceTrader","floor":3,"gold_loss":0}],"is_beta":false,"boss_relics":[],"items_purged_floors":[],"is_endless":false,"potions_floor_spawned":[2,5,6,12,13],"killed_by":"Fading Forest","ascension_level":0}}