{"host":"og21o26alpnbwmz8","time":1614023017,"event":{"mods":["2.2 Compatiblity","A Magickal Journey","Act Like it!","Aspiration","BaseMod","Conspire","Downfall","Gensokyo","GungeonMod","Halation","Hubris","Jedi Mod","Magitek Elite","Mimic Mod","Minty Spire (QoL Compilation)","Pale of the Ancients","Reliquary","Replay The Spire","Shop Mod","Spikes Relics","StSLib","The Alterego","The Animator","The Blue Laboratory","The Bug Knight","The Exalted","The Florist","The Poker Player","The Saiyan","Waifu the Spire","Yuri Mod"],"gold_per_floor":[113,132,152,167,182,182,208,223,300,310,310,329,343,42,42,144,144,154,154,154,154,1,1,1,1,1,29,29,42,236,251,251,347,347,367,0,18,38,58,58,58,58,84,84,84,84,84,84,84,84,84],"floor_reached":50,"language":"ENG","playtime":1907,"items_purged":[],"score":487,"play_id":"309977ee-74c4-4e6e-a436-bc8fccf16f28","local_time":"20210222144337","is_ascension_mode":false,"campfire_choices":[{"data":"HollowMod:HowlingWraiths","floor":6,"key":"SMITH"},{"data":"HollowMod:FocusHealStart","floor":15,"key":"SMITH"},{"data":"HollowMod:DesolateDive","floor":23,"key":"SMITH"},{"data":"HollowMod:SoulVessel","floor":25,"key":"SMITH"},{"data":"HollowMod:SoulEater","floor":28,"key":"SMITH"},{"floor":32,"key":"REST"},{"floor":40,"key":"RECALL"},{"data":"HollowMod:AwokenDreamNail","floor":42,"key":"SMITH"},{"floor":47,"key":"REST"},{"data":"HollowMod:SoulMaster","floor":49,"key":"SMITH"}],"circlet_count":0,"master_deck":["HollowMod:QuickDashStart","HollowMod:QuickDashStart","HollowMod:QuickDashStart","HollowMod:QuickDashStart","HollowMod:FocusHealStart+1","HollowMod:PogoStrike","HollowMod:Hiveblood","HollowMod:SoulEater+1","HollowMod:HowlingWraiths+1","HollowMod:DesolateDive+1","HollowMod:HowlingWraiths","HollowMod:SoulVessel+1","Predator","Dagger Spray","HollowMod:GoodIntentions","HollowMod:SoulMaster+1","HollowMod:Grubsong+1","HollowMod:MonomonsArchive+1","HollowMod:CornifersMapStart","Gensokyo:ShootingStar","HollowMod:AwokenDreamNail+1","HollowMod:ChannelNail+1","HollowMod:GoodIntentions+1","HollowMod:SoulSplash+1"],"relics":["HollowMod:VesselMask","halation:SelfBoilingWater","Mummified Hand","CosmicIsotope","Blue Candle","Gensokyo:RedStar","Replay:Baseball","Mercury Hourglass","Regal Pillow","Gem_Box","Medical Kit","Juzu Bracelet","Dream Catcher"],"acts_visited":["Exordium","Gensokyo:Gensokyo","Gensokyo:Gensokyoer"],"potions_floor_usage":[16,33],"damage_taken":[{"damage":2,"enemies":"Gensokyo:Gryphon","floor":1,"turns":3},{"damage":0,"enemies":"Gensokyo:Python","floor":2,"turns":4},{"damage":0,"enemies":"Gensokyo:3_Fairies","floor":3,"turns":3},{"damage":12,"enemies":"Gensokyo:Python_and_Kodama","floor":4,"turns":4},{"damage":11,"enemies":"Gensokyo:3_Kodama","floor":5,"turns":3},{"damage":36,"enemies":"Gensokyo:Mamizou","floor":7,"turns":9},{"damage":18,"enemies":"Gensokyo:VengefulSpirit","floor":8,"turns":6},{"damage":2,"enemies":"Gensokyo:2_Rabbits","floor":10,"turns":4},{"damage":4,"enemies":"Gensokyo:3_Kodama","floor":12,"turns":2},{"damage":2,"enemies":"Gensokyo:VengefulSpirit","floor":13,"turns":4},{"damage":66,"enemies":"Gensokyo:Kokoro","floor":16,"turns":12},{"damage":0,"enemies":"Gensokyo:2_Gloops","floor":18,"turns":4},{"damage":20,"enemies":"Gensokyo:Koishi","floor":27,"turns":4},{"damage":43,"enemies":"Gensokyo:3_Dogs","floor":29,"turns":5},{"damage":2,"enemies":"Gensokyo:3_Gloops","floor":31,"turns":4},{"damage":52,"enemies":"Gensokyo:Eternal_Rivals","floor":33,"turns":10},{"damage":0,"enemies":"Gensokyo:AncientGuardian","floor":35,"turns":5},{"damage":31,"enemies":"Gensokyo:3_Boulders","floor":37,"turns":7},{"damage":34,"enemies":"Gensokyo:AtlasGolem","floor":38,"turns":6},{"damage":16,"enemies":"Gensokyo:Dusk_and_Dawn","floor":39,"turns":5},{"damage":102,"enemies":"Gensokyo:Scarlet_Devils","floor":50,"turns":8}],"seed_played":"8143809654485190906","potions_obtained":[{"floor":1,"key":"EssenceOfSteel"},{"floor":5,"key":"blueLaboratory:BottledHope"},{"floor":7,"key":"LifebloodPotion"},{"floor":16,"key":"hexamod:SoulburnPotion"},{"floor":31,"key":"Energy Potion"},{"floor":33,"key":"blueLaboratory:Moonshine"}],"is_trial":false,"path_per_floor":["M","M","M","M","M","R","E","M","T","M","?","M","M","$","R","B",null,"M","?","?","?","$","R","$","R","T","E","R","M","?","M","R","B",null,"M","COS","M","M","M","R","?","R","T","?","?","$","R","$","R","B"],"character_chosen":"THE_BUGKNIGHT","items_purchased":["Mummified Hand","HollowMod:GoodIntentions","Replay:Baseball"],"campfire_rested":2,"item_purchase_floors":[14,14,22],"current_hp_per_floor":[75,75,75,69,58,58,47,43,43,41,41,37,41,41,41,2,75,75,70,70,75,75,75,75,75,75,61,61,28,8,12,51,48,80,80,80,77,43,41,41,41,41,41,41,41,41,80,80,80,0,0],"gold":84,"neow_bonus":"ONE_RANDOM_RARE_CARD","is_daily":false,"chose_seed":false,"campfire_upgraded":7,"win_rate":0.0,"timestamp":1614023017,"path_taken":["M","?","?","M","M","R","E","M","T","M","?","M","?","$","R","BOSS","M","?","?","?","$","R","?","R","T","E","R","?","?","M","R","BOSS","M","COS","?","M","M","R","?","R","T","?","?","$","R","?","R","BOSS"],"items_purchased_type":["Relic","Card","Relic"],"build_version":"2020-12-22","purchased_purges":0,"victory":false,"max_hp_per_floor":[75,75,75,75,75,75,75,75,75,75,75,75,75,75,75,75,75,75,75,75,80,80,80,80,80,80,80,80,80,80,80,80,80,80,80,80,80,80,80,80,80,80,80,80,80,80,80,80,80,80,80],"card_choices":[{"not_picked":["HollowMod:WraithStrike","HollowMod:QuirrelsAssistance"],"picked":"HollowMod:SoulEater","floor":1},{"not_picked":["HollowMod:ChannelNail","HollowMod:SoulSplash"],"picked":"HollowMod:HowlingWraiths","floor":2},{"not_picked":["HollowMod:QuirrelsAssistance","HollowMod:DungDefenderAura"],"picked":"HollowMod:DesolateDive","floor":3},{"not_picked":["HollowMod:VengefulVoid","HollowMod:InfectedAttack"],"picked":"HollowMod:HowlingWraiths","floor":4},{"not_picked":["HollowMod:RecoilStrike","HollowMod:DashSlash","HollowMod:VoidDash"],"picked":"SKIP","floor":5},{"not_picked":["HollowMod:PaleKingsBlessing","HollowMod:MothsMistake","HollowMod:MonarchWings"],"picked":"SKIP","floor":7},{"not_picked":["HollowMod:CloakDash","HollowMod:NewJinnsSoul"],"picked":"HollowMod:SoulVessel","floor":8},{"not_picked":["HollowMod:FastStrike","HollowMod:DoubleDash","HollowMod:DungDefenderAura"],"picked":"SKIP","floor":10},{"not_picked":["HollowMod:NewJinnsSoul","HollowMod:DungDefenderAura","HollowMod:MothsMistake"],"picked":"SKIP","floor":12},{"not_picked":["HollowMod:NewLittleFool","HollowMod:TaintedHusks","HollowMod:InfectedCysts"],"picked":"SKIP","floor":13},{"not_picked":["HollowMod:Weaversong","HollowMod:VoidDash"],"picked":"HollowMod:SoulMaster","floor":16},{"not_picked":["HollowMod:CloakDash+1","HollowMod:SoulEater"],"picked":"HollowMod:Grubsong+1","floor":18},{"not_picked":["HollowMod:SoulEater","HollowMod:LifebloodCore","HollowMod:ShadowDash"],"picked":"SKIP","floor":27},{"not_picked":["HollowMod:NewLittleFool","HollowMod:DashSlash","HollowMod:WraithStrike"],"picked":"SKIP","floor":29},{"not_picked":["HollowMod:CloakDash","HollowMod:NewJinnsSoul"],"picked":"HollowMod:MonomonsArchive+1","floor":30},{"not_picked":["HollowMod:VengefulSpirit","HollowMod:NewJinnsSoul"],"picked":"HollowMod:CornifersMapStart","floor":31},{"not_picked":[],"picked":"Gensokyo:ShootingStar","floor":33},{"not_picked":["HollowMod:theNailsmith","HollowMod:ElderbugsWisdom"],"picked":"HollowMod:AwokenDreamNail","floor":33},{"not_picked":["HollowMod:DoubleDash","HollowMod:CloakDash"],"picked":"HollowMod:ChannelNail+1","floor":35},{"not_picked":["HollowMod:ChannelNail+1","HollowMod:InfectedCysts+1"],"picked":"HollowMod:GoodIntentions+1","floor":37},{"not_picked":["HollowMod:ShadowDash+1","HollowMod:SiblingsSouls+1","HollowMod:NewGlowingWomb+1"],"picked":"SKIP","floor":37},{"not_picked":["HollowMod:InfectedCysts+1","HollowMod:VengefulSpirit","HollowMod:MonarchWings+1"],"picked":"SKIP","floor":38},{"not_picked":["HollowMod:GrimmsGift","HollowMod:DesolateDive","HollowMod:DungDefenderAura"],"picked":"SKIP","floor":39},{"not_picked":["HollowMod:TaintedHusks+1","HollowMod:SiblingsSouls"],"picked":"HollowMod:SoulSplash+1","floor":47}],"player_experience":435273,"relics_obtained":[{"floor":7,"key":"halation:SelfBoilingWater"},{"floor":26,"key":"Mercury Hourglass"},{"floor":27,"key":"Regal Pillow"},{"floor":43,"key":"Dream Catcher"}],"event_choices":[],"is_beta":false,"boss_relics":[{"not_picked":["Ring of Chaos","halation:MonkeysPaw"],"picked":"CosmicIsotope"},{"not_picked":["Calling Bell","halation:LoveArrow"],"picked":"Gem_Box"}],"items_purged_floors":[],"is_endless":false,"potions_floor_spawned":[1,5,7,10,13,16,18,31,33,37],"killed_by":"Gensokyo:Scarlet_Devils","ascension_level":0}}