{"host":"xo0glkmxta74xh34","time":1614025103,"event":{"mods":["BaseMod","Downfall","Minty Spire (QoL Compilation)","Reliquary","Replay The Spire","StSLib"],"gold_per_floor":[99,109,94,4,4,4,4,16,47,58,68,68,15,32,50,50,50,50],"floor_reached":16,"language":"ENG","playtime":950,"items_purged":[],"score":183,"play_id":"0898e84b-2b89-4ae5-b12f-ea8045d26378","local_time":"20210222141823","is_ascension_mode":true,"campfire_choices":[{"data":"Guardian:TwinSlam","floor":1,"key":"SMITH"},{"floor":6,"key":"REST"}],"circlet_count":0,"master_deck":["AscendersBane","Guardian:Strike_Guardian","Guardian:Strike_Guardian","Guardian:Strike_Guardian","Guardian:Strike_Guardian","Guardian:Defend_Guardian","Guardian:Defend_Guardian","Guardian:Defend_Guardian","Guardian:CurlUp","Guardian:TwinSlam+1","Guardian:PiercingHide","Guardian:PiercingHide","Guardian:FuturePlans","Guardian:GemFinder","Guardian:PrismaticBeam","Guardian:Gem_Red","Guardian:Gem_Red","Guardian:SpikerProtocol","Guardian:Gem_Red","Guardian:GemFinder","Guardian:Gem_Green","Guardian:Gem_Lightblue","Guardian:Gem_Purple","Guardian:PrismaticBarrier","Guardian:Gem_Red","Guardian:Gem_Red","Guardian:Gem_White","Guardian:Gem_Red","Guardian:Gem_Red","Guardian:PrismaticBarrier"],"relics":["Guardian:ModeShifter","Replay:Rubber Ducky","Meat on the Bone","Happy Flower"],"acts_visited":["Exordium"],"potions_floor_usage":[4,9,16],"damage_taken":[{"damage":1,"enemies":"Cultist","floor":2,"turns":4},{"damage":5,"enemies":"downfall:FleeingMerchant","floor":3,"turns":4},{"damage":0,"enemies":"downfall:FleeingMerchant","floor":4,"turns":4},{"damage":0,"enemies":"Jaw Worm","floor":8,"turns":3},{"damage":12,"enemies":"3 Sentries","floor":9,"turns":9},{"damage":2,"enemies":"Small Slimes","floor":10,"turns":4},{"damage":6,"enemies":"Exordium Thugs","floor":11,"turns":7},{"damage":0,"enemies":"downfall:FleeingMerchant","floor":13,"turns":4},{"damage":9,"enemies":"Lots of Slimes","floor":14,"turns":6},{"damage":7,"enemies":"Exordium Wildlife","floor":15,"turns":7},{"damage":54,"enemies":"IC_STATUS_ARCHETYPE","floor":16,"turns":10}],"seed_played":"-3425645971543605385","potions_obtained":[{"floor":2,"key":"Languid Potion"},{"floor":8,"key":"Explosive Potion"},{"floor":11,"key":"EssenceOfSteel"}],"is_trial":false,"path_per_floor":["R","M","$","$","?","R","T","M","E","M","M","?","$","M","M","B"],"character_chosen":"GUARDIAN","items_purchased":["Guardian:FuturePlans","Guardian:PrismaticBarrier"],"campfire_rested":1,"item_purchase_floors":[4,13],"current_hp_per_floor":[72,71,66,66,66,80,80,80,68,66,60,60,60,51,44,0,0,0],"gold":50,"neow_bonus":"RANDOM_COMMON_RELIC","is_daily":false,"chose_seed":false,"campfire_upgraded":1,"win_rate":0.0,"timestamp":1614025103,"path_taken":["R","M","?","$","?","R","T","?","E","M","M","?","?","?","M","BOSS"],"items_purchased_type":["Card","Card"],"build_version":"2020-12-22","purchased_purges":0,"victory":false,"max_hp_per_floor":[80,80,80,80,80,80,80,80,80,80,80,80,80,80,80,80,80,80],"card_choices":[{"not_picked":["Guardian:ChargeCore","Guardian:TemporalShield"],"picked":"Guardian:PiercingHide","floor":2},{"not_picked":["Guardian:Suspension","Guardian:Incinerate"],"picked":"Guardian:PiercingHide","floor":3},{"not_picked":["Guardian:PiercingHide","Guardian:Gem_Cyan"],"picked":"Guardian:Gem_Green","floor":4},{"not_picked":["Guardian:Incinerate","Guardian:VentSteam"],"picked":"Guardian:GemFinder","floor":8},{"not_picked":["Guardian:BronzeOrb","Guardian:TimeCapacitor"],"picked":"Guardian:PrismaticBeam","floor":9},{"not_picked":["Guardian:Gem_Green","Guardian:Gem_Cyan"],"picked":"Guardian:Gem_Red","floor":9},{"not_picked":["Guardian:Gem_Green","Guardian:Gem_Cyan"],"picked":"Guardian:Gem_Red","floor":10},{"not_picked":["Guardian:CrystalBeam","Guardian:PolyBeam"],"picked":"Guardian:SpikerProtocol","floor":10},{"not_picked":["Guardian:Gem_Lightblue","Guardian:Gem_Cyan"],"picked":"Guardian:Gem_Red","floor":11},{"not_picked":["Guardian:Planning","Guardian:Suspension"],"picked":"Guardian:GemFinder","floor":11},{"not_picked":["Guardian:Gem_Cyan","Guardian:Gem_Lightblue"],"picked":"Guardian:Gem_Green","floor":13},{"not_picked":["Guardian:Gem_Green","Guardian:Gem_Cyan"],"picked":"Guardian:Gem_Lightblue","floor":13},{"not_picked":["Guardian:PrismaticBarrier","Guardian:GuardianWhirl"],"picked":"Guardian:Gem_Purple","floor":13},{"not_picked":["Guardian:Gem_Lightblue","Guardian:Gem_Green"],"picked":"Guardian:Gem_Red","floor":14},{"not_picked":["Guardian:Gem_Green","Guardian:Gem_Lightblue"],"picked":"Guardian:Gem_Red","floor":14},{"not_picked":["Guardian:Gem_Green","Guardian:Suspension"],"picked":"Guardian:Gem_White","floor":14},{"not_picked":["Guardian:Gem_Green","Guardian:Gem_Lightblue"],"picked":"Guardian:Gem_Red","floor":15},{"not_picked":["Guardian:Gem_Lightblue","Guardian:Gem_Cyan"],"picked":"Guardian:Gem_Red","floor":15},{"not_picked":["Guardian:ShieldCharger","Guardian:Reroute"],"picked":"Guardian:PrismaticBarrier","floor":15}],"player_experience":537217,"relics_obtained":[{"floor":7,"key":"Meat on the Bone"},{"floor":9,"key":"Happy Flower"}],"event_choices":[{"cards_removed":["Guardian:Defend_Guardian"],"damage_healed":0,"gold_gain":0,"player_choice":"Offered Basic","damage_taken":0,"max_hp_gain":0,"max_hp_loss":0,"event_name":"Bonfire Elementals","floor":5,"gold_loss":0}],"is_beta":false,"boss_relics":[],"items_purged_floors":[],"is_endless":false,"potions_floor_spawned":[2,8,11],"killed_by":"IC_STATUS_ARCHETYPE","ascension_level":11}}