{"host":"i1peby39mt3us2ef","time":1614026205,"event":{"mods":["BaseMod","Downfall","Minty Spire (QoL Compilation)","Replay The Spire","StSLib","The Cursed"],"gold_per_floor":[118,218,237,250,250,250,250,250],"floor_reached":7,"language":"ENG","playtime":457,"items_purged":[],"score":41,"play_id":"e727d145-efb5-467c-b360-8882c4fc1311","local_time":"20210222133645","is_ascension_mode":false,"campfire_choices":[{"floor":6,"key":"RECALL"}],"circlet_count":0,"master_deck":["TheCursedMod:Strike_TheCursed","TheCursedMod:Strike_TheCursed","TheCursedMod:Strike_TheCursed","TheCursedMod:Strike_TheCursed","TheCursedMod:Defend_TheCursed","TheCursedMod:Defend_TheCursed","TheCursedMod:Defend_TheCursed","TheCursedMod:Defend_TheCursed","TheCursedMod:CursedWand","TheCursedMod:CleanUpWorkshop","TheCursedMod:Dregs","TheCursedMod:AbyssShockwave","TheCursedMod:CursedMace","TheCursedMod:Stretching"],"relics":["TheCursedMod:BlackMagic101","GremlinMask"],"acts_visited":["Exordium"],"potions_floor_usage":[],"damage_taken":[{"damage":2,"enemies":"Small Slimes","floor":1,"turns":4},{"damage":0,"enemies":"Cultist","floor":3,"turns":3},{"damage":1,"enemies":"2 Louse","floor":4,"turns":4},{"damage":11,"enemies":"Gremlin Nob","floor":7,"turns":3}],"seed_played":"-3834297291203789266","potions_obtained":[{"floor":3,"key":"Doom Potion"},{"floor":4,"key":"Languid Potion"}],"is_trial":false,"path_per_floor":["M","?","M","M","?","R","E"],"character_chosen":"THE_CURSED","items_purchased":[],"campfire_rested":0,"item_purchase_floors":[],"current_hp_per_floor":[80,80,80,79,79,79,68,68],"gold":250,"neow_bonus":"TEN_PERCENT_HP_BONUS","is_daily":false,"chose_seed":false,"campfire_upgraded":0,"win_rate":0.0,"timestamp":1614026205,"path_taken":["M","?","?","M","?","R","E"],"items_purchased_type":[],"build_version":"2020-12-22","purchased_purges":0,"victory":false,"max_hp_per_floor":[82,82,82,82,82,82,82,82],"card_choices":[{"not_picked":["TheCursedMod:Torture","TheCursedMod:Wield"],"picked":"TheCursedMod:AbyssShockwave","floor":1},{"not_picked":["TheCursedMod:WearCloak","TheCursedMod:CircleOfCorruption"],"picked":"TheCursedMod:CursedMace","floor":3},{"not_picked":["TheCursedMod:AshesToAshes","TheCursedMod:CircleOfFocus"],"picked":"TheCursedMod:Stretching","floor":4}],"player_experience":68730,"relics_obtained":[],"event_choices":[{"damage_healed":0,"gold_gain":100,"player_choice":"Pray","damage_taken":0,"max_hp_gain":0,"max_hp_loss":0,"event_name":"Golden Shrine","floor":2,"gold_loss":0},{"damage_healed":0,"gold_gain":0,"player_choice":"Trade","damage_taken":0,"relics_obtained":["GremlinMask"],"max_hp_gain":0,"max_hp_loss":0,"event_name":"FaceTrader","floor":5,"gold_loss":0}],"is_beta":false,"boss_relics":[],"items_purged_floors":[],"is_endless":false,"potions_floor_spawned":[3,4],"killed_by":"Gremlin Nob","ascension_level":0}}