{"host":"pqs17sqrgflf4eqa","time":1614036872,"event":{"mods":["AchievementEnabler","BaseMod","Bestiary","Better Altar","Better Match","Better Sensory Stone","Better Skull","Better Third Choice","Block Reminder","Bossed Relics","Colored Map","Colored Powertips","Curses Come First","Dark Map","DeckTracker","Defective Defect","Displayed Cursed Tome","Emptier Cage","Googly Eyes","Highlight Path","Minty Spire (QoL Compilation)","Permanent Neow","Poor People Problems","Quick Restart","Slay-I","StSLib","SuperFastMode","Synergy Search","Thieving Mod","Transform Curses","everything is the same but u backflip on backflip","slay the spire mod where everything is the same but ironclad has a cowboy hat"],"gold_per_floor":[410,39,39,68,68,68,68],"floor_reached":6,"language":"ENG","playtime":68,"items_purged":["Normality"],"score":34,"play_id":"51498f73-29be-4dcb-a351-a80ef2c22122","local_time":"20210222183432","is_ascension_mode":false,"campfire_choices":[],"circlet_count":0,"master_deck":["Strike_P","Strike_P","Strike_P","Strike_P","Defend_P+1","Defend_P","Defend_P+1","Defend_P","Eruption","Vigilance","Protect","CrushJoints"],"relics":["PureWater","Old Coin","MealTicket","CeramicFish"],"acts_visited":["Exordium"],"potions_floor_usage":[6],"damage_taken":[{"damage":6.0,"enemies":"Jaw Worm","floor":1.0,"turns":3.0},{"damage":0.0,"enemies":"2 Louse","floor":4.0,"turns":2.0},{"damage":59,"enemies":"Gremlin Nob","floor":6,"turns":3}],"seed_played":"-6810480282279489456","potions_obtained":[{"floor":4.0,"key":"Energy Potion"}],"is_trial":false,"path_per_floor":["M","$","?","M","?","E"],"character_chosen":"WATCHER","items_purchased":["MealTicket","CeramicFish"],"campfire_rested":0,"item_purchase_floors":[2,2],"current_hp_per_floor":[66,66,71,71,56,0,0],"gold":68,"neow_bonus":"ONE_RARE_RELIC","is_daily":false,"chose_seed":false,"campfire_upgraded":0,"win_rate":0.0,"timestamp":1614036872,"path_taken":["M","$","?","M","?","E"],"items_purchased_type":["Relic","Relic"],"build_version":"2020-12-22","purchased_purges":1,"victory":false,"max_hp_per_floor":[72,72,77,77,77,77,77],"card_choices":[{"not_picked":["Perseverance","Crescendo"],"picked":"Protect","floor":1.0},{"not_picked":["Halt","FlyingSleeves"],"picked":"CrushJoints","floor":4.0}],"player_experience":148124,"relics_obtained":[],"event_choices":[{"damage_healed":0.0,"max_hp_gain":5.0,"max_hp_loss":0.0,"gold_gain":0.0,"event_name":"Big Fish","player_choice":"Donut","floor":3.0,"gold_loss":0.0,"damage_taken":0.0},{"damage_healed":71.0,"max_hp_gain":0.0,"max_hp_loss":77.0,"gold_gain":0.0,"event_name":"betterThird:BetterShining","player_choice":"Upgrade","floor":5.0,"gold_loss":0.0,"damage_taken":15.0,"cards_upgraded":["Defend_P","Defend_P"]}],"is_beta":false,"boss_relics":[],"items_purged_floors":[2],"is_endless":false,"potions_floor_spawned":[4],"killed_by":"Gremlin Nob","ascension_level":0}}