{"host":"l15sdf2mmi0nobpi","time":1614001803,"event":{"mods":["BaseMod","Highlight Path","Minty Spire (QoL Compilation)","Quick Restart","StSLib","TestMod","【功能Mod】Neow奖励"],"gold_per_floor":[115,128,53,453,453,487,498,508,508,534,534,550,277,311,311,389,439,459,478,353,353,373,373,373],"floor_reached":23,"language":"ZHS","playtime":742,"items_purged":["Strike_R","Strike_R","Strike_R"],"score":472,"play_id":"2eba25b8-c939-456d-8f64-270258bd84d8","local_time":"20210222215003","is_ascension_mode":true,"campfire_choices":[{"data":"Armaments","floor":11.0,"key":"SMITH"},{"data":"Feel No Pain","floor":15.0,"key":"SMITH"}],"circlet_count":0,"master_deck":["AscendersBane","Strike_R","Defend_R+1","Defend_R+1","Defend_R","Defend_R","Bash","Armaments+1","Pommel Strike+1","Feel No Pain+1","Evolve","Shrug It Off","Barricade","Power Through"],"relics":["Burning Blood","testmod-Brilliant","War Paint","Lantern","Matryoshka","Pocketwatch","Medical Kit","CaptainsWheel","Tiny House"],"acts_visited":["Exordium","TheCity"],"potions_floor_usage":[23,23],"damage_taken":[{"damage":0.0,"enemies":"Jaw Worm","floor":1.0,"turns":4.0},{"damage":6.0,"enemies":"Cultist","floor":2.0,"turns":3.0},{"damage":0.0,"enemies":"3 Sentries","floor":6.0,"turns":1.0},{"damage":0.0,"enemies":"2 Louse","floor":7.0,"turns":1.0},{"damage":0.0,"enemies":"Blue Slaver","floor":8.0,"turns":1.0},{"damage":6.0,"enemies":"Gremlin Nob","floor":10.0,"turns":3.0},{"damage":0.0,"enemies":"Gremlin Gang","floor":12.0,"turns":1.0},{"damage":2.0,"enemies":"3 Sentries","floor":14.0,"turns":2.0},{"damage":27.0,"enemies":"The Guardian","floor":16.0,"turns":13.0},{"damage":1.0,"enemies":"2 Thieves","floor":18.0,"turns":2.0},{"damage":0.0,"enemies":"Chosen","floor":19.0,"turns":6.0},{"damage":0.0,"enemies":"3 Cultists","floor":22.0,"turns":2.0},{"damage":88,"enemies":"Book of Stabbing","floor":23,"turns":9}],"seed_played":"-6062468610237614216","potions_obtained":[{"floor":6.0,"key":"SteroidPotion"},{"floor":10.0,"key":"AttackPotion"},{"floor":12.0,"key":"BlessingOfTheForge"},{"floor":17.0,"key":"SkillPotion"}],"is_trial":false,"path_per_floor":["M","M","$","?","?","E","M","M","T","E","R","M","$","E","R","B",null,"M","M","$","?","M","E"],"character_chosen":"IRONCLAD","items_purchased":["Medical Kit"],"campfire_rested":0,"item_purchase_floors":[13],"current_hp_per_floor":[74,74,74,74,79,80,80,80,80,80,80,80,80,80,80,59,80,85,85,85,85,85,0,0],"gold":373,"neow_bonus":"RANDOM_COMMON_RELIC","is_daily":false,"chose_seed":false,"campfire_upgraded":2,"win_rate":0.0,"timestamp":1614001803,"path_taken":["M","M","$","?","?","E","M","M","T","E","R","M","$","E","R","BOSS","M","M","$","?","M","E"],"items_purchased_type":["Relic"],"build_version":"2020-12-22","purchased_purges":3,"victory":false,"max_hp_per_floor":[75,75,75,75,80,80,80,80,80,80,80,80,80,80,80,80,85,85,85,85,85,85,85,85],"card_choices":[{"not_picked":["Pommel Strike","Bloodletting"],"picked":"Armaments","floor":1.0},{"not_picked":["Rupture","Sword Boomerang"],"picked":"Pommel Strike","floor":2.0},{"not_picked":["Juggernaut","Body Slam"],"picked":"Feel No Pain","floor":6.0},{"not_picked":["Pommel Strike","Reckless Charge"],"picked":"Evolve","floor":7.0},{"not_picked":["Heavy Blade","Sword Boomerang","Headbutt"],"picked":"SKIP","floor":8.0},{"not_picked":["Armaments","Perfected Strike","Rage"],"picked":"SKIP","floor":10.0},{"not_picked":["Anger","Blood for Blood","Fiend Fire"],"picked":"SKIP","floor":12.0},{"not_picked":["Flame Barrier","Blood for Blood"],"picked":"Shrug It Off","floor":14.0},{"not_picked":["Exhume","Impervious"],"picked":"Barricade","floor":16.0},{"not_picked":["Havoc","Pommel Strike+1"],"picked":"Power Through","floor":18.0},{"not_picked":["Bloodletting","Clash+1","Metallicize+1"],"picked":"SKIP","floor":19.0},{"not_picked":["Armaments","Twin Strike","Warcry"],"picked":"SKIP","floor":22.0}],"player_experience":581596,"relics_obtained":[{"floor":6.0,"key":"Lantern"},{"floor":9.0,"key":"Matryoshka"},{"floor":10.0,"key":"Pocketwatch"},{"floor":14.0,"key":"CaptainsWheel"}],"event_choices":[{"damage_healed":0.0,"max_hp_gain":0.0,"max_hp_loss":0.0,"gold_gain":400.0,"event_name":"恩洛斯的盘子","player_choice":"Sell","floor":4.0,"relics_lost":["testmod-TestBox"],"gold_loss":0.0,"damage_taken":0.0},{"damage_healed":0.0,"max_hp_gain":5.0,"max_hp_loss":0.0,"gold_gain":0.0,"event_name":"Big Fish","player_choice":"Donut","floor":5.0,"gold_loss":0.0,"damage_taken":0.0},{"cards_removed":["Strike_R"],"damage_healed":0.0,"max_hp_gain":0.0,"max_hp_loss":0.0,"gold_gain":0.0,"event_name":"Purifier","player_choice":"Purged","floor":21.0,"gold_loss":0.0,"damage_taken":0.0}],"is_beta":false,"boss_relics":[{"not_picked":["testmod-IncinerationGenerator","Velvet Choker"],"picked":"Tiny House"}],"items_purged_floors":[3,13,20],"is_endless":false,"potions_floor_spawned":[6,10,12,19],"killed_by":"Book of Stabbing","ascension_level":20}}