{"host":"bsgp9wgausrmthh2","time":1614006312,"event":{"mods":["AchievementEnabler","BaseMod","Colored Map","Downfall","Minty Spire (QoL Compilation)","StSLib"],"gold_per_floor":[114,124,124,137,151,151,151,151,223,323,340,353,353,353],"floor_reached":13,"language":"ENG","playtime":711,"items_purged":[],"score":77,"play_id":"b2cdd60d-81a5-428e-89a3-a58938885eb6","local_time":"20210222100512","is_ascension_mode":false,"campfire_choices":[{"floor":6,"key":"RECALL"},{"data":"Armaments","floor":8,"key":"SMITH"}],"circlet_count":0,"master_deck":["Strike_R","Strike_R","Strike_R","Strike_R","Strike_R","Defend_R","Defend_R","Defend_R","Defend_R","Bash","Offering","Headbutt","Ghostly Armor","Armaments+1","Disarm+1","Double Tap","Wild Strike"],"relics":["Burning Blood","Ancient Tea Set","Shuriken"],"acts_visited":["Exordium"],"potions_floor_usage":[],"damage_taken":[{"damage":7,"enemies":"Jaw Worm","floor":1,"turns":2},{"damage":5,"enemies":"2 Louse","floor":2,"turns":2},{"damage":8,"enemies":"Small Slimes","floor":4,"turns":3},{"damage":10,"enemies":"Gremlin Gang","floor":5,"turns":7},{"damage":2,"enemies":"Looter","floor":11,"turns":3},{"damage":30,"enemies":"Exordium Thugs","floor":12,"turns":6},{"damage":38,"enemies":"Gremlin Nob","floor":13,"turns":3}],"seed_played":"172842050458300190","potions_obtained":[{"floor":2,"key":"SpeedPotion"},{"floor":5,"key":"Guardian:BlockOnCardUsePotion"},{"floor":12,"key":"SmokeBomb"}],"is_trial":false,"path_per_floor":["M","M","?","M","M","R","?","R","T","?","M","M","E"],"character_chosen":"IRONCLAD","items_purchased":[],"campfire_rested":0,"item_purchase_floors":[],"current_hp_per_floor":[79,80,62,60,56,56,56,56,56,56,60,36,0,0],"gold":353,"neow_bonus":"ONE_RANDOM_RARE_CARD","is_daily":false,"chose_seed":false,"campfire_upgraded":1,"win_rate":0.0,"timestamp":1614006312,"path_taken":["M","M","?","M","M","R","?","R","T","?","M","M","E"],"items_purchased_type":[],"build_version":"2020-12-22","purchased_purges":0,"victory":false,"max_hp_per_floor":[80,80,80,80,80,80,80,80,80,80,80,80,80,80],"card_choices":[{"not_picked":["Sentinel","Havoc"],"picked":"Headbutt","floor":1},{"not_picked":["Seeing Red","Fire Breathing"],"picked":"Ghostly Armor","floor":2},{"not_picked":["Twin Strike","Reckless Charge"],"picked":"Armaments","floor":4},{"not_picked":["Warcry","Iron Wave"],"picked":"Disarm","floor":5},{"not_picked":["True Grit","Feel No Pain"],"picked":"Double Tap","floor":11},{"not_picked":["Reckless Charge","Clash"],"picked":"Wild Strike","floor":12}],"player_experience":344085,"relics_obtained":[{"floor":9,"key":"Shuriken"}],"event_choices":[{"damage_healed":0,"gold_gain":0,"player_choice":"Success","damage_taken":18,"relics_obtained":["Ancient Tea Set"],"max_hp_gain":0,"max_hp_loss":0,"event_name":"Scrap Ooze","floor":3,"gold_loss":0},{"damage_healed":0,"gold_gain":0,"player_choice":"Grow","damage_taken":0,"max_hp_gain":0,"max_hp_loss":0,"event_name":"Living Wall","floor":7,"gold_loss":0,"cards_upgraded":["Disarm"]},{"damage_healed":0,"gold_gain":100,"player_choice":"Pray","damage_taken":0,"max_hp_gain":0,"max_hp_loss":0,"event_name":"Golden Shrine","floor":10,"gold_loss":0}],"is_beta":false,"boss_relics":[],"items_purged_floors":[],"is_endless":false,"potions_floor_spawned":[2,5,12],"killed_by":"Gremlin Nob","ascension_level":0}}