{"host":"lg1piimdyocafd6j","time":1614000962,"event":{"mods":["AchievementEnabler","BaseMod","Better Third Choice","BetterRewards","Colored Map","Colored Powertips","Downfall","Minty Spire (QoL Compilation)","Quick Restart","Rare Cards Sparkle","Remove Card Discount Mod","Shop Mod","StSLib","SuperFastMode"],"gold_per_floor":[113,133,145,145,164,164,195,195,195,228,228,129,145,203,203,306,306,317,317,317,317,116,116,116,116,116,61,61,76,76,96,96,199,199,210,210,169,184,104,139,139,151,176,176,176,176,186,186,186,186,186,186,46,78,78,78],"floor_reached":55,"language":"ENG","playtime":2272,"items_purged":["Dualcast","Defend_B","Zap","Defend_B","Strike_B","Strike_B","Defend_B","Defend_B","Strike_B+1","Strike_B+1","Storm","Reboot","Doom and Gloom","Static Discharge","Streamline","Doom and Gloom","Conserve Battery","Conserve Battery","downfall:Icky"],"score":699,"play_id":"b2c8c0fb-ac49-4136-be9b-8d2b9f4aafa7","local_time":"20210222143602","is_ascension_mode":false,"campfire_choices":[{"floor":6,"key":"RECALL"},{"data":"Leap","floor":8,"key":"SMITH"},{"floor":15,"key":"REST"},{"data":"Redo","floor":24,"key":"SMITH"},{"data":"Redo","floor":28,"key":"SMITH"},{"floor":30,"key":"REST"},{"data":"Loop","floor":32,"key":"SMITH"},{"data":"Loop","floor":41,"key":"SMITH"},{"data":"Redo","floor":44,"key":"SMITH"},{"data":"Redo","floor":49,"key":"SMITH"},{"data":"Leap","floor":52,"key":"SMITH"}],"circlet_count":0,"master_deck":["Leap+1","Conserve Battery+1","Lockon","Leap+1","Loop+1","Redo+1","Redo+1","Leap+1","Darkness+1","Loop+1","Redo+1","Redo+1","Flash of Steel","Defragment","Lockon"],"relics":["Symbiotic Virus","MerchantsRug","Blood Vial","Toy Ornithopter","Runic Pyramid","DataDisk","Letter Opener","Cursed Key","PreservedInsect","Pear","Regal Pillow","Boot"],"acts_visited":["Exordium","TheCity","TheBeyond","TheEnding"],"potions_floor_usage":[7,10,10,40,40,50,55],"damage_taken":[{"damage":3,"enemies":"Jaw Worm","floor":1,"turns":4},{"damage":12,"enemies":"2 Louse","floor":2,"turns":3},{"damage":2,"enemies":"Small Slimes","floor":3,"turns":4},{"damage":0,"enemies":"Exordium Wildlife","floor":5,"turns":7},{"damage":8,"enemies":"Lagavulin","floor":7,"turns":5},{"damage":6,"enemies":"Gremlin Nob","floor":10,"turns":3},{"damage":1,"enemies":"3 Louse","floor":13,"turns":3},{"damage":7,"enemies":"Gremlin Nob","floor":14,"turns":4},{"damage":18,"enemies":"Slime Boss","floor":16,"turns":5},{"damage":3,"enemies":"Spheric Guardian","floor":18,"turns":5},{"damage":0,"enemies":"3 Byrds","floor":29,"turns":4},{"damage":4,"enemies":"Snake Plant","floor":31,"turns":3},{"damage":23,"enemies":"Automaton","floor":33,"turns":7},{"damage":0,"enemies":"3 Darklings","floor":35,"turns":4},{"damage":0,"enemies":"Orb Walker","floor":38,"turns":3},{"damage":16,"enemies":"Nemesis","floor":40,"turns":4},{"damage":0,"enemies":"Sphere and 2 Shapes","floor":42,"turns":5},{"damage":0,"enemies":"Transient","floor":47,"turns":5},{"damage":26,"enemies":"Awakened One","floor":50,"turns":7},{"damage":24,"enemies":"Shield and Spear","floor":54,"turns":4},{"damage":67,"enemies":"The Heart","floor":55,"turns":5}],"seed_played":"-5264823388233507467","potions_obtained":[{"floor":3,"key":"Explosive Potion"},{"floor":5,"key":"FearPotion"},{"floor":7,"key":"PowerPotion"},{"floor":14,"key":"CultistPotion"},{"floor":33,"key":"Block Potion"},{"floor":38,"key":"Block Potion"},{"floor":40,"key":"Swift Potion"}],"is_trial":false,"path_per_floor":["M","M","M","?","M","R","E","R","T","E","?","$","M","?","R","B",null,"M","?","?","?","$","?","R","?","T","$","R","M","R","M","R","B",null,"M","?","$","M","$","E","R","M","T","R","?","?","M","?","R","B",null,"R","$","E","B"],"character_chosen":"DEFECT","items_purchased":["Leap","Storm","Conserve Battery","Static Discharge","Symbiotic Virus","MerchantsRug","Lockon","Loop","Conserve Battery","DataDisk","Redo","Redo","PreservedInsect","Loop","Defragment","SkillPotion","Energy Potion"],"campfire_rested":2,"item_purchase_floors":[0,0,0,0,0,0,0,12,12,22,22,27,37,39,53,53,53],"current_hp_per_floor":[72,60,58,58,58,58,50,50,50,46,31,31,32,27,49,33,75,72,56,56,56,56,56,56,42,42,42,42,44,68,66,66,45,80,80,80,80,80,80,74,74,76,76,76,76,76,78,78,78,59,85,85,85,61,1,1],"gold":78,"neow_bonus":"","is_daily":false,"chose_seed":false,"campfire_upgraded":8,"win_rate":0.0,"timestamp":1614000962,"path_taken":["M","M","M","?","M","R","E","R","T","E","?","$","M","?","R","BOSS","M","?","?","?","?","?","R","?","T","$","R","M","R","M","R","BOSS","M","?","$","M","?","E","R","M","T","R","?","?","M","?","R","BOSS","R","$","E","BOSS"],"items_purchased_type":["Card","Card","Card","Card","Relic","Relic","Card","Card","Card","Relic","Card","Card","Relic","Card","Card","Potion","Potion"],"build_version":"2020-12-22","purchased_purges":19,"victory":false,"max_hp_per_floor":[75,75,75,75,75,75,75,75,75,75,75,75,75,75,75,75,75,75,75,75,75,75,75,75,80,80,80,80,80,80,80,80,80,80,80,80,80,80,80,90,90,90,90,90,85,85,85,85,85,85,85,85,85,85,85,85],"card_choices":[{"not_picked":["Chill","Recycle","Reprogram"],"picked":"SKIP","floor":1},{"not_picked":["Go for the Eyes","Gash","Coolheaded"],"picked":"SKIP","floor":2},{"not_picked":["Go for the Eyes","Chaos"],"picked":"Leap","floor":3},{"not_picked":["Go for the Eyes","Steam","Beam Cell"],"picked":"SKIP","floor":5},{"not_picked":["Static Discharge","Double Energy"],"picked":"Doom and Gloom","floor":7},{"not_picked":["Thunder Strike","Rebound"],"picked":"Doom and Gloom","floor":10},{"not_picked":["Stack","Blizzard","Auto Shields"],"picked":"SKIP","floor":13},{"not_picked":["Cold Snap","Double Energy"],"picked":"Streamline","floor":14},{"not_picked":["Biased Cognition","Thunder Strike"],"picked":"Reboot","floor":16},{"not_picked":["Reprogram","Compile Driver","Steam+1"],"picked":"SKIP","floor":18},{"not_picked":["Chaos","Rebound"],"picked":"Conserve Battery","floor":29},{"not_picked":["Go for the Eyes","Sweeping Beam","Reprogram"],"picked":"SKIP","floor":31},{"not_picked":["Sunder+1","Go for the Eyes"],"picked":"Leap+1","floor":35},{"not_picked":["Steam Power+1","Doom and Gloom+1"],"picked":"Darkness+1","floor":38},{"not_picked":["Melter+1","Coolheaded+1","Ball Lightning"],"picked":"SKIP","floor":40},{"not_picked":["Fusion+1","Blizzard+1"],"picked":"Redo","floor":42},{"not_picked":["Beam Cell","Sunder"],"picked":"Redo","floor":47},{"not_picked":["Swift Strike","Mayhem"],"picked":"Flash of Steel","floor":48},{"not_picked":["Conserve Battery+1","Capacitor+1"],"picked":"Lockon","floor":54}],"player_experience":189102,"relics_obtained":[{"floor":7,"key":"Blood Vial"},{"floor":10,"key":"Bottled Tornado"},{"floor":19,"key":"Enchiridion"},{"floor":26,"key":"Letter Opener"},{"floor":40,"key":"Pear"},{"floor":43,"key":"Regal Pillow"},{"floor":54,"key":"Boot"}],"event_choices":[{"damage_healed":0,"gold_gain":0,"player_choice":"Grow","damage_taken":0,"max_hp_gain":0,"max_hp_loss":0,"event_name":"Living Wall","floor":4,"gold_loss":0,"cards_upgraded":["Conserve Battery"]},{"damage_healed":46,"gold_gain":0,"player_choice":"Upgrade","damage_taken":15,"max_hp_gain":0,"max_hp_loss":75,"event_name":"betterThird:BetterShining","floor":11,"gold_loss":0,"cards_upgraded":["Strike_B","Strike_B"]},{"damage_healed":0,"gold_gain":0,"player_choice":"Searched \u00272\u0027 times","damage_taken":0,"relics_obtained":["Toy Ornithopter"],"max_hp_gain":0,"max_hp_loss":0,"event_name":"Dead Adventurer","floor":14,"gold_loss":0},{"damage_healed":0,"gold_gain":0,"player_choice":"Obtained Book","damage_taken":16,"max_hp_gain":0,"max_hp_loss":0,"event_name":"Cursed Tome","floor":19,"gold_loss":0},{"damage_healed":0,"gold_gain":0,"player_choice":"Ignored","damage_taken":0,"max_hp_gain":0,"max_hp_loss":0,"event_name":"Beggar","floor":21,"gold_loss":0},{"damage_healed":0,"gold_gain":0,"player_choice":"Adaptability","damage_taken":0,"max_hp_gain":0,"max_hp_loss":0,"event_name":"betterThird:BetterWriting","floor":23,"gold_loss":0},{"damage_healed":0,"gold_gain":0,"player_choice":"Shed Blood","damage_taken":19,"max_hp_gain":5,"max_hp_loss":0,"event_name":"Forgotten Altar","floor":25,"gold_loss":0},{"damage_healed":0,"gold_gain":0,"player_choice":"Ignored","damage_taken":0,"max_hp_gain":0,"max_hp_loss":0,"event_name":"betterThird:BetterPortal","floor":36,"gold_loss":0},{"damage_healed":0,"gold_gain":0,"player_choice":"Max HP","damage_taken":0,"max_hp_gain":0,"max_hp_loss":5,"event_name":"Winding Halls","floor":45,"gold_loss":0},{"damage_healed":0,"gold_gain":0,"cards_transformed":["Shame"],"player_choice":"Transformed","damage_taken":0,"max_hp_gain":0,"max_hp_loss":0,"event_name":"Transmorgrifier","floor":46,"gold_loss":0,"cards_obtained":["downfall:Icky"]},{"damage_healed":0,"gold_gain":0,"player_choice":"Memory 1","damage_taken":0,"max_hp_gain":0,"max_hp_loss":0,"event_name":"SensoryStone","floor":48,"gold_loss":0}],"is_beta":false,"boss_relics":[{"not_picked":["Busted Crown","Pandora\u0027s Box"],"picked":"Runic Pyramid"},{"not_picked":["Fusion Hammer","SacredBark"],"picked":"Cursed Key"}],"items_purged_floors":[0,0,0,0,0,12,12,12,12,12,12,22,27,37,39,39,39,39,53],"is_endless":false,"potions_floor_spawned":[3,5,7,14,33,38,40],"killed_by":"The Heart","ascension_level":0}}