{"host":"pqs17sqrgflf4eqa","time":1614037218,"event":{"mods":["AchievementEnabler","BaseMod","Bestiary","Better Altar","Better Match","Better Sensory Stone","Better Skull","Better Third Choice","Block Reminder","Bossed Relics","Colored Map","Colored Powertips","Curses Come First","Dark Map","DeckTracker","Defective Defect","Displayed Cursed Tome","Emptier Cage","Googly Eyes","Highlight Path","Minty Spire (QoL Compilation)","Permanent Neow","Poor People Problems","Quick Restart","Slay-I","StSLib","SuperFastMode","Synergy Search","Thieving Mod","Transform Curses","everything is the same but u backflip on backflip","slay the spire mod where everything is the same but ironclad has a cowboy hat"],"gold_per_floor":[110,110,125,139,149,178,178,211,280,313,313,313,343,359,359,359,359],"floor_reached":16,"language":"ENG","playtime":337,"items_purged":[],"score":130,"play_id":"3c22c81c-46d2-409e-b524-d86df84406c2","local_time":"20210222184018","is_ascension_mode":false,"campfire_choices":[{"data":"FlyingSleeves","floor":7.0,"key":"SMITH"},{"floor":12,"key":"REST"},{"data":"Vault","floor":15,"key":"SMITH"}],"circlet_count":0,"master_deck":["Strike_P","Strike_P","Strike_P","Strike_P","Defend_P","Defend_P","Defend_P","Defend_P","Eruption+1","Vigilance+1","CutThroughFate","EmptyFist","FlyingSleeves+1","Halt","Vault+1","Tantrum","Evaluate","ThirdEye","CrushJoints"],"relics":["PureWater","Akabeko","Calipers","Matryoshka","Toy Ornithopter","Blood Vial"],"acts_visited":["Exordium"],"potions_floor_usage":[8,8,16,16],"damage_taken":[{"damage":1.0,"enemies":"Jaw Worm","floor":1.0,"turns":4.0},{"damage":0.0,"enemies":"Cultist","floor":3.0,"turns":2.0},{"damage":0.0,"enemies":"2 Louse","floor":4.0,"turns":1.0},{"damage":0.0,"enemies":"2 Fungi Beasts","floor":5.0,"turns":2.0},{"damage":27.0,"enemies":"3 Sentries","floor":6.0,"turns":6.0},{"damage":13,"enemies":"Lagavulin","floor":8,"turns":4},{"damage":24,"enemies":"Gremlin Nob","floor":10,"turns":5},{"damage":18,"enemies":"Lagavulin","floor":13,"turns":4},{"damage":0,"enemies":"Exordium Thugs","floor":14,"turns":3},{"damage":28,"enemies":"Hexaghost","floor":16,"turns":8}],"seed_played":"2306959062894666809","potions_obtained":[{"floor":4.0,"key":"DuplicationPotion"},{"floor":6.0,"key":"FearPotion"},{"floor":8,"key":"SpeedPotion"},{"floor":13,"key":"GamblersBrew"}],"is_trial":false,"path_per_floor":["M","?","M","M","M","E","R","E","T","E","?","R","E","M","R","B"],"character_chosen":"WATCHER","items_purchased":[],"campfire_rested":1,"item_purchase_floors":[],"current_hp_per_floor":[71,71,71,71,71,44,44,31,31,7,7,28,10,12,12,0,0],"gold":359,"neow_bonus":"UPGRADE_CARD","is_daily":false,"chose_seed":false,"campfire_upgraded":2,"win_rate":0.0,"timestamp":1614037218,"path_taken":["M","?","M","M","M","E","R","E","T","E","?","R","E","M","R","BOSS"],"items_purchased_type":[],"build_version":"2020-12-22","purchased_purges":0,"victory":false,"max_hp_per_floor":[72,72,72,72,72,72,72,72,72,72,72,72,72,72,72,72,72],"card_choices":[{"not_picked":["Crescendo","FlyingSleeves"],"picked":"CutThroughFate","floor":1.0},{"not_picked":["Nirvana","Evaluate"],"picked":"EmptyFist","floor":3.0},{"not_picked":["FearNoEvil","Perseverance"],"picked":"FlyingSleeves","floor":4.0},{"not_picked":["EmptyFist","EmptyBody"],"picked":"Halt","floor":5.0},{"not_picked":["TalkToTheHand","Swivel"],"picked":"Wallop","floor":6.0},{"not_picked":["WheelKick","Protect"],"picked":"Vault","floor":8},{"not_picked":["SandsOfTime","Collect"],"picked":"Tantrum","floor":10},{"not_picked":["ClearTheMind","PathToVictory"],"picked":"ThirdEye","floor":13},{"not_picked":["Worship","FlurryOfBlows"],"picked":"CrushJoints","floor":14}],"player_experience":148124,"relics_obtained":[{"floor":6.0,"key":"Akabeko"},{"floor":8,"key":"Calipers"},{"floor":9,"key":"Matryoshka"},{"floor":10,"key":"Toy Ornithopter"},{"floor":13,"key":"Blood Vial"}],"event_choices":[{"damage_healed":0.0,"max_hp_gain":0.0,"max_hp_loss":0.0,"gold_gain":0.0,"event_name":"Living Wall","player_choice":"Grow","floor":2.0,"gold_loss":0.0,"damage_taken":0.0,"cards_upgraded":["Vigilance"]},{"damage_healed":0,"gold_gain":0,"cards_transformed":["Wallop"],"player_choice":"Transformed","damage_taken":0,"max_hp_gain":0,"max_hp_loss":0,"event_name":"Transmorgrifier","floor":11,"gold_loss":0,"cards_obtained":["Evaluate"]}],"is_beta":false,"boss_relics":[],"items_purged_floors":[],"is_endless":false,"potions_floor_spawned":[4,6,8,13],"killed_by":"Hexaghost","ascension_level":0}}