{"host":"lwys0gbp6t40j7jh","time":1614018679,"event":{"mods":["Act Like it!","BaseMod","CapriCore","Friendly Minions","GifTheSpireLib","Minty Spire (QoL Compilation)","StSLib","SuperFastMode","The Bug Knight"],"gold_per_floor":[112,112,129,147,147,147,163,163,212,232,262,262,282,282,282,387,387,404,404,422,231,231,231,246,274,274,274,291,308,319,319,319,422,422,439,489,508,518,37,63,63,63,111,61,92,110,121,0,0,0],"floor_reached":51,"language":"ENG","playtime":1498,"items_purged":["Wild Strike"],"score":829,"play_id":"5dd007ac-7dd4-4360-98c9-676f88f00ea3","local_time":"20210222193119","daily_mods":["SealedDeck"],"is_ascension_mode":false,"campfire_choices":[{"data":"Body Slam","floor":6,"key":"SMITH"},{"data":"Evolve","floor":8,"key":"SMITH"},{"data":"Seeing Red","floor":15,"key":"SMITH"},{"data":"True Grit","floor":23,"key":"SMITH"},{"data":"Pommel Strike","floor":27,"key":"SMITH"},{"data":"Battle Trance","floor":32,"key":"SMITH"},{"data":"Fiend Fire","floor":41,"key":"SMITH"},{"floor":49,"key":"REST"}],"circlet_count":0,"master_deck":["Battle Trance+1","Evolve+1","Pommel Strike+1","Reckless Charge","Carnage","Feel No Pain","Power Through","Body Slam+1","Power Through","Wild Strike","Seeing Red+1","Impervious","Feel No Pain","True Grit+1","Body Slam+1","Metallicize+1","Fiend Fire+1","Ghostly Armor+1","Reckless Charge+1","Purity","True Grit","Parasite"],"relics":["Burning Blood","Potion Belt","Odd Mushroom","Akabeko","Mark of Pain","Oddly Smooth Stone","Self Forming Clay","InkBottle","Black Star","Shovel","Pear","TheAbacus","Orichalcum","Question Card","Vajra","HollowMod:StagPassRelic","Bottled Lightning","Red Mask"],"acts_visited":["Exordium","TheCity","TheBeyond"],"potions_floor_usage":[10,10,18,22,24,25,29,40,45,50],"damage_taken":[{"damage":0,"enemies":"Small Slimes","floor":1,"turns":3},{"damage":0,"enemies":"2 Louse","floor":3,"turns":2},{"damage":0,"enemies":"Jaw Worm","floor":4,"turns":2},{"damage":0,"enemies":"3 Louse","floor":7,"turns":2},{"damage":0,"enemies":"The Mushroom Lair","floor":10,"turns":3},{"damage":0,"enemies":"Lagavulin","floor":11,"turns":3},{"damage":0,"enemies":"Blue Slaver","floor":13,"turns":3},{"damage":0,"enemies":"Slime Boss","floor":16,"turns":6},{"damage":0,"enemies":"2 Thieves","floor":18,"turns":2},{"damage":0,"enemies":"3 Byrds","floor":20,"turns":4},{"damage":20,"enemies":"Centurion and Healer","floor":22,"turns":2},{"damage":15,"enemies":"Snake Plant","floor":24,"turns":4},{"damage":0,"enemies":"Slavers","floor":25,"turns":5},{"damage":0,"enemies":"Chosen and Byrds","floor":28,"turns":3},{"damage":9,"enemies":"Snecko","floor":29,"turns":6},{"damage":0,"enemies":"Centurion and Healer","floor":30,"turns":4},{"damage":20,"enemies":"Champ","floor":33,"turns":13},{"damage":0,"enemies":"Orb Walker","floor":35,"turns":4},{"damage":2,"enemies":"Mind Bloom Boss Battle","floor":36,"turns":6},{"damage":0,"enemies":"3 Shapes","floor":37,"turns":4},{"damage":0,"enemies":"Jaw Worm Horde","floor":38,"turns":5},{"damage":45,"enemies":"Giant Head","floor":40,"turns":8},{"damage":23,"enemies":"Reptomancer","floor":45,"turns":7},{"damage":0,"enemies":"3 Darklings","floor":46,"turns":4},{"damage":0,"enemies":"Writhing Mass","floor":47,"turns":4},{"damage":5,"enemies":"Time Eater","floor":50,"turns":12}],"seed_played":"-8067600772404514476","potions_obtained":[{"floor":1,"key":"Explosive Potion"},{"floor":3,"key":"AttackPotion"},{"floor":7,"key":"ElixirPotion"},{"floor":10,"key":"SmokeBomb"},{"floor":16,"key":"Swift Potion"},{"floor":24,"key":"Fire Potion"},{"floor":25,"key":"PowerPotion"},{"floor":28,"key":"SpeedPotion"},{"floor":36,"key":"Energy Potion"},{"floor":37,"key":"SkillPotion"},{"floor":40,"key":"Block Potion"},{"floor":46,"key":"Block Potion"}],"is_trial":true,"path_per_floor":["M","$","M","M","$","R","M","R","T","?","E","?","M","?","R","B",null,"M","$","M","$","M","R","M","E","T","R","M","M","M","?","R","B",null,"M","?","M","M","$","E","R","?","T","$","E","M","M","?","R","B",null],"character_chosen":"IRONCLAD","items_purchased":["True Grit","Oddly Smooth Stone","Pear","TheAbacus","True Grit"],"campfire_rested":1,"item_purchase_floors":[21,21,39,39,44],"current_hp_per_floor":[80,80,80,80,80,80,80,80,80,80,80,80,80,80,80,80,80,80,80,80,80,66,66,57,63,63,63,69,66,72,80,80,66,80,80,80,80,80,90,51,51,51,51,51,34,40,46,46,73,74],"gold":0,"neow_bonus":"","is_daily":false,"chose_seed":false,"campfire_upgraded":7,"win_rate":0.0,"timestamp":1614018679,"path_taken":["M","$","M","M","$","R","M","R","T","?","E","?","M","?","R","BOSS","M","$","M","$","M","R","M","E","T","R","M","M","M","?","R","BOSS","M","?","M","M","$","E","R","?","T","?","E","?","M","?","R","BOSS"],"items_purchased_type":["Card","Relic","Relic","Relic","Card"],"build_version":"2020-12-22","purchased_purges":1,"victory":true,"max_hp_per_floor":[80,80,80,80,80,80,80,80,80,80,80,80,80,80,80,80,80,80,80,80,80,80,80,80,80,80,80,80,80,80,80,80,80,80,80,80,80,80,90,90,90,90,90,90,90,90,90,90,90,90],"card_choices":[{"not_picked":["Iron Wave","Armaments","Twin Strike"],"picked":"SKIP","floor":1},{"not_picked":["Entrench","Pommel Strike","Infernal Blade"],"picked":"SKIP","floor":3},{"not_picked":["Headbutt","Searing Blow"],"picked":"Seeing Red","floor":4},{"not_picked":["Uppercut","Inflame","Blood for Blood"],"picked":"SKIP","floor":7},{"not_picked":["Armaments","Dual Wield","Headbutt"],"picked":"SKIP","floor":11},{"not_picked":["Perfected Strike","Sentinel","Pummel"],"picked":"SKIP","floor":13},{"not_picked":["Offering","Corruption"],"picked":"Impervious","floor":16},{"not_picked":["Twin Strike+1","Havoc+1"],"picked":"Feel No Pain","floor":18},{"not_picked":["Havoc","Heavy Blade+1","Twin Strike"],"picked":"SKIP","floor":20},{"not_picked":["Headbutt","Intimidate","Blood for Blood+1"],"picked":"SKIP","floor":24},{"not_picked":["Evolve+1","Twin Strike"],"picked":"Body Slam+1","floor":25},{"not_picked":["Rupture","Cleave+1"],"picked":"Metallicize+1","floor":28},{"not_picked":["Carnage","Anger"],"picked":"Wild Strike","floor":29},{"not_picked":["Headbutt+1","Thunderclap","Armaments+1"],"picked":"SKIP","floor":30},{"not_picked":["Barricade","Immolate"],"picked":"Fiend Fire","floor":33},{"not_picked":["Bloodletting","Armaments"],"picked":"Ghostly Armor+1","floor":35},{"not_picked":["Flex+1","Cleave"],"picked":"Reckless Charge+1","floor":36},{"not_picked":["Perfected Strike+1","Thunderclap+1","Seeing Red"],"picked":"SKIP","floor":37},{"not_picked":["Flex","Havoc","Clothesline+1"],"picked":"SKIP","floor":38},{"not_picked":["Rage","Uppercut+1","Inflame+1"],"picked":"SKIP","floor":40},{"not_picked":["Jack Of All Trades","Swift Strike","Enlightenment"],"picked":"Purity","floor":42},{"not_picked":["Bloodletting+1","Pommel Strike","Flame Barrier+1","Carnage"],"picked":"SKIP","floor":45},{"not_picked":["Twin Strike+1","Inflame","Flame Barrier+1","Havoc+1"],"picked":"SKIP","floor":46},{"not_picked":["Clothesline","Clash","Perfected Strike","Warcry+1"],"picked":"SKIP","floor":47}],"player_experience":1313912,"relics_obtained":[{"floor":9,"key":"Potion Belt"},{"floor":10,"key":"Odd Mushroom"},{"floor":11,"key":"Akabeko"},{"floor":25,"key":"Self Forming Clay"},{"floor":26,"key":"InkBottle"},{"floor":36,"key":"Shovel"},{"floor":40,"key":"Orichalcum"},{"floor":40,"key":"Question Card"},{"floor":43,"key":"Vajra"},{"floor":45,"key":"HollowMod:StagPassRelic"},{"floor":45,"key":"Bottled Lightning"}],"event_choices":[{"damage_healed":0,"gold_gain":0,"player_choice":"Fought Mushrooms","damage_taken":0,"max_hp_gain":0,"max_hp_loss":0,"event_name":"Mushrooms","floor":10,"gold_loss":0},{"damage_healed":0,"gold_gain":0,"player_choice":"Ignored","damage_taken":0,"max_hp_gain":0,"max_hp_loss":0,"event_name":"Shining Light","floor":12,"gold_loss":0},{"damage_healed":0,"gold_gain":0,"player_choice":"Fled","damage_taken":0,"max_hp_gain":0,"max_hp_loss":0,"event_name":"Scrap Ooze","floor":14,"gold_loss":0},{"damage_healed":26,"gold_gain":0,"player_choice":"Heal","damage_taken":0,"max_hp_gain":0,"max_hp_loss":0,"event_name":"The Library","floor":31,"gold_loss":0},{"damage_healed":0,"gold_gain":0,"player_choice":"Fight","damage_taken":0,"max_hp_gain":0,"max_hp_loss":0,"event_name":"MindBloom","floor":36,"gold_loss":0},{"damage_healed":0,"gold_gain":0,"player_choice":"Memory 1","damage_taken":0,"max_hp_gain":0,"max_hp_loss":0,"event_name":"SensoryStone","floor":42,"gold_loss":0},{"damage_healed":0,"gold_gain":0,"player_choice":"Paid","damage_taken":0,"relics_obtained":["Red Mask"],"max_hp_gain":0,"max_hp_loss":0,"event_name":"Tomb of Lord Red Mask","floor":48,"gold_loss":121}],"is_beta":false,"boss_relics":[{"not_picked":["Coffee Dripper","Runic Dome"],"picked":"Mark of Pain"},{"not_picked":["Runic Cube","Snecko Eye"],"picked":"Black Star"}],"items_purged_floors":[39],"is_endless":false,"potions_floor_spawned":[1,3,7,10,16,22,24,25,28,36,37,40,46],"ascension_level":0}}