{"host":"q57ekfojy3i00x9o","time":1614000127,"event":{"mods":["Act Like it!","Arknights","Aspiration","BaseMod","Colored Map","Energized Spire","Hermit","Minty Spire (QoL Compilation)","Quick Restart","Ruina","Spicy Shops","Spikes Relics","StSLib","slay the spire mod where everything is the same but ironclad has a cowboy hat"],"gold_per_floor":[119,119,132,132,152,152,152,182,182,192,210,210,210],"floor_reached":12,"language":"RUS","playtime":130,"items_purged":[],"score":152,"play_id":"2d99a639-033e-4a0c-b3af-c032cb68fa7e","local_time":"20210222182207","is_ascension_mode":true,"campfire_choices":[{"data":"ats:Consecutive Shot Auto","floor":6,"key":"SMITH"}],"circlet_count":0,"master_deck":["AscendersBane","ats:Strike C","ats:Strike G","ats:Strike S","ats:Strike V+1","ats:Armor Crushing Shot","ats:Defend","ats:Defend","ats:Defend+1","ats:Defend","ats:Emotion Absorption","ats:Hammer On+1","ats:Apocalypse+1","ats:Consecutive Shot Auto+1","ats:Flexible Camouflage","ats:Closed Bolt Burst Fire","ats:Leaping Hammer"],"relics":["ats:Sanity","NeowsBlessing","ats:Originium","Regal Pillow","Singing Bowl"],"acts_visited":["Exordium"],"potions_floor_usage":[10,11],"damage_taken":[{"damage":0,"enemies":"2 Louse","floor":1,"turns":1},{"damage":0,"enemies":"Jaw Worm","floor":3,"turns":1},{"damage":0,"enemies":"Cultist","floor":5,"turns":1},{"damage":32,"enemies":"Gremlin Nob","floor":8,"turns":4},{"damage":11,"enemies":"Looter","floor":10,"turns":2},{"damage":12,"enemies":"2 Fungi Beasts","floor":11,"turns":3},{"damage":15,"enemies":"3 Sentries","floor":12,"turns":2}],"seed_played":"2449067664149457153","potions_obtained":[{"floor":1,"key":"SkillPotion"},{"floor":8,"key":"FearPotion"},{"floor":11,"key":"ats:Flame Arts Potion"}],"is_trial":false,"path_per_floor":["M","?","M","?","M","R","?","E","T","M","M","E"],"character_chosen":"DOCTOR_CLASS","items_purchased":[],"campfire_rested":0,"item_purchase_floors":[],"current_hp_per_floor":[65,65,65,65,65,65,43,17,17,12,6,0,0],"gold":210,"neow_bonus":"THREE_ENEMY_KILL","is_daily":false,"chose_seed":false,"campfire_upgraded":1,"win_rate":0.0,"timestamp":1614000127,"path_taken":["M","?","M","?","?","R","?","E","T","M","M","E"],"items_purchased_type":[],"build_version":"2020-12-22","purchased_purges":0,"victory":false,"max_hp_per_floor":[72,72,72,72,72,72,72,72,72,72,72,72,72],"card_choices":[{"not_picked":["ats:Sunburst","ats:Apocalypse"],"picked":"ats:Hammer On","floor":1},{"not_picked":["ats:Blood Oath","ats:Ignite"],"picked":"ats:Apocalypse","floor":3},{"not_picked":["ats:Ignite","ats:Composite Medical Shells"],"picked":"ats:Consecutive Shot Auto","floor":5},{"not_picked":["ats:Directed Diagnosis","ats:Part Time Job"],"picked":"ats:Flexible Camouflage","floor":8},{"not_picked":["ats:Spore Proliferation","ats:Thermite Blade"],"picked":"ats:Closed Bolt Burst Fire","floor":10},{"not_picked":["ats:Spore Proliferation","ats:Absolute Focus"],"picked":"ats:Leaping Hammer","floor":11}],"player_experience":786758,"relics_obtained":[{"floor":8,"key":"ats:Originium"},{"floor":8,"key":"Regal Pillow"},{"floor":9,"key":"Singing Bowl"}],"event_choices":[{"damage_healed":0,"gold_gain":0,"player_choice":"Grow","damage_taken":0,"max_hp_gain":0,"max_hp_loss":0,"event_name":"Living Wall","floor":2,"gold_loss":0,"cards_upgraded":["ats:Hammer On"]},{"damage_healed":0,"gold_gain":0,"player_choice":"Forge","damage_taken":0,"max_hp_gain":0,"max_hp_loss":0,"event_name":"Accursed Blacksmith","floor":4,"gold_loss":0,"cards_upgraded":["ats:Apocalypse"]},{"damage_healed":0,"gold_gain":0,"player_choice":"Entered Light","damage_taken":22,"max_hp_gain":0,"max_hp_loss":0,"event_name":"Shining Light","floor":7,"gold_loss":0,"cards_upgraded":["ats:Strike V","ats:Defend"]}],"is_beta":false,"boss_relics":[],"items_purged_floors":[],"is_endless":false,"potions_floor_spawned":[1,8,11],"killed_by":"3 Sentries","ascension_level":18}}