{"host":"121m0oxswv9tg9hk","time":1614012258,"event":{"mods":["BaseMod","Better Altar","Better Third Choice","Hubris","Ironclad Rager","MarisaÅiñ∂âJÅ@ñÇóùçπÅj","Minty Spire (QoL Compilation)","Replay The Spire","StSLib","The Cursed","The Gatherer","The Hierophant"],"gold_per_floor":[111,8,0,0,14,45,91,123,123,134,134,148,198,224,224,301,301,301,0,0,0,0,0,0,0,0,0,0,0,0,0,0,0,0,0,0,0,0,0,0,0],"floor_reached":40,"language":"ENG","playtime":2310,"items_purged":["Strike_R"],"score":938,"play_id":"60455ab2-3ff8-4b3c-955c-9935763b3e20","local_time":"20210222174418","is_ascension_mode":true,"campfire_choices":[{"data":"Enlightenment","floor":11,"key":"SMITH"},{"data":"Strike_R","floor":15,"key":"PURGE"},{"floor":23,"key":"REST"},{"data":"Dual Wield","floor":28,"key":"SMITH"},{"data":"True Grit","floor":32,"key":"SMITH"}],"circlet_count":0,"master_deck":["AscendersBane","Defend_R","Defend_R","Defend_R","Defend_R","Bash","Thunderclap","Battle Trance","Sword Boomerang","Enlightenment+1","Uppercut","Dropkick","Demon Form","ReplayTheSpireMod:Limb From Limb+1","Reaper","Metallicize","ReplayTheSpireMod:Limb From Limb+1","Dual Wield+1","True Grit+1","Dramatic Entrance","Bandage Up","Secret Weapon","Madness","Madness"],"relics":["Burning Blood","NeowsBlessing","hubris:Towel","Onion Ring","Strawberry","Matryoshka","Shuriken","hubris:TenFootPole","Potion Belt","Ectoplasm","hubris:BottledRain","hubris:ChampionShield","Paper Frog","Whetstone","Omamori","ReplayTheSpireMod:Ring of Challenge","ReplayTheSpireMod:Ring of Addiction","hubris:EmptyBottle","SacredBark","Empty Cage"],"acts_visited":["Exordium","TheCity","TheBeyond"],"potions_floor_usage":[14,16,20,20,20,20,21,21,27,33,33,33,33,33,37,39,39],"damage_taken":[{"damage":0,"enemies":"Jaw Worm","floor":1,"turns":1},{"damage":0,"enemies":"2 Louse","floor":5,"turns":1},{"damage":0,"enemies":"3 Sentries","floor":6,"turns":2},{"damage":13,"enemies":"Replay:BlueRogue","floor":8,"turns":4},{"damage":0,"enemies":"Cultist","floor":10,"turns":2},{"damage":5,"enemies":"Red Slaver","floor":12,"turns":2},{"damage":42,"enemies":"3 Sentries","floor":14,"turns":7},{"damage":52,"enemies":"The Guardian","floor":16,"turns":7},{"damage":33,"enemies":"Spheric Guardian","floor":18,"turns":4},{"damage":25,"enemies":"3 Byrds","floor":20,"turns":5},{"damage":9,"enemies":"Cultist and Chosen","floor":21,"turns":3},{"damage":0,"enemies":"Snake Plant","floor":24,"turns":2},{"damage":35,"enemies":"Book of Stabbing","floor":25,"turns":4},{"damage":18,"enemies":"Centurion and Healer","floor":27,"turns":4},{"damage":33,"enemies":"Gremlin Leader","floor":29,"turns":5},{"damage":91,"enemies":"Pondfish","floor":33,"turns":9},{"damage":8,"enemies":"Orb Walker","floor":35,"turns":2},{"damage":0,"enemies":"3 Darklings","floor":37,"turns":2},{"damage":33,"enemies":"Spire Growth","floor":39,"turns":4},{"damage":69,"enemies":"R_Hoarder","floor":40,"turns":9}],"seed_played":"4795448742458896028","potions_obtained":[{"floor":10,"key":"BloodPotion"},{"floor":14,"key":"Adrenaline Potion"},{"floor":16,"key":"Dexterity Potion"},{"floor":18,"key":"EntropicBrew"},{"floor":21,"key":"Block Potion"},{"floor":29,"key":"ElixirPotion"},{"floor":30,"key":"DuplicationPotion"},{"floor":30,"key":"Doom Potion"},{"floor":30,"key":"GamblersBrew"},{"floor":33,"key":"ColorlessPotion"},{"floor":35,"key":"Adrenaline Potion"},{"floor":37,"key":"Venom Potion"}],"is_trial":false,"path_per_floor":["M","$","?","?","M","E","T","E","T","M","R","M","?","E","R","B",null,"M","$","M","M","T","R","M","E","T","M","R","E","?","?","R","B",null,"M","?","M","?","M","E"],"character_chosen":"IRONCLAD","items_purchased":["Battle Trance","Sword Boomerang","Metallicize","ReplayTheSpireMod:Limb From Limb+1","Ancient Potion"],"campfire_rested":1,"item_purchase_floors":[2,2,19,19,19],"current_hp_per_floor":[74,74,80,80,81,81,88,81,81,87,87,88,84,65,65,19,71,44,44,34,51,51,77,88,59,59,87,87,60,60,60,60,49,78,76,71,81,74,51,0,0],"gold":0,"neow_bonus":"THREE_ENEMY_KILL","is_daily":false,"chose_seed":false,"campfire_upgraded":3,"win_rate":0.0,"timestamp":1614012258,"path_taken":["M","$","?","?","?","E","?","E","T","M","R","M","?","E","R","BOSS","M","?","M","M","?","R","M","E","T","M","R","E","?","?","R","BOSS","M","?","M","?","M","E"],"items_purchased_type":["Card","Card","Card","Card","Potion"],"build_version":"2020-12-22","purchased_purges":1,"victory":false,"max_hp_per_floor":[75,75,81,81,81,81,88,88,88,88,88,88,88,88,88,88,88,88,88,88,88,88,88,88,88,88,88,88,88,88,88,88,88,88,88,88,86,86,86,86,86],"card_choices":[{"not_picked":["Warcry","Massacre"],"picked":"Thunderclap","floor":1},{"not_picked":["Power Through","Hemokinesis"],"picked":"Uppercut","floor":5},{"not_picked":["Iron Wave","Warcry"],"picked":"Dropkick","floor":6},{"not_picked":["Metallicize","Corruption"],"picked":"Demon Form","floor":8},{"not_picked":["ReplayTheSpireMod:Strike From Hell","Armaments","Cleave"],"picked":"SKIP","floor":10},{"not_picked":["Wild Strike","Armaments","Havoc"],"picked":"SKIP","floor":12},{"not_picked":["Wild Strike","Body Slam"],"picked":"ReplayTheSpireMod:Limb From Limb","floor":14},{"not_picked":["Impervious","hubris:StunningStrike"],"picked":"Reaper","floor":16},{"not_picked":["Sword Boomerang","Fire Breathing","ReplayTheSpireMod:Stacked"],"picked":"SKIP","floor":18},{"not_picked":["Havoc","Body Slam","Reckless Charge"],"picked":"SKIP","floor":20},{"not_picked":["Combust","Armaments"],"picked":"Dual Wield","floor":21},{"not_picked":["Searing Blow","Twin Strike","Whirlwind"],"picked":"SKIP","floor":24},{"not_picked":["Reaper","Evolve"],"picked":"True Grit","floor":25},{"not_picked":["Pummel+1","Shockwave","Feel No Pain+1"],"picked":"SKIP","floor":27},{"not_picked":["Rampage","Ghostly Armor","Fire Breathing"],"picked":"SKIP","floor":29},{"not_picked":["Run Through","Clothesline","Clash"],"picked":"SKIP","floor":35},{"not_picked":["Replay:Bootleg Shield Generator","Bandage Up"],"picked":"Dramatic Entrance","floor":36},{"not_picked":["Replay:BasicMightCard","Thinking Ahead"],"picked":"Bandage Up","floor":36},{"not_picked":["Swift Strike","hubris:Ssssneak"],"picked":"Secret Weapon","floor":36},{"not_picked":["Twin Strike","ReplayTheSpireMod:Limb From Limb","ReplayTheSpireMod:LeadingStrike+1"],"picked":"SKIP","floor":37},{"not_picked":["Warcry+1","ReplayTheSpireMod:Strike From Hell+1","Sword Boomerang"],"picked":"SKIP","floor":39}],"player_experience":2467485,"relics_obtained":[{"floor":6,"key":"Onion Ring"},{"floor":7,"key":"Strawberry"},{"floor":8,"key":"Matryoshka"},{"floor":9,"key":"Shuriken"},{"floor":9,"key":"hubris:TenFootPole"},{"floor":14,"key":"Potion Belt"},{"floor":22,"key":"hubris:BottledRain"},{"floor":22,"key":"hubris:ChampionShield"},{"floor":25,"key":"Paper Frog"},{"floor":26,"key":"Whetstone"},{"floor":29,"key":"Omamori"},{"floor":30,"key":"ReplayTheSpireMod:Ring of Challenge"},{"floor":30,"key":"ReplayTheSpireMod:Ring of Addiction"},{"floor":30,"key":"hubris:EmptyBottle"},{"floor":30,"key":"SacredBark"}],"event_choices":[{"damage_healed":0,"gold_gain":0,"player_choice":"RENOUNCE","damage_taken":8,"max_hp_gain":0,"max_hp_loss":0,"event_name":"betterThird:BetterSerpent","floor":3,"gold_loss":8,"cards_obtained":["Enlightenment"]},{"damage_healed":0,"gold_gain":50,"player_choice":"Touch","damage_taken":8,"max_hp_gain":0,"max_hp_loss":0,"event_name":"FaceTrader","floor":13,"gold_loss":0},{"cards_removed":["Strike_R"],"damage_healed":0,"gold_gain":0,"player_choice":"Purged","damage_taken":0,"max_hp_gain":0,"max_hp_loss":0,"event_name":"Purifier","floor":31,"gold_loss":0},{"damage_healed":0,"gold_gain":0,"player_choice":"Memory 3","damage_taken":10,"max_hp_gain":0,"max_hp_loss":0,"event_name":"SensoryStone","floor":36,"gold_loss":0},{"damage_healed":0,"gold_gain":0,"player_choice":"Embrace Madness","damage_taken":15,"max_hp_gain":0,"max_hp_loss":0,"event_name":"Winding Halls","floor":38,"gold_loss":0,"cards_obtained":["Madness","Madness"]}],"is_beta":false,"boss_relics":[{"not_picked":["ChewingGum","Pandora\u0027s Box"],"picked":"Ectoplasm"},{"not_picked":["Velvet Choker","Snecko Heart"],"picked":"Empty Cage"}],"items_purged_floors":[19],"is_endless":false,"potions_floor_spawned":[10,14,16,18,21,29,33,35,37],"killed_by":"R_Hoarder","ascension_level":20}}