{"host":"w14xfy17z3c5mpoi","time":1614022406,"event":{"mods":["AchievementEnabler","BaseMod","Minty Spire (QoL Compilation)","Relic Stats"],"gold_per_floor":[117,117,117,133,133,164,177,209,209,209,223,246,267,11,11,102,102,126,149,164,43,43,78,78,114,114,114,149,165,165,165],"floor_reached":30,"language":"ENG","playtime":1071,"items_purged":["Defend_G"],"score":553,"play_id":"d5cca9a0-3119-40f8-87e4-04f85396cd5d","local_time":"20210222143326","is_ascension_mode":true,"campfire_choices":[{"data":"Wraith Form v2","floor":15,"key":"SMITH"},{"floor":24,"key":"REST"},{"floor":27,"key":"REST"}],"circlet_count":0,"master_deck":["AscendersBane","Strike_G","Strike_G+1","Strike_G+1","Defend_G","Defend_G","Defend_G","Defend_G","Survivor","Neutralize","Dagger Spray","Masterful Stab","Unload","Backflip","Flying Knee","Blade Dance","Wraith Form v2+1","Venomology","Dagger Throw","Flying Knee+1","Endless Agony+1","Underhanded Strike+1"],"relics":["Ring of the Snake","NeowsBlessing","Torii","StrikeDummy","Blue Candle","Golden Idol","PreservedInsect","Cursed Key","MutagenicStrength","Molten Egg 2","Centennial Puzzle","Nunchaku"],"acts_visited":["Exordium","TheCity"],"potions_floor_usage":[11,14,18,18,20,23,25,28,29,30,30],"damage_taken":[{"damage":0,"enemies":"Jaw Worm","floor":1,"turns":1},{"damage":0,"enemies":"2 Louse","floor":4,"turns":1},{"damage":0,"enemies":"Gremlin Nob","floor":6,"turns":1},{"damage":1,"enemies":"Small Slimes","floor":7,"turns":2},{"damage":4,"enemies":"3 Sentries","floor":8,"turns":8},{"damage":1,"enemies":"Exordium Wildlife","floor":11,"turns":4},{"damage":0,"enemies":"Large Slime","floor":12,"turns":4},{"damage":0,"enemies":"2 Fungi Beasts","floor":13,"turns":2},{"damage":31,"enemies":"The Guardian","floor":16,"turns":15},{"damage":11,"enemies":"Spheric Guardian","floor":18,"turns":3},{"damage":12,"enemies":"2 Thieves","floor":19,"turns":4},{"damage":30,"enemies":"Snake Plant","floor":20,"turns":5},{"damage":2,"enemies":"Book of Stabbing","floor":23,"turns":2},{"damage":21,"enemies":"Gremlin Leader","floor":25,"turns":5},{"damage":16,"enemies":"Book of Stabbing","floor":28,"turns":5},{"damage":13,"enemies":"Snecko","floor":29,"turns":3},{"damage":11,"enemies":"Shelled Parasite and Fungi","floor":30,"turns":2}],"seed_played":"-2702861220505477293","potions_obtained":[{"floor":1,"key":"Explosive Potion"},{"floor":6,"key":"FairyPotion"},{"floor":16,"key":"Explosive Potion"},{"floor":23,"key":"Dexterity Potion"},{"floor":25,"key":"LiquidBronze"},{"floor":29,"key":"DistilledChaos"}],"is_trial":false,"path_per_floor":["M","?","?","M","?","E","M","E","T","?","M","M","M","$","R","B",null,"M","M","M","$","?","E","R","E","T","R","E","M","M"],"character_chosen":"THE_SILENT","items_purchased":["PreservedInsect","Fruit Juice","Dagger Throw"],"campfire_rested":2,"item_purchase_floors":[14,14,21],"current_hp_per_floor":[59,59,52,52,39,39,38,34,34,34,33,33,33,38,38,7,51,40,28,19,19,19,17,36,15,15,34,18,5,0,0],"gold":165,"neow_bonus":"THREE_ENEMY_KILL","is_daily":false,"chose_seed":false,"campfire_upgraded":1,"win_rate":0.0,"timestamp":1614022406,"path_taken":["M","?","?","M","?","E","M","E","T","?","M","M","M","$","R","BOSS","M","M","M","$","?","E","R","E","T","R","E","M","M"],"items_purchased_type":["Relic","Potion","Card"],"build_version":"2020-12-22","purchased_purges":1,"victory":false,"max_hp_per_floor":[66,66,66,66,66,66,66,66,66,61,61,61,61,66,66,66,66,66,66,66,66,66,66,66,66,66,66,66,66,66,66],"relic_stats":{"Centennial Puzzle":[9],"Nunchaku":[2],"Torii":54,"counters":[17,67],"Golden Idol":67,"Blue Candle":[0],"PreservedInsect":131,"Cursed Key":0,"obtain_stats":[{"Centennial Puzzle":25,"Nunchaku":28,"NeowsBlessing":0,"Torii":6,"Golden Idol":10,"Blue Candle":9,"MutagenicStrength":22,"Molten Egg 2":23,"PreservedInsect":14,"StrikeDummy":8,"Cursed Key":17,"Ring of the Snake":0},{"Centennial Puzzle":14,"Nunchaku":15,"NeowsBlessing":0,"Torii":3,"Golden Idol":5,"Blue Candle":5,"MutagenicStrength":12,"Molten Egg 2":13,"PreservedInsect":8,"StrikeDummy":5,"Cursed Key":9,"Ring of the Snake":0},{"Centennial Puzzle":57,"Nunchaku":62,"NeowsBlessing":0,"Torii":3,"Golden Idol":13,"Blue Candle":13,"MutagenicStrength":50,"Molten Egg 2":52,"PreservedInsect":23,"StrikeDummy":13,"Cursed Key":38,"Ring of the Snake":0}],"Ring of the Snake":[34]},"card_choices":[{"not_picked":["PiercingWail","Bane"],"picked":"Dagger Spray","floor":1},{"not_picked":["Cloak And Dagger","PiercingWail"],"picked":"Masterful Stab","floor":4},{"not_picked":["Skewer","Tactician"],"picked":"Unload","floor":6},{"not_picked":["PiercingWail","Bouncing Flask"],"picked":"Backflip","floor":7},{"not_picked":["Deflect","Caltrops","Tactician"],"picked":"SKIP","floor":8},{"not_picked":["Deadly Poison","All Out Attack"],"picked":"Flying Knee","floor":11},{"not_picked":["Dagger Spray","Slice"],"picked":"Blade Dance","floor":12},{"not_picked":["Choke","Noxious Fumes"],"picked":"Wraith Form v2","floor":13},{"not_picked":["Doppelganger","Unload"],"picked":"Venomology","floor":16},{"not_picked":["Dodge and Roll","Bane","Tactician"],"picked":"SKIP","floor":18},{"not_picked":["Outmaneuver","Deflect","Poisoned Stab"],"picked":"SKIP","floor":19},{"not_picked":["Backflip","Acrobatics","Bane"],"picked":"SKIP","floor":20},{"not_picked":["Outmaneuver","Acrobatics"],"picked":"Flying Knee+1","floor":23},{"not_picked":["Poisoned Stab+1","Dagger Spray+1"],"picked":"Endless Agony+1","floor":25},{"not_picked":["Reflex","Skewer+1"],"picked":"Underhanded Strike+1","floor":28},{"not_picked":["Slice+1","Outmaneuver","Choke+1"],"picked":"SKIP","floor":29}],"player_experience":774481,"relics_obtained":[{"floor":6,"key":"Torii"},{"floor":8,"key":"StrikeDummy"},{"floor":9,"key":"Blue Candle"},{"floor":23,"key":"Molten Egg 2"},{"floor":25,"key":"Centennial Puzzle"},{"floor":28,"key":"Nunchaku"}],"event_choices":[{"cards_removed":["Strike_G"],"damage_healed":0,"gold_gain":0,"player_choice":"Forget","damage_taken":0,"max_hp_gain":0,"max_hp_loss":0,"event_name":"Living Wall","floor":2,"gold_loss":0},{"cards_removed":["Strike_G"],"damage_healed":0,"gold_gain":0,"player_choice":"Card Removal","damage_taken":7,"max_hp_gain":0,"max_hp_loss":0,"event_name":"Golden Wing","floor":3,"gold_loss":0},{"damage_healed":0,"gold_gain":0,"player_choice":"Entered Light","damage_taken":13,"max_hp_gain":0,"max_hp_loss":0,"event_name":"Shining Light","floor":5,"gold_loss":0,"cards_upgraded":["Strike_G","Strike_G"]},{"damage_healed":0,"gold_gain":0,"player_choice":"Lose Max HP","damage_taken":0,"relics_obtained":["Golden Idol"],"max_hp_gain":0,"max_hp_loss":5,"event_name":"Golden Idol","floor":10,"gold_loss":0},{"damage_healed":0,"gold_gain":0,"player_choice":"Inject Mutagens","damage_taken":0,"relics_obtained":["MutagenicStrength"],"max_hp_gain":0,"max_hp_loss":0,"event_name":"Drug Dealer","floor":22,"gold_loss":0}],"is_beta":false,"boss_relics":[{"not_picked":["Runic Dome","Busted Crown"],"picked":"Cursed Key"}],"items_purged_floors":[21],"is_endless":false,"potions_floor_spawned":[1,6,8,16,23,25,29],"killed_by":"Shelled Parasite and Fungi","ascension_level":14}}