{"host":"hszimsrtxxc2k25w","time":1614028939,"event":{"mods":["AchievementEnabler","BaseMod","Colored Map","DeckTracker","Minty Spire (QoL Compilation)","Rare Cards Sparkle","SuperFastMode"],"gold_per_floor":[112,112,35,110,35,35,69,69,116,128,160,172,195,222,234,323,335,364,376,438,470,382,382,401,401,427,441,441,441],"floor_reached":28,"language":"KOR","playtime":451,"items_purged":["Strike_R","Cleave+1"],"score":527,"play_id":"6a7ad101-c1a4-4e9f-b099-3ed5865705e8","local_time":"20210223062219","is_ascension_mode":true,"campfire_choices":[{"data":"Fire Breathing","floor":6,"key":"SMITH"},{"data":"Feed","floor":12,"key":"SMITH"},{"data":"Carnage","floor":15,"key":"SMITH"},{"data":"Immolate","floor":23,"key":"SMITH"},{"floor":25,"key":"REST"}],"circlet_count":0,"master_deck":["AscendersBane","Defend_R","Defend_R","Defend_R","Defend_R","Bash","Wild Strike+1","Fire Breathing+1","Feed+1","Shrug It Off","Exhume","Carnage+1","Immolate+1","Headbutt+1","Second Wind+1","Dark Embrace","Fiend Fire","Shockwave"],"relics":["Burning Blood","NeowsBlessing","Potion Belt","Ancient Tea Set","MawBank","Astrolabe","Pen Nib"],"acts_visited":["Exordium","TheCity"],"potions_floor_usage":[21,28],"damage_taken":[{"damage":0,"enemies":"Small Slimes","floor":1,"turns":1},{"damage":0,"enemies":"Lagavulin","floor":7,"turns":1},{"damage":0,"enemies":"Cultist","floor":10,"turns":3},{"damage":15,"enemies":"3 Sentries","floor":11,"turns":4},{"damage":0,"enemies":"2 Louse","floor":13,"turns":2},{"damage":25,"enemies":"Red Slaver","floor":14,"turns":4},{"damage":55,"enemies":"The Guardian","floor":16,"turns":9},{"damage":20,"enemies":"2 Thieves","floor":18,"turns":3},{"damage":0,"enemies":"Chosen","floor":21,"turns":3},{"damage":32,"enemies":"3 Cultists","floor":24,"turns":4},{"damage":15,"enemies":"Chosen and Byrds","floor":27,"turns":3},{"damage":33,"enemies":"Book of Stabbing","floor":28,"turns":5}],"seed_played":"-4969435775245058963","potions_obtained":[{"floor":10,"key":"ElixirPotion"},{"floor":11,"key":"SkillPotion"},{"floor":13,"key":"SteroidPotion"},{"floor":16,"key":"ElixirPotion"},{"floor":21,"key":"Weak Potion"}],"is_trial":false,"path_per_floor":["M","?","$","?","$","R","E","?","T","M","E","R","M","M","R","B",null,"M","?","?","M","$","R","M","R","T","M","E"],"character_chosen":"IRONCLAD","items_purchased":["Fire Breathing"],"campfire_rested":1,"item_purchase_floors":[3],"current_hp_per_floor":[74,74,74,63,63,63,69,69,69,78,69,69,79,60,60,11,64,50,26,26,36,36,36,14,42,42,37,4,4],"gold":441,"neow_bonus":"THREE_ENEMY_KILL","is_daily":false,"chose_seed":false,"campfire_upgraded":4,"win_rate":0.0,"timestamp":1614028939,"path_taken":["M","?","?","?","$","R","E","?","T","?","E","R","M","?","R","BOSS","M","?","?","?","?","R","M","R","T","M","E"],"items_purchased_type":["Card"],"build_version":"2020-12-22","purchased_purges":2,"victory":false,"max_hp_per_floor":[75,75,75,75,75,75,75,75,75,78,78,78,82,82,82,82,82,82,87,87,91,91,91,95,95,95,99,99,99],"card_choices":[{"not_picked":["Body Slam","Warcry"],"picked":"Wild Strike","floor":1},{"not_picked":["Iron Wave","Whirlwind","Pummel"],"picked":"SKIP","floor":7},{"not_picked":["Fire Breathing","Sentinel"],"picked":"Shrug It Off","floor":10},{"not_picked":["Iron Wave","Dual Wield","Shrug It Off"],"picked":"SKIP","floor":11},{"not_picked":["Flex","Feel No Pain"],"picked":"Exhume","floor":13},{"not_picked":["Warcry","Sword Boomerang"],"picked":"Carnage","floor":14},{"not_picked":["Reaper","Corruption"],"picked":"Immolate","floor":16},{"not_picked":["Flex","Bloodletting","Havoc"],"picked":"SKIP","floor":18},{"not_picked":["Thunderclap","Burning Pact"],"picked":"Dark Embrace","floor":21},{"not_picked":["Anger","Thunderclap"],"picked":"Fiend Fire","floor":24},{"not_picked":["Heavy Blade","Combust"],"picked":"Shockwave","floor":27}],"player_experience":691440,"relics_obtained":[{"floor":7,"key":"Potion Belt"},{"floor":9,"key":"Ancient Tea Set"},{"floor":11,"key":"MawBank"},{"floor":26,"key":"Pen Nib"}],"event_choices":[{"damage_healed":0,"gold_gain":0,"player_choice":"Forge","damage_taken":0,"max_hp_gain":0,"max_hp_loss":0,"event_name":"Accursed Blacksmith","floor":2,"gold_loss":0,"cards_upgraded":["Wild Strike"]},{"damage_healed":0,"gold_gain":75,"player_choice":"Gather Gold","damage_taken":11,"max_hp_gain":0,"max_hp_loss":0,"event_name":"World of Goop","floor":4,"gold_loss":0},{"damage_healed":0,"gold_gain":0,"cards_transformed":["Strike_R"],"player_choice":"Transformed","damage_taken":0,"max_hp_gain":0,"max_hp_loss":0,"event_name":"Transmorgrifier","floor":8,"gold_loss":0,"cards_obtained":["Feed"]},{"damage_healed":0,"gold_gain":0,"player_choice":"Shed Blood","damage_taken":29,"max_hp_gain":5,"max_hp_loss":0,"event_name":"Forgotten Altar","floor":19,"gold_loss":0},{"damage_healed":0,"gold_gain":50,"player_choice":"Pray","damage_taken":0,"max_hp_gain":0,"max_hp_loss":0,"event_name":"Golden Shrine","floor":20,"gold_loss":0}],"is_beta":false,"boss_relics":[{"not_picked":["Tiny House","Fusion Hammer"],"picked":"Astrolabe"}],"items_purged_floors":[5,22],"is_endless":false,"potions_floor_spawned":[10,11,13,16,21,27],"killed_by":"Book of Stabbing","ascension_level":20}}