{"host":"mpysornf1vqkhgbh","time":1614003640,"event":{"mods":["AchievementEnabler","Act Like it!","BaseMod","Better Sensory Stone","Better Silent Start","Colored Map","Friendly Minions","Gensokyo","Googly Eyes","Highlight Path","Magitek Elite","Minty Spire (QoL Compilation)","Quick Restart","Robot Space Explorer","Ruina","Spire Arcade","StSLib","The Cursed","The Disciple","The Druid","The Gatherer","The Hierophant","The Jungle","The Marked","The Saiyan","The Senshi","The Witch","TheBandit","TheVacant","thorton"],"gold_per_floor":[115,133,208,383,83,183,197,197,197,224,224,283,303,321,321,417,417,427,427,427,407,424,424,457,48,48,83,83,99,119,138,138,233,233,252,162,182,207,60,60,73,102,102,102,114,114,42,92,92,92],"floor_reached":51,"language":"ENG","playtime":3214,"items_purged":["Doubt","theSenshi:SailorKick"],"score":713,"play_id":"cf352754-c1f8-44d4-b6b0-b6cc6f69341b","local_time":"20210222082040","is_ascension_mode":false,"campfire_choices":[{"data":"theSenshi:KlutzyLuck","floor":11,"key":"SMITH"},{"data":"theSenshi:MoonPrincessHalation","floor":15,"key":"SMITH"},{"data":"theSenshi:UranusStrength","floor":23,"key":"SMITH"},{"data":"theSenshi:CrisisMakeUp","floor":28,"key":"SMITH"},{"data":"theSenshi:MoonCrystalPowerMakeUp","floor":32,"key":"SMITH"},{"data":"theSenshi:MoonPrismPowerMakeUp","floor":40,"key":"SMITH"},{"data":"theSenshi:SailorNeptuneAssists","floor":44,"key":"SMITH"},{"data":"theSenshi:RainbowMoonHeartAche","floor":46,"key":"SMITH"},{"data":"theSenshi:MoonCosmicPowerMakeUp","floor":49,"key":"SMITH"}],"circlet_count":0,"master_deck":["theSenshi:SailorKick+1","theSenshi:SailorKick+1","theSenshi:SailorBlock","theSenshi:SailorBlock","theSenshi:SailorBlock","theSenshi:SailorBlock","theSenshi:RoseThrow","theSenshi:MoonPrismPowerMakeUp+1","theSenshi:TuxedoSmokingBomber","theSenshi:SailorNeptuneAssists+1","theSenshi:MoonCrystalPowerMakeUp+1","theSenshi:SailorPlanetAttack","theSenshi:KlutzyLuck+1","theSenshi:SailorChibiMoonAssists","theSenshi:MoonsReflection","theSenshi:MoonPrincessHalation+1","theSenshi:IWillPunishYou","theSenshi:SailorMercuryAssists+1","Chrysalis+1","Dramatic Entrance","theSenshi:UranusStrength+1","theSenshi:MoonCosmicPowerMakeUp+1","theSenshi:CrisisMakeUp+1","theSenshi:VenusGlamour","theSenshi:MoonGorgeousMeditation","theSenshi:SailorStarMakerAssists","theSenshi:MoonTiaraMagic","theSenshi:MoonSpiralHeartAttack","theSenshi:MoonGorgeousMeditation","theSenshi:SailorUranusAssists+1","theSenshi:MercurysCunning+1","theSenshi:RainbowMoonHeartAche+1","theSenshi:TallSilhouette+1","theSenshi:MoonCosmicPowerMakeUp+1"],"relics":["theSenshi:TransformationBroochRelic","Whetstone","TheAbacus","Bottled Flame","Meat on the Bone","Blue Candle","theSenshi:HolyGrailRelic","Golden_Hairpin","Omamori","PreservedInsect","Pantograph","Tiny Chest","SlaversCollar","Guard_Bracelet","Chemical X","Happy Flower","theSenshi:FeatherClipsRelic"],"acts_visited":["Exordium","TheCity","TheBeyond"],"potions_floor_usage":[10,24,33,50,50,50],"damage_taken":[{"damage":7,"enemies":"Small Slimes","floor":1,"turns":3},{"damage":0,"enemies":"2 Louse","floor":2,"turns":2},{"damage":4,"enemies":"Cultist","floor":7,"turns":3},{"damage":21,"enemies":"3 Sentries","floor":10,"turns":10},{"damage":13,"enemies":"Lagavulin Event","floor":12,"turns":10},{"damage":0,"enemies":"Exordium Wildlife","floor":13,"turns":4},{"damage":7,"enemies":"Looter","floor":14,"turns":4},{"damage":15,"enemies":"The Guardian","floor":16,"turns":12},{"damage":0,"enemies":"Chosen","floor":18,"turns":5},{"damage":1,"enemies":"Spheric Guardian","floor":22,"turns":5},{"damage":23,"enemies":"Slavers","floor":24,"turns":6},{"damage":30,"enemies":"Book of Stabbing","floor":27,"turns":7},{"damage":0,"enemies":"Cultist and Chosen","floor":29,"turns":6},{"damage":7,"enemies":"3 Cultists","floor":30,"turns":5},{"damage":10,"enemies":"Snake Plant","floor":31,"turns":6},{"damage":45,"enemies":"Collector","floor":33,"turns":11},{"damage":9,"enemies":"3 Darklings","floor":35,"turns":6},{"damage":7,"enemies":"Orb Walker","floor":37,"turns":5},{"damage":0,"enemies":"Maw","floor":41,"turns":7},{"damage":19,"enemies":"Giant Head","floor":42,"turns":9},{"damage":13,"enemies":"4 Shapes","floor":45,"turns":6},{"damage":31,"enemies":"Awakened One","floor":50,"turns":13}],"seed_played":"312522505279897309","potions_obtained":[{"floor":2,"key":"PowerPotion"},{"floor":10,"key":"EssenceOfSteel"},{"floor":14,"key":"DistilledChaos"},{"floor":18,"key":"GamblersBrew"},{"floor":27,"key":"Dexterity Potion"},{"floor":30,"key":"CultistPotion"},{"floor":31,"key":"PowerPotion"},{"floor":37,"key":"Ancient Potion"}],"is_trial":false,"path_per_floor":["M","M","?","?","$","?","M","T","T","E","R","?","M","M","R","B",null,"M","?","?","?","M","R","E","$","T","E","R","M","M","M","R","B",null,"M","?","M","T","$","R","M","E","T","R","M","R","$","?","R","B",null],"character_chosen":"THE_SENSHI","items_purchased":["theSenshi:MoonCrystalPowerMakeUp","TheAbacus","theSenshi:CrisisMakeUp","PreservedInsect","theSenshi:VenusGlamour","Chemical X","theSenshi:MoonCosmicPowerMakeUp"],"campfire_rested":0,"item_purchase_floors":[5,5,25,25,25,39,47],"current_hp_per_floor":[68,68,57,57,57,57,53,53,53,44,44,43,43,48,48,45,75,75,75,75,75,74,74,51,51,51,33,33,45,38,40,40,32,75,66,66,59,59,59,59,59,40,40,40,45,45,45,45,45,55],"gold":92,"neow_bonus":"RANDOM_COMMON_RELIC","is_daily":false,"chose_seed":false,"campfire_upgraded":9,"win_rate":0.0,"timestamp":1614003640,"path_taken":["M","M","?","?","$","?","?","?","T","E","R","?","M","M","R","BOSS","M","?","?","?","M","R","E","$","T","E","R","M","?","M","R","BOSS","M","?","?","?","$","R","M","E","T","R","M","R","$","?","R","BOSS"],"items_purchased_type":["Card","Relic","Card","Relic","Card","Relic","Card"],"build_version":"2020-12-22","purchased_purges":2,"victory":true,"max_hp_per_floor":[75,75,75,75,75,75,75,75,75,75,75,75,75,75,75,75,75,75,75,75,75,75,75,75,75,75,75,75,75,75,75,75,75,75,75,75,75,75,75,75,75,75,75,75,75,75,75,75,75,75],"card_choices":[{"not_picked":["theSenshi:MoonPower","theSenshi:MoonsReflection"],"picked":"theSenshi:TuxedoSmokingBomber","floor":1},{"not_picked":["theSenshi:RainbowMoonHeartAche","theSenshi:GatheringStrength"],"picked":"theSenshi:SailorNeptuneAssists","floor":2},{"not_picked":["theSenshi:LateForSchool","theSenshi:MoonPower"],"picked":"theSenshi:SailorPlanetAttack","floor":7},{"not_picked":["theSenshi:LunaWiseMentor","theSenshi:SailorPlutoAssists"],"picked":"theSenshi:KlutzyLuck","floor":10},{"not_picked":["theSenshi:EncouragingSpeech","theSenshi:RainbowMoonHeartAche"],"picked":"theSenshi:SailorChibiMoonAssists","floor":12},{"not_picked":["theSenshi:SailorChibiMoonAssists","theSenshi:SailorMarsAssists"],"picked":"theSenshi:MoonsReflection","floor":13},{"not_picked":["theSenshi:SupersonicWaves","theSenshi:TallSilhouette"],"picked":"theSenshi:MoonPrincessHalation","floor":14},{"not_picked":["theSenshi:WarriorOfTheMoon","theSenshi:InTheNameOfTheMoon"],"picked":"theSenshi:IWillPunishYou","floor":16},{"not_picked":["theSenshi:EncouragingSpeech","theSenshi:SailorUranusAssists"],"picked":"theSenshi:SailorMercuryAssists+1","floor":18},{"not_picked":["Blind","Metamorphosis"],"picked":"Chrysalis","floor":19},{"not_picked":["Violence","Blind"],"picked":"Dramatic Entrance","floor":19},{"not_picked":["theSenshi:TallSilhouette","theSenshi:SailorVenusAssists"],"picked":"theSenshi:UranusStrength","floor":22},{"not_picked":["theSenshi:MoonlightKnight","theSenshi:SailorPlutoAssists"],"picked":"theSenshi:MoonCosmicPowerMakeUp+1","floor":24},{"not_picked":["theSenshi:SailorMercuryAssists","theSenshi:EncouragingSpeech"],"picked":"theSenshi:MoonGorgeousMeditation","floor":27},{"not_picked":["theSenshi:SupersonicWaves","theSenshi:LunaWiseMentor"],"picked":"theSenshi:SailorStarMakerAssists","floor":29},{"not_picked":["theSenshi:TuxedoSmokingBomber","theSenshi:SupersonicWaves+1"],"picked":"theSenshi:MoonTiaraMagic","floor":30},{"not_picked":["theSenshi:MoonCrystalPowerMakeUp","theSenshi:FatedKiss"],"picked":"theSenshi:MoonSpiralHeartAttack","floor":31},{"not_picked":["theSenshi:WarriorOfTheMoon","theSenshi:StudyParty"],"picked":"theSenshi:MoonGorgeousMeditation","floor":33},{"not_picked":["theSenshi:TuxedoSmokingBomber+1","theSenshi:MoonPunch+1"],"picked":"theSenshi:SailorUranusAssists+1","floor":35},{"not_picked":["theSenshi:SupersonicWaves","theSenshi:Sidestep"],"picked":"theSenshi:MercurysCunning+1","floor":37},{"not_picked":["theSenshi:MoonsReflection+1","theSenshi:SailorChibiMoonAssists+1"],"picked":"theSenshi:RainbowMoonHeartAche","floor":41},{"not_picked":["theSenshi:IWillPunishYou","theSenshi:SailorChibiMoonAssists+1"],"picked":"theSenshi:TallSilhouette+1","floor":42},{"not_picked":["theSenshi:MercurysCunning+1","theSenshi:MoonsReflection+1","theSenshi:KlutzyLuck"],"picked":"SKIP","floor":45}],"player_experience":1075105,"relics_obtained":[{"floor":8,"key":"Bottled Flame"},{"floor":9,"key":"Meat on the Bone"},{"floor":10,"key":"Blue Candle"},{"floor":12,"key":"theSenshi:HolyGrailRelic"},{"floor":24,"key":"Omamori"},{"floor":26,"key":"Pantograph"},{"floor":27,"key":"Tiny Chest"},{"floor":38,"key":"Guard_Bracelet"},{"floor":42,"key":"Happy Flower"},{"floor":43,"key":"theSenshi:FeatherClipsRelic"}],"event_choices":[{"damage_healed":0,"gold_gain":75,"player_choice":"Gather Gold","damage_taken":11,"max_hp_gain":0,"max_hp_loss":0,"event_name":"World of Goop","floor":3,"gold_loss":0},{"damage_healed":0,"gold_gain":175,"player_choice":"AGREE","damage_taken":0,"max_hp_gain":0,"max_hp_loss":0,"event_name":"Liars Game","floor":4,"gold_loss":0,"cards_obtained":["Doubt"]},{"damage_healed":0,"gold_gain":100,"player_choice":"Pray","damage_taken":0,"max_hp_gain":0,"max_hp_loss":0,"event_name":"Golden Shrine","floor":6,"gold_loss":0},{"damage_healed":0,"gold_gain":0,"player_choice":"Searched \u00271\u0027 times","damage_taken":0,"max_hp_gain":0,"max_hp_loss":0,"event_name":"Dead Adventurer","floor":12,"gold_loss":0},{"damage_healed":0,"gold_gain":2,"player_choice":"1","damage_taken":0,"max_hp_gain":0,"max_hp_loss":0,"event_name":"betterStone:BetterStone","floor":19,"gold_loss":0},{"damage_healed":0,"gold_gain":0,"player_choice":"Ignored","damage_taken":0,"max_hp_gain":0,"max_hp_loss":0,"event_name":"Ghosts","floor":20,"gold_loss":0},{"damage_healed":0,"gold_gain":0,"player_choice":"Bought 1 Potion","damage_taken":0,"max_hp_gain":0,"max_hp_loss":0,"event_name":"The Woman in Blue","floor":21,"gold_loss":0},{"cards_removed":["theSenshi:SailorKick"],"damage_healed":0,"gold_gain":0,"player_choice":"Upgrade and Remove","damage_taken":0,"max_hp_gain":0,"max_hp_loss":0,"event_name":"Designer","floor":36,"gold_loss":90,"cards_upgraded":["Chrysalis"]}],"is_beta":false,"boss_relics":[{"not_picked":["SacredBark","Velvet Choker"],"picked":"Golden_Hairpin"},{"not_picked":["Runic Dome","Calling Bell"],"picked":"SlaversCollar"}],"items_purged_floors":[5,25],"is_endless":false,"potions_floor_spawned":[2,10,14,18,27,30,31,37,41],"ascension_level":0}}