{"host":"wqi7jvkbznmdbtu0","time":1614004162,"event":{"mods":["Act Like it!","BaseMod","Downfall","Hermit","Hubris","Infinite Spire","Mimic Mod","Minty Spire (QoL Compilation)","Quick Restart","Ruina","StSLib","The Construct","The Jungle","The Mystic"],"gold_per_floor":[214,226,226,74,88,88,106,125,207,227,239,239,250,281,281,385,385,395,395,295,295,295,295,307,307,333,333,333,333,350,404,404,404,404],"floor_reached":33,"language":"ENG","playtime":2169,"items_purged":["Strike_R","Strike_R"],"score":245,"play_id":"d32ee540-80e0-42c0-88c5-68e1ec90183a","local_time":"20210222142922","is_ascension_mode":false,"campfire_choices":[{"data":"Infernal Blade","floor":6,"key":"SMITH"},{"data":"Armaments","floor":12,"key":"SMITH"},{"data":"Juggernaut","floor":15,"key":"SMITH"},{"data":"Metallicize","floor":23,"key":"SMITH"},{"data":"Barricade","floor":25,"key":"SMITH"},{"data":"ruina:CrimsonScar","floor":27,"key":"SMITH"},{"data":"Defend_R","floor":29,"key":"SMITH"},{"data":"Defend_R","floor":32,"key":"SMITH"}],"circlet_count":0,"master_deck":["Strike_R+1","Strike_R","Defend_R+1","Defend_R","Defend_R+1","Defend_R+1","Bash+1","Infernal Blade+1","Metallicize+1","Inflame","Armaments+1","Juggernaut+1","Barricade+1","ruina:CrimsonScar+1","Body Slam+1","ruina:FalseThrone+1"],"relics":["Burning Blood","Darkstone Periapt","Odd Mushroom","Whetstone","construct:WeddingRing","Tiny Chest","Bronze Scales","War Paint"],"acts_visited":["Exordium","Exordium"],"potions_floor_usage":[14,14,33],"damage_taken":[{"damage":1,"enemies":"Cultist","floor":1,"turns":3},{"damage":8,"enemies":"Small Slimes","floor":2,"turns":3},{"damage":0,"enemies":"Jaw Worm","floor":5,"turns":3},{"damage":10,"enemies":"Exordium Wildlife","floor":7,"turns":5},{"damage":0,"enemies":"Large Slime","floor":8,"turns":6},{"damage":4,"enemies":"The Mushroom Lair","floor":10,"turns":5},{"damage":7,"enemies":"2 Fungi Beasts","floor":11,"turns":4},{"damage":0,"enemies":"Exordium Wildlife","floor":13,"turns":3},{"damage":19,"enemies":"Gremlin Nob","floor":14,"turns":5},{"damage":21,"enemies":"The Guardian","floor":16,"turns":11},{"damage":4,"enemies":"ruina:BadWolf","floor":18,"turns":6},{"damage":6,"enemies":"ruina:Nosferatu","floor":24,"turns":5},{"damage":5,"enemies":"ruina:KingOfGreed","floor":30,"turns":5},{"damage":100,"enemies":"ruina:Red_and_Wolf","floor":33,"turns":14}],"seed_played":"-2150576661922354565","potions_obtained":[{"floor":1,"key":"EssenceOfSteel"},{"floor":7,"key":"Strength Potion"},{"floor":10,"key":"EssenceOfSteel"},{"floor":24,"key":"Swift Potion"}],"is_trial":false,"path_per_floor":["M","M","?","$","M","R","M","M","T","?","M","R","M","E","R","B",null,"M","?","?","AVR","?","R","M","R","T","R","?","R","M","T","R","B"],"character_chosen":"IRONCLAD","items_purchased":["Metallicize"],"campfire_rested":0,"item_purchase_floors":[4],"current_hp_per_floor":[80,78,78,78,80,80,76,80,80,80,79,79,80,67,67,52,80,80,88,88,88,88,88,88,88,88,88,84,84,85,85,85,0,0],"gold":404,"neow_bonus":"HUNDRED_GOLD","is_daily":false,"chose_seed":false,"campfire_upgraded":8,"win_rate":0.0,"timestamp":1614004162,"path_taken":["M","M","?","$","?","R","?","M","T","?","M","R","M","E","R","BOSS","M","?","?","AVR","?","R","M","R","T","R","?","R","?","?","R","BOSS"],"items_purchased_type":["Card"],"build_version":"2020-12-22","purchased_purges":2,"victory":false,"max_hp_per_floor":[80,80,80,80,80,80,80,80,80,80,80,80,80,80,80,80,80,80,88,88,88,88,88,88,88,88,88,90,90,90,90,90,90,90],"card_choices":[{"not_picked":["Intimidate","Headbutt"],"picked":"Infernal Blade","floor":1},{"not_picked":["Thunderclap","True Grit","Heavy Blade"],"picked":"SKIP","floor":2},{"not_picked":["Rage","Limit Break"],"picked":"Inflame","floor":5},{"not_picked":["Shockwave","Rampage"],"picked":"Armaments","floor":7},{"not_picked":["Havoc","Thunderclap","Dropkick"],"picked":"SKIP","floor":8},{"not_picked":["Sword Boomerang","Armaments","Perfected Strike"],"picked":"SKIP","floor":11},{"not_picked":["Sword Boomerang","Armaments","Perfected Strike"],"picked":"SKIP","floor":11},{"not_picked":["Cleave","Rupture","hubris:ReadiedAction"],"picked":"SKIP","floor":13},{"not_picked":["Flame Barrier","Burning Pact"],"picked":"Juggernaut","floor":14},{"not_picked":["Double Tap","Exhume"],"picked":"Barricade","floor":16},{"not_picked":["Havoc","Headbutt+1","Fire Breathing+1"],"picked":"SKIP","floor":18},{"not_picked":["Pummel","True Grit+1"],"picked":"Body Slam+1","floor":24},{"not_picked":["Uppercut","Perfected Strike+1","Combust+1"],"picked":"SKIP","floor":30}],"player_experience":85277,"relics_obtained":[{"floor":9,"key":"Darkstone Periapt"},{"floor":10,"key":"Odd Mushroom"},{"floor":14,"key":"Whetstone"},{"floor":26,"key":"Bronze Scales"},{"floor":31,"key":"War Paint"}],"event_choices":[{"cards_removed":["Strike_R"],"damage_healed":0,"gold_gain":0,"player_choice":"Purged","damage_taken":0,"max_hp_gain":0,"max_hp_loss":0,"event_name":"Purifier","floor":3,"gold_loss":0},{"damage_healed":0,"gold_gain":0,"player_choice":"Fought Mushrooms","damage_taken":0,"max_hp_gain":0,"max_hp_loss":0,"event_name":"Mushrooms","floor":10,"gold_loss":0}],"is_beta":false,"boss_relics":[{"not_picked":["Busted Crown","hubris:Backtick"],"picked":"construct:WeddingRing"}],"items_purged_floors":[4,21],"is_endless":false,"potions_floor_spawned":[1,7,10,11,24],"killed_by":"ruina:Red_and_Wolf","ascension_level":0}}