{"host":"sum4dy402bbv9y4o","time":1614023674,"event":{"mods":["Aspiration","BaseMod","Conspire","Highlight Path","Minty Spire (QoL Compilation)","StSLib"],"gold_per_floor":[118,6,26,26,26,51,66,99,126,158,178,178,188,200,200,200,200],"floor_reached":16,"language":"ENG","playtime":3517,"items_purged":["Strike_P"],"score":244,"play_id":"ca4335e4-4910-4437-a5f2-27649cb48d23","local_time":"20210222225434","is_ascension_mode":true,"campfire_choices":[{"floor":12,"key":"REST"},{"floor":15,"key":"REST"}],"circlet_count":0,"master_deck":["AscendersBane","Strike_P","Defend_P","Defend_P","Defend_P","Eruption","Vigilance","CutThroughFate","SashWhip","BattleHymn","CutThroughFate","Injury","Glass Knife+1","Prepared","Poisoned Stab+1","SashWhip+1","Conclude+1","Consecrate+1","FlurryOfBlows+1","WheelKick+1","BowlingBash+1","MentalFortress"],"relics":["PureWater","Molten Egg 2","Blue Candle","Smiling Mask","conspire:TopHat","aspiration:HatOfInfinitePower"],"acts_visited":["Exordium"],"potions_floor_usage":[8,10,16],"damage_taken":[{"damage":7,"enemies":"Small Slimes","floor":1,"turns":3},{"damage":0,"enemies":"Cultist","floor":3,"turns":2},{"damage":16,"enemies":"Gremlin Nob","floor":6,"turns":3},{"damage":4,"enemies":"Jaw Worm","floor":7,"turns":3},{"damage":10,"enemies":"Lagavulin","floor":8,"turns":6},{"damage":19,"enemies":"3 Sentries","floor":10,"turns":3},{"damage":4,"enemies":"Gremlin Gang","floor":11,"turns":2},{"damage":1,"enemies":"Blue Slaver","floor":13,"turns":2},{"damage":0,"enemies":"Red Slaver","floor":14,"turns":1},{"damage":51,"enemies":"The Guardian","floor":16,"turns":4}],"seed_played":"3391717332870968981","potions_obtained":[{"floor":7,"key":"Block Potion"},{"floor":8,"key":"PowerPotion"},{"floor":13,"key":"PowerPotion"}],"is_trial":false,"path_per_floor":["M","$","M","?","?","E","M","E","T","E","M","R","M","M","R","B"],"character_chosen":"WATCHER","items_purchased":["BattleHymn"],"campfire_rested":2,"item_purchase_floors":[2],"current_hp_per_floor":[54,54,54,54,54,38,34,24,24,5,1,21,20,20,40,0,0],"gold":200,"neow_bonus":"THREE_CARDS","is_daily":false,"chose_seed":false,"campfire_upgraded":0,"win_rate":0.0,"timestamp":1614023674,"path_taken":["M","$","M","?","?","E","M","E","T","E","M","R","?","M","R","BOSS"],"items_purchased_type":["Card"],"build_version":"2020-12-22","purchased_purges":1,"victory":false,"max_hp_per_floor":[68,68,68,68,68,68,68,68,68,68,68,68,68,68,68,68,68],"card_choices":[{"not_picked":["Prostrate","ClearTheMind"],"picked":"CutThroughFate","floor":0},{"not_picked":["BowlingBash","Meditate"],"picked":"SashWhip","floor":1},{"not_picked":["WaveOfTheHand","PathToVictory"],"picked":"CutThroughFate","floor":3},{"not_picked":["EmptyMind","Sanctity"],"picked":"SashWhip+1","floor":6},{"not_picked":["EmptyMind","JustLucky+1"],"picked":"Conclude+1","floor":7},{"not_picked":["SashWhip+1","FlyingSleeves+1"],"picked":"Consecrate+1","floor":8},{"not_picked":["BowlingBash+1","Prostrate"],"picked":"FlurryOfBlows+1","floor":10},{"not_picked":["ThirdEye","Perseverance"],"picked":"WheelKick+1","floor":11},{"not_picked":["Prostrate","Evaluate"],"picked":"BowlingBash+1","floor":13},{"not_picked":["SandsOfTime+1","SashWhip+1"],"picked":"MentalFortress","floor":14}],"player_experience":3130099,"relics_obtained":[{"floor":6,"key":"Blue Candle"},{"floor":8,"key":"Smiling Mask"},{"floor":9,"key":"conspire:TopHat"},{"floor":10,"key":"aspiration:HatOfInfinitePower"}],"event_choices":[],"is_beta":false,"boss_relics":[],"items_purged_floors":[2],"is_endless":false,"potions_floor_spawned":[7,8,13],"killed_by":"The Guardian","ascension_level":20}}