{"host":"67lwyhkmsxpels8b","time":1614003189,"event":{"mods":["AchievementEnabler","Act Like it!","AlwaysNeverKeys","Aspiration","BaseMod","Better Altar","Better Third Choice","Better Vampires","BetterRewards","Colored Map","Colored Powertips","Decade(王小明)","Dota2Spire","Friendly Minions","Gensokyo","GifTheSpireLib","Hallownest","Hermit","Highlight Path","KinomotoSakuraMod(木之本樱)","Koishi","LagranYue(拉格朗・月)","Lobotomy","LobotomyExtend","Luminous","Marisa（F雨　魔理沙）","Minty Spire (QoL Compilation)","Pikachu Mod","Prisma Mod","Quick Restart","Rare Cards Sparkle","Relic Stats","Remilia（蕾米莉亚）","Replay The Spire","RumiaBox-露米娅的神秘盒子","Spicy Shops","StSLib","The Administrix","The Animator","The Blackbeard","The Bug Knight","The Cursed","The Hierophant","The Marked","Yakumo Yukari mod","【功能Mod】混沌之环修复补丁","篝火指南"],"gold_per_floor":[126,76,107,107,134,59,90,8,80,80,108,108,134,175,175,330,330,355,390,421,448,448,17,17,17,65,71,71],"floor_reached":27,"language":"ZHS","playtime":3300,"items_purged":["animator:Defend","animator:Strike"],"score":215,"play_id":"e3c4affb-23f0-41f4-a82e-80a80feba3ba","local_time":"20210222221309","is_ascension_mode":false,"campfire_choices":[{"floor":10,"key":"REST"},{"floor":15,"key":"REST"},{"data":"animator:Aisha","floor":25,"key":"SMITH"}],"circlet_count":0,"master_deck":["animator:Strike_Konosuba","animator:Defend_Konosuba","animator:Defend","animator:Defend","animator:Kazuma","animator:Aqua","animator:Shigure","animator:Raven","animator:YunYun","animator:Vanir","animator:Darkness","animator:Chris+1","animator:Elsword","animator:Add","animator:Mitsurugi","animator:Melzalgald","animator:PandorasActor+1","animator:Ara","animator:Aisha+1","animator:Megumin+1"],"relics":["animator:LivingPicture","animator:ColorlessFragment","LagranYue:RandomDrawCardRelic","aspiration:Nostalgia","hierophant:PropheticMaskRelic","Golden Idol","Smiling Mask","Golden Egg","Coffee Dripper","LetterFromLob","animator:OldCoffin","ReplayFunnel"],"acts_visited":["Exordium","TheCity"],"potions_floor_usage":[16,16,27],"damage_taken":[{"damage":1,"enemies":"2 Louse","floor":1,"turns":3},{"damage":3,"enemies":"Jaw Worm","floor":3,"turns":4},{"damage":3,"enemies":"Small Slimes","floor":5,"turns":4},{"damage":31,"enemies":"3 Sentries","floor":7,"turns":8},{"damage":4,"enemies":"Looter","floor":11,"turns":3},{"damage":3,"enemies":"3 Louse","floor":13,"turns":2},{"damage":7,"enemies":"2 Fungi Beasts","floor":14,"turns":3},{"damage":43,"enemies":"The Guardian","floor":16,"turns":9},{"damage":0,"enemies":"Spheric Guardian","floor":18,"turns":3},{"damage":3,"enemies":"3 Byrds","floor":19,"turns":5},{"damage":10,"enemies":"3 Cultists","floor":20,"turns":4},{"damage":24,"enemies":"Snake Plant","floor":21,"turns":3},{"damage":44,"enemies":"Gremlin Leader","floor":27,"turns":4}],"seed_played":"687461027333783429","potions_obtained":[{"floor":1,"key":"Dexterity Potion"},{"floor":13,"key":"DistilledChaos"},{"floor":14,"key":"Elixir"},{"floor":19,"key":"Ancient Potion"},{"floor":21,"key":"SkillPotion"}],"is_trial":false,"path_per_floor":["M","?","M","?","M","R","E","$","T","R","M","?","M","M","R","B",null,"M","M","M","M","?","R","?","R","T","E"],"character_chosen":"THE_ANIMATOR","items_purchased":["animator:Darkness","animator:Megumin","animator:ColorlessFragment","animator:OldCoffin"],"campfire_rested":2,"item_purchase_floors":[8,23,23,23],"current_hp_per_floor":[66,66,65,49,48,48,20,20,20,40,38,38,38,33,53,12,68,69,68,60,39,39,39,39,39,39,0,0],"gold":71,"neow_bonus":"NOSTALGIA","is_daily":false,"chose_seed":false,"campfire_upgraded":1,"win_rate":0.0,"timestamp":1614003189,"path_taken":["M","?","M","?","M","R","E","$","T","R","M","?","M","M","R","BOSS","M","M","M","M","?","R","?","R","T","E"],"items_purchased_type":["Card","Card","Relic","Relic"],"build_version":"2020-12-22","purchased_purges":2,"victory":false,"max_hp_per_floor":[66,66,66,66,66,66,67,67,67,67,67,67,68,68,68,68,68,69,69,69,70,70,70,70,70,70,70,70],"relic_stats":{"counters":[13,55],"Golden Idol":66,"Smiling Mask":50,"obtain_stats":[{"ReplayFunnel":26,"Golden Egg":9,"LagranYue:RandomDrawCardRelic":0,"aspiration:Nostalgia":0,"Golden Idol":4,"animator:ColorlessFragment":23,"animator:TheMissingPiece":0,"hierophant:PropheticMaskRelic":0,"Smiling Mask":7,"animator:LivingPicture":0,"Coffee Dripper":17,"LetterFromLob":20,"animator:OldCoffin":23},{"ReplayFunnel":12,"Golden Egg":4,"LagranYue:RandomDrawCardRelic":0,"aspiration:Nostalgia":0,"Golden Idol":2,"animator:ColorlessFragment":12,"animator:TheMissingPiece":0,"hierophant:PropheticMaskRelic":0,"Smiling Mask":4,"animator:LivingPicture":0,"Coffee Dripper":8,"LetterFromLob":11,"animator:OldCoffin":12},{"ReplayFunnel":51,"Golden Egg":19,"LagranYue:RandomDrawCardRelic":0,"aspiration:Nostalgia":0,"Golden Idol":7,"animator:ColorlessFragment":51,"animator:TheMissingPiece":0,"hierophant:PropheticMaskRelic":0,"Smiling Mask":19,"animator:LivingPicture":0,"Coffee Dripper":36,"LetterFromLob":48,"animator:OldCoffin":51}]},"card_choices":[{"not_picked":["animator:MetalKnight","animator:DolaRiku"],"picked":"animator:Shigure","floor":1},{"not_picked":["animator:DolaRiku","animator:Evileye"],"picked":"animator:Raven","floor":3},{"not_picked":["animator:DolaRiku","animator:Chris"],"picked":"animator:YunYun","floor":5},{"not_picked":["animator:Kazuma","animator:Chris"],"picked":"animator:Vanir","floor":7},{"not_picked":["animator:DolaStephanie","animator:IzunaHatsuse"],"picked":"animator:Chris","floor":11},{"not_picked":["animator:MetalKnight","animator:DolaRiku"],"picked":"animator:Elsword","floor":13},{"not_picked":["animator:Ciel","animator:KrulTepes"],"picked":"animator:Add","floor":14},{"not_picked":["animator:YunYun","animator:Verdia"],"picked":"animator:Mitsurugi","floor":18},{"not_picked":["animator:Shalltear","animator:Saitama"],"picked":"animator:Melzalgald","floor":19},{"not_picked":["animator:Sebas","animator:Hakurou"],"picked":"animator:PandorasActor+1","floor":20},{"not_picked":["animator:Hakurou+1","animator:Tatsumaki+1"],"picked":"animator:Ara","floor":21}],"player_experience":49000,"relics_obtained":[{"floor":7,"key":"Smiling Mask"},{"floor":9,"key":"Golden Egg"},{"floor":20,"key":"LetterFromLob"},{"floor":26,"key":"ReplayFunnel"}],"event_choices":[{"cards_removed":["animator:Strike"],"damage_healed":0,"gold_gain":0,"player_choice":"Card Removal","damage_taken":0,"max_hp_gain":0,"max_hp_loss":0,"event_name":"The Cleric","floor":2,"gold_loss":50},{"damage_healed":0,"gold_gain":0,"player_choice":"Take Damage","damage_taken":16,"relics_obtained":["Golden Idol"],"max_hp_gain":0,"max_hp_loss":0,"event_name":"Golden Idol","floor":4,"gold_loss":0},{"damage_healed":0,"gold_gain":0,"player_choice":"Read","damage_taken":0,"max_hp_gain":0,"max_hp_loss":0,"event_name":"The Library","floor":22,"gold_loss":0,"cards_obtained":["animator:Aisha"]},{"cards_removed":["animator:Strike"],"damage_healed":0,"gold_gain":0,"player_choice":"Elegance","damage_taken":0,"max_hp_gain":0,"max_hp_loss":0,"event_name":"betterThird:BetterWriting","floor":24,"gold_loss":0}],"is_beta":false,"boss_relics":[{"not_picked":["Cursed Key","ChewingGum"],"picked":"Coffee Dripper"}],"items_purged_floors":[6,23],"is_endless":false,"potions_floor_spawned":[1,13,14,19,21],"killed_by":"Gremlin Leader","ascension_level":0}}