{"host":"y4fuci1jk2rsxnep","time":1614034066,"event":{"mods":["AchievementEnabler","BaseMod","Colored Powertips","Custom Start","Defuse TimeMaze Blight","Dio Mod","Downfall","Hermit","Hero for Fun","Hubris","Hunter ??","Infinite Spire","Minty Spire (QoL Compilation)","Quick Restart","Reliquary","Remove Card Discount Mod","Replay The Spire","StSLib","The Blackbeard","The Bug Knight","The Mystic","The Runesmith"],"gold_per_floor":[109,119,219,234,247,273,273],"floor_reached":6,"language":"ENG","playtime":804,"items_purged":[],"score":58,"play_id":"33c5c4ec-eb1a-4797-8e38-77a08f750d3d","local_time":"20210222234746","is_ascension_mode":true,"campfire_choices":[],"circlet_count":0,"master_deck":["hermit:Strike_Hermit","hermit:Strike_Hermit","hermit:Strike_Hermit","hermit:Strike_Hermit","hermit:Defend_Hermit","hermit:Defend_Hermit","hermit:Defend_Hermit","hermit:Defend_Hermit","hermit:Snapshot","hermit:Covet","Shame","downfall:Bewildered","Injury","hermit:FlashPowder","hermit:HighCaliber","hermit:PistolWhip"],"relics":["hermit:Momento","Replay:Arrowhead","downfall:ExtraCursedKey","reliquary:Vitrine"],"acts_visited":["Exordium"],"potions_floor_usage":[6,6],"damage_taken":[{"damage":3,"enemies":"Small Slimes","floor":1,"turns":3},{"damage":2,"enemies":"Jaw Worm","floor":2,"turns":4},{"damage":1,"enemies":"2 Louse","floor":4,"turns":3},{"damage":14,"enemies":"Large Slime","floor":5,"turns":7},{"damage":35,"enemies":"3 Sentries","floor":6,"turns":8}],"seed_played":"1349266441129730505","potions_obtained":[{"floor":1,"key":"ColorlessPotion"},{"floor":4,"key":"AttackPotion"}],"is_trial":false,"path_per_floor":["M","M","?","M","M","E"],"character_chosen":"HERMIT","items_purchased":[],"campfire_rested":0,"item_purchase_floors":[],"current_hp_per_floor":[51,49,54,53,39,4,4],"gold":273,"neow_bonus":"ONE_RARE_RELIC","is_daily":false,"chose_seed":false,"campfire_upgraded":0,"win_rate":0.0,"timestamp":1614034066,"path_taken":["M","M","?","M","M","E"],"items_purchased_type":[],"build_version":"2020-12-22","purchased_purges":0,"victory":false,"max_hp_per_floor":[75,75,80,80,80,80,80],"card_choices":[{"not_picked":["hermit:SprayPray","hermit:Coalescence","hermit:Shortfuse"],"picked":"SKIP","floor":1},{"not_picked":["hermit:ItchyTrigger","hermit:Scavenge","hermit:Misfire"],"picked":"SKIP","floor":2},{"not_picked":["hermit:Coalescence","hermit:FullyLoaded"],"picked":"hermit:FlashPowder","floor":4},{"not_picked":["hermit:Manifest","hermit:SprayPray"],"picked":"hermit:HighCaliber","floor":5},{"not_picked":["hermit:Purgatory","hermit:Desperado"],"picked":"hermit:PistolWhip","floor":6}],"player_experience":693211,"relics_obtained":[{"floor":6,"key":"reliquary:Vitrine"}],"event_choices":[],"is_beta":false,"boss_relics":[],"items_purged_floors":[],"is_endless":false,"potions_floor_spawned":[1,4],"killed_by":"3 Sentries","ascension_level":4}}