{"host":"zefmhu9ryehjj4p1","time":1614016608,"event":{"mods":["100% Spire Juice","2.2 Compatiblity","Act Like it!","Aspiration","BaseMod","Beaked The Cultist","Better Note","CapriCore","Colored Powertips","Conspire","DeckTracker","Downfall","Ekko","Elementarium","Friendly Minions","Gensokyo","Hallownest","Hermit","Highlight Path","Hubris","Infinite Spire","Koishi","Luminous","Marisa????????","Minty Spire (QoL Compilation)","Random Character Button","Reimu??????","Reliquary","Replay The Spire","Ruina","Shade Mod","Shapeshifter Mod","StSLib","The Administrix","The Blue Laboratory","The Bug Knight","The Construct","The Cursed","The Gatherer","The Hierophant","The Immortal","The Judge","The Jungle","The Marked","The Mystic","The Runesmith","The Senshi","The Servant 0.9.4","The Vixen","The Wild Card","TheBandit","TheVacant","Wandering Minibosses"],"gold_per_floor":[114,126,140,140,140,140,173,189,189,189,150,150,173,133,133,252,252,268,268,268,268],"floor_reached":20,"language":"ENG","playtime":884,"items_purged":[],"score":172,"play_id":"621ebb3f-8b51-4a78-abd2-e37f9ab86faf","local_time":"20210222185648","is_ascension_mode":false,"campfire_choices":[{"data":"theSenshi:MoonPrismPowerMakeUp","floor":6,"key":"SMITH"},{"data":"theSenshi:MoonCrisisMakeUp","floor":12,"key":"SMITH"},{"floor":15,"key":"REST"}],"circlet_count":0,"master_deck":["theSenshi:SailorKick","theSenshi:SailorKick","theSenshi:SailorKick","theSenshi:SailorBlock","theSenshi:SailorBlock","theSenshi:SailorBlock","theSenshi:SailorBlock","theSenshi:MoonPrismPowerMakeUp+1","theSenshi:MoonCosmicPowerMakeUp","theSenshi:SailorPlutoAssists+1","theSenshi:MoonCrisisMakeUp+1","theSenshi:Sidestep","theSenshi:FatedKiss","theSenshi:MoonsReflection+1"],"relics":["theSenshi:TransformationBroochRelic","NeowsBlessing","Golden Idol","Nunchaku","theSenshi:HolyGrailRelic","PaintedHorse:ReiMu","aspiration:PoetsPen_weak"],"acts_visited":["Exordium","TheCity"],"potions_floor_usage":[],"damage_taken":[{"damage":0,"enemies":"Cultist","floor":1,"turns":1},{"damage":0,"enemies":"Small Slimes","floor":2,"turns":1},{"damage":0,"enemies":"2 Louse","floor":3,"turns":1},{"damage":33,"enemies":"Lagavulin","floor":7,"turns":3},{"damage":10,"enemies":"Exordium Thugs","floor":8,"turns":1},{"damage":3,"enemies":"Looter","floor":13,"turns":5},{"damage":26,"enemies":"Fading Forest","floor":16,"turns":11},{"damage":70,"enemies":"Chosen","floor":18,"turns":11},{"damage":11,"enemies":"Spheric Guardian","floor":20,"turns":5}],"seed_played":"-1883443183266148477","potions_obtained":[{"floor":3,"key":"Energy Potion"},{"floor":16,"key":"Milkshake"}],"is_trial":false,"path_per_floor":["M","M","M","?","?","R","E","M","T","?","$","R","M","?","R","B",null,"M","?","M"],"character_chosen":"THE_SENSHI","items_purchased":["theSenshi:MoonCrisisMakeUp"],"campfire_rested":1,"item_purchase_floors":[11],"current_hp_per_floor":[75,75,75,75,57,57,24,14,14,14,14,14,11,11,33,17,75,5,5,0,0],"gold":268,"neow_bonus":"THREE_ENEMY_KILL","is_daily":false,"chose_seed":false,"campfire_upgraded":2,"win_rate":0.0,"timestamp":1614016608,"path_taken":["M","M","?","?","?","R","E","M","T","?","$","R","?","?","R","BOSS","M","?","M"],"items_purchased_type":["Card"],"build_version":"2020-12-22","purchased_purges":0,"victory":false,"max_hp_per_floor":[75,75,75,75,75,75,75,75,75,75,75,75,75,75,75,75,75,75,75,75,75],"card_choices":[{"not_picked":["theSenshi:SailorNeptuneAssists","theSenshi:SailorChibiMoonAssists","theSenshi:EncouragingSpeech"],"picked":"SKIP","floor":1},{"not_picked":["theSenshi:EncouragingSpeech","theSenshi:MoonTiaraMagic"],"picked":"theSenshi:MoonCosmicPowerMakeUp","floor":2},{"not_picked":["theSenshi:MoonCrystalPowerMakeUp","theSenshi:SailorChibiMoonAssists","theSenshi:Sidestep"],"picked":"SKIP","floor":3},{"not_picked":["theSenshi:SailorPlanetPower","theSenshi:YouCanTalk","theSenshi:InTheNameOfTheMoon"],"picked":"SKIP","floor":7},{"not_picked":["theSenshi:SailorNeptuneAssists","theSenshi:TuxedoSmokingBomber","theSenshi:LateForSchool"],"picked":"SKIP","floor":8},{"not_picked":["theSenshi:NeptunesGrace","theSenshi:PlutosSolemnity"],"picked":"theSenshi:Sidestep","floor":13},{"not_picked":["theSenshi:SailorStarHealerAssists","theSenshi:InTheNameOfTheMoon"],"picked":"theSenshi:FatedKiss","floor":16},{"not_picked":["theSenshi:SailorChibiMoonAssists+1","theSenshi:TuxedoSmokingBomber"],"picked":"theSenshi:MoonsReflection+1","floor":18}],"player_experience":197779,"relics_obtained":[{"floor":7,"key":"Nunchaku"},{"floor":9,"key":"theSenshi:HolyGrailRelic"}],"event_choices":[{"damage_healed":0,"gold_gain":0,"player_choice":"Take Damage","damage_taken":18,"relics_obtained":["Golden Idol"],"max_hp_gain":0,"max_hp_loss":0,"event_name":"Golden Idol","floor":5,"gold_loss":0},{"cards_removed":["theSenshi:RoseThrow"],"damage_healed":0,"gold_gain":0,"player_choice":"Offered Basic","damage_taken":0,"max_hp_gain":0,"max_hp_loss":0,"event_name":"Bonfire Elementals","floor":10,"gold_loss":0},{"damage_healed":0,"gold_gain":0,"player_choice":"Donate","damage_taken":0,"relics_obtained":["PaintedHorse:ReiMu"],"max_hp_gain":0,"max_hp_loss":0,"event_name":"yidonshenshe","floor":14,"gold_loss":40},{"damage_healed":0,"gold_gain":0,"player_choice":"Leave","damage_taken":0,"max_hp_gain":0,"max_hp_loss":0,"event_name":"FaceTrader","floor":19,"gold_loss":0}],"is_beta":false,"boss_relics":[{"not_picked":["conspire:RunicOctahedron","reliquary:RedPaperclip"],"picked":"aspiration:PoetsPen_weak"}],"items_purged_floors":[],"is_endless":false,"potions_floor_spawned":[3,8,13,16,18],"killed_by":"Spheric Guardian","ascension_level":0}}