{"host":"gm50ke85n5jz306u","time":1614011639,"event":{"mods":["AchievementEnabler","AlwaysNeverKeys","Aspiration","BaseMod","Bestiary","Better Altar","Better Match","Better Note","Better Sensory Stone","Better Skull","Better Third Choice","Better Vampires","Better-Laid Plans","BetterRewards","Colored Powertips","Curses Come First","DNKmod","Defuse TimeMaze Blight","Disable Question Mark Monsters","Displayed Cursed Tome","Downfall","Emptier Cage","Extra Virgin Snecko Oil","Filter the Spire","Friendly Minions","Gremlin Skip","Hermit","Hubris","Hyrulean Relics","Ironclad Rager","Jorbs\u0027s Wanderer Trilogy","Koishi","Lobotomy","Marisa????????","Marked Mod","Minty Spire (QoL Compilation)","Permanent Neow","Poor People Problems","Quick Restart","Reimu??????","Relic Filter Mod","Relic Sorter","Remilia??????","Remove Card Discount Mod","Reorder Act Four","Replay The Spire","Shop Mod","StSLib","Synergy Search","Td1madao Mod","The Administrix","The Animator","The Blue Laboratory","The Bug Knight","The Construct","The Cursed","The Disciple","The Hierophant","The Necromancer","The Poker Player","The Runesmith","The Senshi","The Servant 0.9.4","Thieving Mod","Transform Curses","WarShipGirlsR/????R mod","Youmu??????"],"gold_per_floor":[10018,10028,9988,10003,10020,9295,9327,9327,9327,9327,8694,8143,8174,8193,8193,8290,8290,8302,8302,8302,8321,7847,7860,7860,7860,7884,7910,7910,7942,7942,7971,7971,8088,8088,8114,7433,7433,7433,7456,7456,7490,7518,7594,7594,7594,7647,7647,7647,7647,7671],"floor_reached":51,"language":"ENG","playtime":3887,"items_purged":["Defend_Br","Runesmith:Strike_RS","hermit:Strike_Hermit","hermit:Strike_Hermit","hermit:Defend_Hermit","hermit:Strike_Hermit","hermit:Strike_Hermit","hermit:Defend_Hermit","hermit:Defend_Hermit","hermit:Defend_Hermit","hermit:Horror","hermit:Desperado","hermit:Headshot","hermit:Snapshot","hermit:Covet"],"score":758,"play_id":"40bf1e3b-a646-4a1c-a0c5-226129a789c8","local_time":"20210222173359","is_ascension_mode":false,"campfire_choices":[{"data":"hermit:Combo","floor":10.0,"key":"SMITH"},{"data":"1","floor":15.0,"key":"LIFT"},{"data":"2","floor":24.0,"key":"LIFT"},{"data":"3","floor":30.0,"key":"LIFT"},{"floor":40,"key":"REST"},{"floor":47,"key":"REST"},{"data":"Replay:Bootleg Shield Generator","floor":49,"key":"SMITH"}],"circlet_count":0,"master_deck":["hermit:Dive","hermit:GhostlyPresence+1","hermit:Enervate+1","hermit:Quickdraw+1","hermit:Headshot","hermit:Vantage","hermit:Glare","Replay:Bootleg Shield Generator+1","hermit:Ricochet+1","hermit:Vantage","hermit:TakeAim+1","Trip+1","hermit:HoleUp","hermit:LowProfile","hermit:Quickdraw","hermit:FromBeyond","hermit:Virtue","Sadistic Nature+1","hermit:Ricochet+1","hermit:GhostlyPresence+1","hermit:FromBeyond","hermit:Desperado+1","hermit:Glare","hermit:Headshot+1","hermit:TrackingShot+1","hermit:Quickdraw+1","hermit:WideOpen+1","hermit:GhostlyPresence+1","hermit:Quickdraw+1","hermit:Deadeye+1","hermit:WideOpen+1"],"relics":["hermit:Momento","ReplayTheSpireMod:Ninjato","aspiration:Lifesprig","hubris:DeckOfHolding","Replay:Bandana","aspiration:ArtOfWarUpgrade","aspiration:Stabinomicon","MerchantsRug","SlaversCollar","aspiration:RitualStick","Akabeko","hubris:SlimyHat","Bag of Preparation","hubris:Teleporter","Matryoshka","Girya","Strawberry","Gremlin Food","Toy Ornithopter","aspiration:StickyExplosives_weak","Dream Catcher","Mastiff:ReiMu","Mango","Orrery"],"acts_visited":["Exordium","TheCity","TheBeyond"],"potions_floor_usage":[36],"damage_taken":[{"damage":7.0,"enemies":"Small Slimes","floor":1.0,"turns":4.0},{"damage":5.0,"enemies":"Cultist","floor":2.0,"turns":4.0},{"damage":1.0,"enemies":"Jaw Worm","floor":4.0,"turns":5.0},{"damage":0.0,"enemies":"2 Fungi Beasts","floor":5.0,"turns":4.0},{"damage":9.0,"enemies":"Lagavulin","floor":7.0,"turns":3.0},{"damage":6.0,"enemies":"3 Sentries","floor":13.0,"turns":5.0},{"damage":0.0,"enemies":"3 Louse","floor":14.0,"turns":2.0},{"damage":0.0,"enemies":"Hexaghost","floor":16.0,"turns":7.0},{"damage":0.0,"enemies":"Shell Parasite","floor":18.0,"turns":3.0},{"damage":0.0,"enemies":"Centurion and Healer","floor":21.0,"turns":2.0},{"damage":0.0,"enemies":"Snake Plant","floor":23.0,"turns":2.0},{"damage":5.0,"enemies":"Sentry and Sphere","floor":29.0,"turns":4.0},{"damage":5,"enemies":"Shelled Parasite and Fungi","floor":31,"turns":4},{"damage":14,"enemies":"Collector","floor":33,"turns":5},{"damage":0,"enemies":"Orb Walker","floor":35,"turns":2},{"damage":0,"enemies":"3 Shapes","floor":39,"turns":2},{"damage":0,"enemies":"Writhing Mass","floor":41,"turns":2},{"damage":4,"enemies":"Jaw Worm Horde","floor":42,"turns":2},{"damage":15,"enemies":"Reptomancer","floor":46,"turns":4},{"damage":19,"enemies":"Awakened One","floor":50,"turns":7}],"seed_played":"-5086807244892296643","potions_obtained":[{"floor":1.0,"key":"SpeedPotion"},{"floor":2.0,"key":"Weak Potion"},{"floor":3.0,"key":"EntropicBrew"},{"floor":3.0,"key":"Block Potion"},{"floor":3.0,"key":"blueLaboratory:BottleOfRum"},{"floor":13.0,"key":"Strength Potion"}],"is_trial":false,"path_per_floor":["M","M","?","M","M","$","E","?","T","R","$","$","E","M","R","B",null,"M","?","?","M","$","M","R","?","T","T","?","M","R","M","R","B",null,"M","$","?","?","M","R","M","M","T","R","?","E","R","?","R","B",null],"character_chosen":"HERMIT","items_purchased":["MerchantsRug","Bag of Preparation","Akabeko","hermit:Combo","hermit:Quickdraw","hermit:Headshot","hermit:Vantage","hermit:Glare","hermit:Ricochet","hermit:Vantage","hermit:TakeAim","Trip","Matryoshka","Guide Book","Girya","aspiration:Lifesprig","hermit:HoleUp","hermit:LowProfile","hermit:Quickdraw","Strawberry","Gremlin Food","Sadistic Nature","Mastiff:ReiMu","Mango","hermit:Glare","Fire Potion","Swift Potion","Orrery"],"campfire_rested":2,"item_purchase_floors":[6,6,6,6,6,6,6,6,11,11,11,11,11,11,12,12,12,12,12,22,22,22,36,36,36,36,36,36],"current_hp_per_floor":[68,63,63,62,62,62,53,53,53,53,53,53,47,47,47,47,75,75,75,75,75,82,82,82,66,66,66,50,45,45,40,40,26,82,82,96,91,18,18,45,45,41,41,41,41,26,53,53,53,34],"gold":7671,"neow_bonus":"ONE_RARE_RELIC","is_daily":false,"chose_seed":false,"campfire_upgraded":2,"win_rate":0.0,"timestamp":1614011639,"path_taken":["M","M","?","M","?","$","E","?","T","R","?","$","E","M","R","BOSS","M","?","?","M","$","M","R","?","T","?","?","M","R","M","R","BOSS","M","$","?","?","M","R","?","M","T","R","?","E","R","?","R","BOSS"],"items_purchased_type":["Relic","Relic","Relic","Card","Card","Card","Card","Card","Card","Card","Card","Card","Relic","Relic","Relic","Relic","Card","Card","Card","Relic","Relic","Card","Relic","Relic","Card","Potion","Potion","Relic"],"build_version":"2020-12-22","purchased_purges":15,"victory":true,"max_hp_per_floor":[75,75,75,75,75,75,75,75,75,75,75,75,75,75,75,75,75,75,75,75,75,82,82,82,82,82,82,82,82,82,82,82,82,82,82,96,91,91,91,91,91,91,91,91,91,91,91,91,91,91],"card_choices":[{"not_picked":["hermit:CursedWeapon","hermit:SprayPray"],"picked":"hermit:Dive","floor":1.0},{"not_picked":["hermit:Enervate","hermit:Misfire"],"picked":"hermit:GhostlyPresence","floor":2.0},{"not_picked":["hermit:Brawl","hermit:Showdown"],"picked":"hermit:Desperado","floor":4.0},{"not_picked":["hermit:Ricochet","hermit:EyeOfTheStorm"],"picked":"hermit:Enervate","floor":5.0},{"not_picked":["hermit:Brawl","hermit:FlashPowder"],"picked":"hermit:Horror","floor":7.0},{"not_picked":["Impatience","Flash of Steel"],"picked":"Replay:Bootleg Shield Generator","floor":8.0},{"not_picked":["hermit:HighCaliber","hermit:FatalDesire","hermit:Maintenance"],"picked":"SKIP","floor":13.0},{"not_picked":["hermit:Desperado","hermit:Snipe","hermit:LoneWolf"],"picked":"SKIP","floor":14.0},{"not_picked":["hermit:OverwhelmingPower","hermit:Gambit"],"picked":"hermit:FromBeyond","floor":16.0},{"not_picked":["hermit:Shortfuse+1","hermit:Maintenance+1","hermit:ShadowCloak"],"picked":"SKIP","floor":18.0},{"not_picked":["hermit:CalledShot+1","hermit:Coalescence","hermit:Headshot"],"picked":"SKIP","floor":21.0},{"not_picked":["hermit:Cheat+1","hermit:NoHoldsBarred"],"picked":"hermit:Ricochet+1","floor":23.0},{"not_picked":["hermit:Coalescence","hermit:Quickdraw"],"picked":"hermit:GhostlyPresence","floor":29.0},{"not_picked":["hermit:Malice","hermit:ItchyTrigger","hermit:SprayPray+1"],"picked":"SKIP","floor":31},{"not_picked":["hermit:BlackWind","hermit:Adapt"],"picked":"hermit:FromBeyond","floor":33},{"not_picked":["hermit:WideOpen+1","hermit:Snipe+1"],"picked":"hermit:Desperado+1","floor":35},{"not_picked":["hermit:HighCaliber","hermit:TrackingShot+1"],"picked":"hermit:Headshot+1","floor":36},{"not_picked":["hermit:DeadOrAlive","hermit:BodyArmor"],"picked":"hermit:TrackingShot+1","floor":36},{"not_picked":["hermit:DeadMansHand+1","hermit:Malice"],"picked":"hermit:Quickdraw+1","floor":36},{"not_picked":["hermit:Quickdraw","hermit:Glare"],"picked":"hermit:WideOpen+1","floor":36},{"not_picked":["hermit:Scavenge+1","hermit:TrackingShot+1"],"picked":"hermit:GhostlyPresence+1","floor":36},{"not_picked":["hermit:NoHoldsBarred+1","hermit:Glare","hermit:Grudge"],"picked":"SKIP","floor":39},{"not_picked":["hermit:HighCaliber+1","hermit:Grudge"],"picked":"hermit:Quickdraw+1","floor":40},{"not_picked":["hermit:HoleUp+1","hermit:Purgatory"],"picked":"hermit:Deadeye","floor":41},{"not_picked":["hermit:GoldenBullet","hermit:Coalescence"],"picked":"hermit:Scavenge+1","floor":42},{"not_picked":["hermit:Vantage","hermit:HoleUp+1","hermit:Headshot+1"],"picked":"SKIP","floor":46},{"not_picked":["hermit:Snipe+1","hermit:HighCaliber"],"picked":"hermit:WideOpen+1","floor":47}],"player_experience":386155,"relics_obtained":[{"floor":7.0,"key":"hubris:SlimyHat"},{"floor":9.0,"key":"ReplayTheSpireMod:Ninjato"},{"floor":13.0,"key":"Art of War"},{"floor":26.0,"key":"Toy Ornithopter"},{"floor":26.0,"key":"aspiration:StickyExplosives_weak"},{"floor":27.0,"key":"Dream Catcher"},{"floor":27.0,"key":"Replay:Bandana"},{"floor":43,"key":"hubris:DeckOfHolding"}],"event_choices":[{"damage_healed":0.0,"max_hp_gain":0.0,"max_hp_loss":0.0,"gold_gain":0.0,"event_name":"The Woman in Blue","player_choice":"Bought 3 Potions","floor":3.0,"gold_loss":0.0,"damage_taken":0.0},{"damage_healed":0.0,"max_hp_gain":0.0,"max_hp_loss":0.0,"gold_gain":1.0,"event_name":"betterStone:BetterStone","player_choice":"1","floor":8.0,"gold_loss":0.0,"damage_taken":0.0},{"damage_healed":0.0,"max_hp_gain":0.0,"max_hp_loss":0.0,"gold_gain":0.0,"cards_transformed":["hermit:Combo"],"event_name":"Transmorgrifier","player_choice":"Transformed","floor":19.0,"gold_loss":0.0,"damage_taken":0.0,"cards_obtained":["hermit:Virtue"]},{"damage_healed":0.0,"max_hp_gain":0.0,"max_hp_loss":0.0,"gold_gain":0.0,"event_name":"betterNote:BetterNote","player_choice":"Ignored","floor":20.0,"gold_loss":0.0,"damage_taken":0.0,"cards_obtained":["Finesse"]},{"damage_healed":0.0,"max_hp_gain":0.0,"max_hp_loss":0.0,"gold_gain":0.0,"event_name":"Cursed Tome","player_choice":"Obtained Book","floor":28.0,"gold_loss":0.0,"damage_taken":16.0},{"damage_healed":0,"gold_gain":0,"player_choice":"Max HP","damage_taken":0,"max_hp_gain":0,"max_hp_loss":5,"event_name":"Winding Halls","floor":37,"gold_loss":0},{"damage_healed":0,"gold_gain":0,"player_choice":"UP UP UP UP ","damage_taken":81,"relics_obtained":[],"max_hp_gain":0,"max_hp_loss":0,"event_name":"betterSkull:BetterSkull","floor":38,"gold_loss":0,"cards_upgraded":["hermit:GhostlyPresence","Trip","hermit:Quickdraw","hermit:Ricochet"]},{"damage_healed":0,"gold_gain":0,"player_choice":"UP UP UP UP ","damage_taken":81,"relics_obtained":[],"max_hp_gain":0,"max_hp_loss":0,"event_name":"betterSkull:BetterSkull","floor":38,"gold_loss":0,"cards_upgraded":["hermit:GhostlyPresence","Trip","hermit:Quickdraw","hermit:Ricochet"]},{"cards_removed":["hermit:Scavenge"],"damage_healed":0,"gold_gain":0,"player_choice":"Removed Skill","damage_taken":0,"max_hp_gain":0,"max_hp_loss":0,"event_name":"Falling","floor":45,"gold_loss":0}],"is_beta":false,"boss_relics":[{"not_picked":["Busted Crown","Empty Cage"],"picked":"SlaversCollar"},{"not_picked":["ReplayTheSpireMod:DimensionalGlitch","Replay:Ancient Bell","Coffee Dripper"]}],"items_purged_floors":[6,6,6,6,11,11,11,12,12,12,22,36,36,36,36],"is_endless":false,"potions_floor_spawned":[1,2,13,18,29,39],"ascension_level":0}}