{"host":"aa17gn30s1gymc0k","time":1614000932,"event":{"mods":["BaseMod","GifTheSpireLib","Googly Eyes","Minty Spire (QoL Compilation)","StSLib","The Cursed"],"gold_per_floor":[115,115,190,190,66,97,113,124,124,124,166,193,228,42,42,156,165,151,193,202,226,226,226,239,264,264,290,290,332,34,34,34,139,166,192,206,215,140,159,159,159,159],"floor_reached":41,"language":"DEU","playtime":3475,"items_purged":["Pain"],"score":444,"play_id":"c6d17866-fefd-488b-bf7c-c0db9c358d65","local_time":"20210222143532","is_ascension_mode":false,"campfire_choices":[{"data":"TheCursedMod:LuckyCharm","floor":10.0,"key":"SMITH"},{"floor":15.0,"key":"REST"},{"data":"TheCursedMod:ForbiddenAlchemy","floor":23.0,"key":"SMITH"},{"floor":28.0,"key":"REST"},{"floor":32.0,"key":"REST"},{"floor":40,"key":"REST"}],"circlet_count":0,"master_deck":["TheCursedMod:Strike_TheCursed","TheCursedMod:Strike_TheCursed","TheCursedMod:Strike_TheCursed","TheCursedMod:Defend_TheCursed","TheCursedMod:Defend_TheCursed","TheCursedMod:Defend_TheCursed","TheCursedMod:Defend_TheCursed","TheCursedMod:CursedWand+1","TheCursedMod:CleanUpWorkshop","TheCursedMod:Dregs","TheCursedMod:LuckyCharm+1","TheCursedMod:CircleOfCorruption","TheCursedMod:Hemoplague","TheCursedMod:SmokeScreen","TheCursedMod:ForbiddenAlchemy+1","TheCursedMod:CircleOfCorruption","TheCursedMod:CircleOfFlame","TheCursedMod:CircleOfBlood","Panache","TheCursedMod:CollectTribute","CurseOfTheBell","TheCursedMod:AbyssShockwave","TheCursedMod:CursedBlade","TheCursedMod:CircleOfFocus+1","TheCursedMod:ManaBullet+1","TheCursedMod:SpitefulPray","TheCursedMod:ManaCirculation","TheCursedMod:ShockAndAwe+1","Writhe","TheCursedMod:CursedShiv+1","TheCursedMod:SurpriseAttack+1"],"relics":["TheCursedMod:BlackMagic101","NeowsBlessing","InkBottle","CeramicFish","Akabeko","Odd Mushroom","Calling Bell","Nunchaku","Meat on the Bone","Unceasing Top","Red Mask","Shuriken","Lantern","ClockworkSouvenir","Orichalcum","Nilry\u0027s Codex","Astrolabe","WarpedTongs"],"acts_visited":["Exordium","TheCity","TheBeyond"],"potions_floor_usage":[35,35,35,35,35,39,39,39,39,39,39,41,41,41,41],"damage_taken":[{"damage":0.0,"enemies":"Small Slimes","floor":1.0,"turns":1.0},{"damage":0.0,"enemies":"Lagavulin","floor":6.0,"turns":1.0},{"damage":0.0,"enemies":"2 Louse","floor":7.0,"turns":1.0},{"damage":0.0,"enemies":"Jaw Worm","floor":8.0,"turns":4.0},{"damage":21.0,"enemies":"Gremlin Nob","floor":11.0,"turns":6.0},{"damage":7.0,"enemies":"Blue Slaver","floor":12.0,"turns":3.0},{"damage":16.0,"enemies":"The Mushroom Lair","floor":13.0,"turns":6.0},{"damage":18.0,"enemies":"The Guardian","floor":16.0,"turns":11.0},{"damage":20.0,"enemies":"2 Thieves","floor":18.0,"turns":4.0},{"damage":40.0,"enemies":"Masked Bandits","floor":19.0,"turns":5.0},{"damage":25.0,"enemies":"3 Byrds","floor":21.0,"turns":5.0},{"damage":5.0,"enemies":"Sentry and Sphere","floor":24.0,"turns":3.0},{"damage":11.0,"enemies":"Centurion and Healer","floor":25.0,"turns":7.0},{"damage":31.0,"enemies":"Snecko","floor":27.0,"turns":7.0},{"damage":21.0,"enemies":"Slavers","floor":29.0,"turns":7.0},{"damage":65.0,"enemies":"Automaton","floor":33.0,"turns":9.0},{"damage":21,"enemies":"3 Darklings","floor":35,"turns":5},{"damage":15,"enemies":"3 Shapes","floor":36,"turns":2},{"damage":51,"enemies":"Writhing Mass","floor":39,"turns":7},{"damage":53,"enemies":"Giant Head","floor":41,"turns":6}],"seed_played":"8736072884218998071","potions_obtained":[{"floor":1.0,"key":"AttackPotion"},{"floor":12.0,"key":"Swift Potion"},{"floor":24.0,"key":"Fruit Juice"},{"floor":25.0,"key":"Strength Potion"}],"is_trial":false,"path_per_floor":["M","?","?","?","$","E","M","M","T","R","E","M","?","$","R","B",null,"M","?","?","M","?","R","M","M","T","M","R","E","$","?","R","B",null,"M","M","?","$","M","R","E"],"character_chosen":"THE_CURSED","items_purchased":["TheCursedMod:LuckyCharm","TheCursedMod:CircleOfCorruption","TheCursedMod:CircleOfBlood","Panache","ClockworkSouvenir","Orichalcum"],"campfire_rested":4,"item_purchase_floors":[5,5,14,14,30,30],"current_hp_per_floor":[75,75,64,64,64,64,64,64,64,64,43,36,20,20,42,28,75,57,45,45,37,37,37,53,44,44,29,53,48,48,32,56,18,80,68,53,53,53,27,51,0,0],"gold":159,"neow_bonus":"THREE_ENEMY_KILL","is_daily":false,"chose_seed":false,"campfire_upgraded":2,"win_rate":0.0,"timestamp":1614000932,"path_taken":["M","?","?","?","?","E","?","M","T","R","E","M","?","$","R","BOSS","M","?","?","M","?","R","M","M","T","M","R","E","$","?","R","BOSS","M","M","?","$","?","R","E"],"items_purchased_type":["Card","Card","Card","Card","Relic","Relic"],"build_version":"2020-12-22","purchased_purges":1,"victory":false,"max_hp_per_floor":[75,75,75,75,75,75,75,75,75,75,75,75,75,75,75,75,75,75,75,75,75,75,75,80,80,80,80,80,80,80,80,80,80,80,80,80,80,80,80,80,80,80],"card_choices":[{"not_picked":["TheCursedMod:CircleOfFocus","TheCursedMod:SpreadPlague"],"picked":"TheCursedMod:CircleOfWindfury","floor":1.0},{"not_picked":["TheCursedMod:RapidMovement","TheCursedMod:Evocation"],"picked":"TheCursedMod:Hemoplague","floor":6.0},{"not_picked":["TheCursedMod:CursedAmulet","TheCursedMod:RapidMovement"],"picked":"TheCursedMod:SmokeScreen","floor":7.0},{"not_picked":["TheCursedMod:CursedMace","TheCursedMod:Stretching","TheCursedMod:Stigma"],"picked":"SKIP","floor":8.0},{"not_picked":["TheCursedMod:RapidMovement","TheCursedMod:CursedSpellbook"],"picked":"TheCursedMod:ForbiddenAlchemy","floor":11.0},{"not_picked":["TheCursedMod:FleshFromBone","TheCursedMod:RapidMovement"],"picked":"TheCursedMod:CircleOfCorruption","floor":12.0},{"not_picked":["TheCursedMod:Stigma","TheCursedMod:ParallelWorld"],"picked":"TheCursedMod:CircleOfFlame","floor":13.0},{"not_picked":["TheCursedMod:UltimatePain","TheCursedMod:StunningStrike"],"picked":"TheCursedMod:CollectTribute","floor":16.0},{"not_picked":["TheCursedMod:SpitefulStrike","TheCursedMod:WearCloak","TheCursedMod:CursedShiv"],"picked":"SKIP","floor":18.0},{"not_picked":["TheCursedMod:Stigma","TheCursedMod:SpreadPlague"],"picked":"TheCursedMod:AbyssShockwave","floor":19.0},{"not_picked":["TheCursedMod:WearCloak","TheCursedMod:Stretching"],"picked":"TheCursedMod:CursedBlade","floor":21.0},{"not_picked":["TheCursedMod:Stigma","TheCursedMod:Mangle","TheCursedMod:RapidMovement"],"picked":"SKIP","floor":24.0},{"not_picked":["TheCursedMod:CursedBoomerang+1","TheCursedMod:CursedStaff"],"picked":"TheCursedMod:CircleOfFocus+1","floor":25.0},{"not_picked":["TheCursedMod:RavingStaff","TheCursedMod:Stretching"],"picked":"TheCursedMod:ManaBullet+1","floor":27.0},{"not_picked":["TheCursedMod:WearCloak","TheCursedMod:SmokeScreen"],"picked":"TheCursedMod:SpitefulPray","floor":29.0},{"not_picked":["TheCursedMod:DemonSword","TheCursedMod:ParallelWorld"],"picked":"TheCursedMod:ManaCirculation","floor":33.0},{"not_picked":["TheCursedMod:CursedAmulet+1","TheCursedMod:CircleOfAmplification"],"picked":"TheCursedMod:SurpriseAttack+1","floor":35},{"not_picked":["TheCursedMod:RapidMovement","TheCursedMod:VitalStrike+1","TheCursedMod:CursedAmulet+1"],"picked":"SKIP","floor":36},{"not_picked":["TheCursedMod:RavingStaff","TheCursedMod:CursedArmor+1","TheCursedMod:EmpowerCircles"],"picked":"SKIP","floor":39}],"player_experience":122636,"relics_obtained":[{"floor":6.0,"key":"InkBottle"},{"floor":9.0,"key":"CeramicFish"},{"floor":11.0,"key":"Akabeko"},{"floor":13.0,"key":"Odd Mushroom"},{"floor":17.0,"key":"Nunchaku"},{"floor":17.0,"key":"Meat on the Bone"},{"floor":17.0,"key":"Unceasing Top"},{"floor":19.0,"key":"Red Mask"},{"floor":26.0,"key":"Shuriken"},{"floor":29.0,"key":"Lantern"},{"floor":31.0,"key":"Nilry\u0027s Codex"}],"event_choices":[{"damage_healed":0.0,"max_hp_gain":0.0,"max_hp_loss":0.0,"gold_gain":0.0,"event_name":"Living Wall","player_choice":"Grow","floor":2.0,"gold_loss":0.0,"damage_taken":0.0,"cards_upgraded":["TheCursedMod:CursedWand"]},{"damage_healed":0.0,"max_hp_gain":0.0,"max_hp_loss":0.0,"gold_gain":75.0,"event_name":"World of Goop","player_choice":"Gather Gold","floor":3.0,"gold_loss":0.0,"damage_taken":11.0},{"damage_healed":0.0,"max_hp_gain":0.0,"max_hp_loss":0.0,"gold_gain":0.0,"event_name":"The Cleric","player_choice":"Leave","floor":4.0,"gold_loss":0.0,"damage_taken":0.0},{"damage_healed":0.0,"max_hp_gain":0.0,"max_hp_loss":0.0,"gold_gain":0.0,"event_name":"Mushrooms","player_choice":"Fought Mushrooms","floor":13.0,"gold_loss":0.0,"damage_taken":0.0},{"damage_healed":0.0,"max_hp_gain":0.0,"max_hp_loss":0.0,"gold_gain":0.0,"event_name":"Masked Bandits","player_choice":"Fought Bandits","floor":19.0,"gold_loss":0.0,"damage_taken":0.0},{"damage_healed":0.0,"max_hp_gain":0.0,"max_hp_loss":0.0,"gold_gain":0.0,"event_name":"Forgotten Altar","player_choice":"Smashed Altar","floor":20.0,"gold_loss":0.0,"damage_taken":0.0,"cards_obtained":["Decay"]},{"damage_healed":0.0,"max_hp_gain":0.0,"max_hp_loss":0.0,"gold_gain":0.0,"event_name":"Ghosts","player_choice":"Ignored","floor":22.0,"gold_loss":0.0,"damage_taken":0.0},{"damage_healed":0.0,"max_hp_gain":0.0,"max_hp_loss":0.0,"gold_gain":0.0,"event_name":"Cursed Tome","player_choice":"Obtained Book","floor":31.0,"gold_loss":0.0,"damage_taken":16.0},{"damage_healed":0,"gold_gain":0,"player_choice":"Rummage","damage_taken":0,"relics_obtained":["WarpedTongs"],"max_hp_gain":0,"max_hp_loss":0,"event_name":"Accursed Blacksmith","floor":37,"gold_loss":0,"cards_obtained":["Pain"]}],"is_beta":false,"boss_relics":[{"not_picked":["Snecko Eye","SlaversCollar"],"picked":"Calling Bell"},{"not_picked":["Fusion Hammer","Runic Pyramid"],"picked":"Astrolabe"}],"items_purged_floors":[38],"is_endless":false,"potions_floor_spawned":[1,12,16,24,25,27,29,36],"killed_by":"Giant Head","ascension_level":0}}