{"host":"sim2kxx81cjsn49b","time":1614018392,"event":{"mods":["ATMod(阿瑾Mod)","BaseMod","Minty Spire (QoL Compilation)","RumiaBox-露米娅的神秘盒子","StSLib","TestMod","【功能Mod】混沌之环修复补丁","【遗物卡牌】REMEMod"],"gold_per_floor":[409,334,334,409,428,428,454,454,454,483,483,499,499,512,512,610,610,625,666,666,666,714,757,757,793,793,793,259,346,405,584,584,688,688,710,932,966,987,459,524,524,604,604,633,642,685,709,734,734,734,734],"floor_reached":50,"language":"ZHS","playtime":1400,"items_purged":["Vigilance+1","Defend_P"],"score":1581,"play_id":"f1dc97ed-e94d-4c47-8447-f19d4c69e8f8","local_time":"20210223022632","is_ascension_mode":true,"campfire_choices":[{"data":"AT_BreakingExtremeWeapon","floor":6.0,"key":"SMITH"},{"data":"Venomology","floor":8.0,"key":"SMITH"},{"data":"Eruption","floor":15.0,"key":"SMITH"},{"data":"Strike_P","floor":24,"key":"SMITH"},{"data":"Vault","floor":27,"key":"SMITH"},{"floor":32,"key":"REST"},{"data":"Tantrum","floor":41,"key":"SMITH"},{"data":"MasterReality","floor":49,"key":"SMITH"}],"circlet_count":0,"master_deck":["Strike_P","Strike_P","Strike_P","Strike_P+1","Defend_P+1","Eruption+1","Vigilance+1","Venomology+1","AT_BreakingExtremeWeapon+1","ReachHeaven","Vault+1","Ragnarok","Establishment","Tantrum+1","FearNoEvil","MasterReality+1","Meditate+1"],"relics":["HolyWater","AT_ATBox","testmod-TestBox","REME_ComplimentaryCards","testmod-HeartOfStrike","NeowsBlessing","Baka","Sundial","REME_HandOfSuture","War Paint","Golden Idol","Red Mask","Eternal Feather","testmod-Hope","Bronze Scales","REME_ArchaeologicalTools","AT_RabadonDeathcap","MagicDraw2","testmod-StringDisintegrator","PlanX","PrismaticShard","GodSword7","Ornamental Fan","Pear","GodSword1","GodSword5"],"acts_visited":["Exordium","TheCity","TheBeyond"],"potions_floor_usage":[22,30,30,31,31,33,33,35,37,40,40,42,42,47,47,47],"damage_taken":[{"damage":0.0,"enemies":"2 Louse","floor":1.0,"turns":1.0},{"damage":0.0,"enemies":"Small Slimes","floor":5.0,"turns":1.0},{"damage":0.0,"enemies":"Gremlin Nob","floor":7.0,"turns":1.0},{"damage":0.0,"enemies":"Lagavulin","floor":10.0,"turns":3.0},{"damage":0.0,"enemies":"Jaw Worm","floor":12.0,"turns":1.0},{"damage":0.0,"enemies":"2 Fungi Beasts","floor":14.0,"turns":2.0},{"damage":0.0,"enemies":"Slime Boss","floor":16.0,"turns":3.0},{"damage":49.0,"enemies":"3 Byrds","floor":18.0,"turns":4.0},{"damage":0.0,"enemies":"Masked Bandits","floor":19.0,"turns":3.0},{"damage":3,"enemies":"Spheric Guardian","floor":22,"turns":4},{"damage":6,"enemies":"Book of Stabbing","floor":23,"turns":2},{"damage":25,"enemies":"Slavers","floor":25,"turns":3},{"damage":20,"enemies":"Snake Plant","floor":29,"turns":2},{"damage":5,"enemies":"Shelled Parasite and Fungi","floor":30,"turns":2},{"damage":0,"enemies":"Colosseum Slavers","floor":31,"turns":2},{"damage":8,"enemies":"Colosseum Nobs","floor":31,"turns":3},{"damage":27,"enemies":"Champ","floor":33,"turns":3},{"damage":0,"enemies":"3 Darklings","floor":35,"turns":5},{"damage":0,"enemies":"Mind Bloom Boss Battle","floor":37,"turns":3},{"damage":56,"enemies":"3 Shapes","floor":38,"turns":2},{"damage":21,"enemies":"Nemesis","floor":40,"turns":4},{"damage":0,"enemies":"Reptomancer","floor":42,"turns":3},{"damage":0,"enemies":"Jaw Worm Horde","floor":44,"turns":2},{"damage":39,"enemies":"4 Shapes","floor":45,"turns":2},{"damage":0,"enemies":"Giant Head","floor":46,"turns":3},{"damage":0,"enemies":"Spire Growth","floor":47,"turns":3},{"damage":0,"enemies":"3 Darklings","floor":48,"turns":2},{"damage":66,"enemies":"Awakened One","floor":50,"turns":3}],"seed_played":"-7551413564917408140","potions_obtained":[{"floor":7.0,"key":"SteroidPotion"},{"floor":16.0,"key":"Fruit Juice"},{"floor":30,"key":"LiquidBronze"},{"floor":31,"key":"BottledMiracle"},{"floor":35,"key":"testmod-SpacePotion"},{"floor":42,"key":"Regen Potion"},{"floor":44,"key":"SkillPotion"}],"is_trial":false,"path_per_floor":["M","?","?","?","M","R","E","R","T","E","?","M","?","M","R","B",null,"M","?","T","?","M","E","R","E","T","R","$","M","M","?","R","B",null,"M","?","?","M","$","E","R","E","T","M","M","E","M","M","R","B"],"character_chosen":"WATCHER","items_purchased":["REME_ArchaeologicalTools","Ragnarok","PrismaticShard","GodSword7"],"campfire_rested":1,"item_purchase_floors":[28,28,39,39],"current_hp_per_floor":[122,122,115,104,104,104,104,104,104,104,57,57,57,57,57,57,121,72,72,72,72,69,63,69,44,44,50,50,30,25,17,66,39,118,118,118,118,62,62,41,50,60,60,60,21,21,21,21,32,0,0],"gold":734,"neow_bonus":"THREE_ENEMY_KILL","is_daily":false,"chose_seed":false,"campfire_upgraded":7,"win_rate":0.0,"timestamp":1614018392,"path_taken":["M","?","?","?","?","R","E","R","T","E","?","M","?","?","R","BOSS","M","?","?","?","M","E","R","E","T","R","$","M","M","?","R","BOSS","M","?","?","M","$","E","R","E","T","M","M","E","M","M","R","BOSS"],"items_purchased_type":["Relic","Card","Relic","Relic"],"build_version":"2020-12-22","purchased_purges":2,"victory":false,"max_hp_per_floor":[136,136,136,136,136,136,136,136,136,136,136,136,136,136,136,136,141,141,141,141,141,144,144,144,144,144,144,144,144,144,144,144,144,144,144,144,144,144,144,144,144,154,154,154,154,154,154,154,154,154,154],"card_choices":[{"not_picked":["EmptyBody","Perseverance","CrushJoints"],"picked":"SKIP","floor":1.0},{"not_picked":["EmptyBody","Perseverance","CrushJoints"],"picked":"SKIP","floor":1.0},{"not_picked":["FlyingSleeves","ThirdEye","Evaluate"],"picked":"SKIP","floor":5.0},{"not_picked":["EmptyBody","Wireheading","ReachHeaven"],"picked":"SKIP","floor":7.0},{"not_picked":["EmptyBody","Wireheading","ReachHeaven"],"picked":"SKIP","floor":7.0},{"not_picked":["Perseverance","REME_CRH","CutThroughFate"],"picked":"SKIP","floor":10.0},{"not_picked":["CrushJoints","Perseverance","Protect"],"picked":"SKIP","floor":12.0},{"not_picked":["CrushJoints","Perseverance","Protect"],"picked":"SKIP","floor":12.0},{"not_picked":["JustLucky","AT_RealFormLess","AT_DivineConfetti"],"picked":"SKIP","floor":14.0},{"not_picked":["DeusExMachina","REME_WorshipGod"],"picked":"Vault","floor":16.0},{"not_picked":["Halt","FlurryOfBlows","Evaluate"],"picked":"SKIP","floor":18.0},{"not_picked":["ClearTheMind","BowlingBash","PathToVictory"],"picked":"SKIP","floor":22},{"not_picked":["FlurryOfBlows","EmptyFist","FollowUp"],"picked":"SKIP","floor":23},{"not_picked":["Study","EmptyBody+1","MentalFortress"],"picked":"SKIP","floor":25},{"not_picked":["AT_SoftenMuscles","WreathOfFlame","JustLucky"],"picked":"SKIP","floor":25},{"not_picked":["ClearTheMind+1","CutThroughFate","EmptyMind"],"picked":"SKIP","floor":25},{"not_picked":["SashWhip","Halt","WaveOfTheHand"],"picked":"SKIP","floor":25},{"not_picked":["FlyingSleeves","SashWhip","Conclude"],"picked":"SKIP","floor":29},{"not_picked":["REME_EmptyShield","Consecrate+1","BowlingBash"],"picked":"SKIP","floor":30},{"not_picked":["AT_IrregularMenstruation","Wish"],"picked":"Establishment","floor":33},{"not_picked":["SashWhip+1","Fasting2"],"picked":"Tantrum","floor":35},{"not_picked":["Collect","FlurryOfBlows"],"picked":"FearNoEvil","floor":38},{"not_picked":["Deadly Poison+1","testmod-HandmadeProducts"],"picked":"MasterReality","floor":40},{"not_picked":["Capacitor","Iron Wave+1","Shrug It Off"],"picked":"SKIP","floor":42},{"not_picked":["Conserve Battery","JustLucky+1","Compile Driver"],"picked":"SKIP","floor":44},{"not_picked":["Flying Knee+1","Quick Slash","CutThroughFate"],"picked":"SKIP","floor":45},{"not_picked":["CutThroughFate","Consecrate"],"picked":"Meditate+1","floor":46},{"not_picked":["REME_EmptyShield","Turbo","Heatsinks"],"picked":"SKIP","floor":47},{"not_picked":["Dagger Throw","BowlingBash","Finisher"],"picked":"SKIP","floor":48}],"player_experience":635172,"relics_obtained":[{"floor":1.0,"key":"Baka"},{"floor":7.0,"key":"Sundial"},{"floor":9.0,"key":"REME_HandOfSuture"},{"floor":10.0,"key":"War Paint"},{"floor":19.0,"key":"Red Mask"},{"floor":20.0,"key":"Eternal Feather"},{"floor":23,"key":"testmod-Hope"},{"floor":25,"key":"Bronze Scales"},{"floor":31,"key":"AT_RabadonDeathcap"},{"floor":31,"key":"MagicDraw2"},{"floor":37,"key":"PlanX"},{"floor":40,"key":"Ornamental Fan"},{"floor":42,"key":"Pear"},{"floor":43,"key":"GodSword1"},{"floor":46,"key":"GodSword5"}],"event_choices":[{"cards_removed":["Defend_P"],"damage_healed":0.0,"max_hp_gain":0.0,"max_hp_loss":0.0,"gold_gain":0.0,"event_name":"The Cleric","player_choice":"Card Removal","floor":2.0,"gold_loss":75.0,"damage_taken":0.0},{"cards_removed":["Defend_P"],"damage_healed":0.0,"max_hp_gain":0.0,"max_hp_loss":0.0,"gold_gain":0.0,"event_name":"Golden Wing","player_choice":"Card Removal","floor":3.0,"gold_loss":0.0,"damage_taken":7.0},{"damage_healed":0.0,"max_hp_gain":0.0,"max_hp_loss":0.0,"gold_gain":75.0,"event_name":"World of Goop","player_choice":"Gather Gold","floor":4.0,"gold_loss":0.0,"damage_taken":11.0},{"damage_healed":0.0,"max_hp_gain":0.0,"max_hp_loss":0.0,"gold_gain":0.0,"event_name":"Golden Idol","player_choice":"Take Damage","floor":11.0,"gold_loss":0.0,"damage_taken":47.0,"relics_obtained":["Golden Idol"]},{"damage_healed":0.0,"max_hp_gain":0.0,"max_hp_loss":0.0,"gold_gain":0.0,"event_name":"Match and Keep!","player_choice":"1 cards matched","floor":13.0,"gold_loss":0.0,"damage_taken":0.0,"cards_obtained":["ReachHeaven"]},{"damage_healed":0.0,"max_hp_gain":0.0,"max_hp_loss":0.0,"gold_gain":0.0,"event_name":"Masked Bandits","player_choice":"Fought Bandits","floor":19.0,"gold_loss":0.0,"damage_taken":0.0},{"damage_healed":0,"gold_gain":0,"player_choice":"Ignored","damage_taken":0,"max_hp_gain":0,"max_hp_loss":0,"event_name":"给自己的盒子","floor":21,"gold_loss":0},{"damage_healed":0,"gold_gain":0,"player_choice":"Fight","damage_taken":0,"max_hp_gain":0,"max_hp_loss":0,"event_name":"Colosseum","floor":31,"gold_loss":0},{"damage_healed":0,"gold_gain":0,"player_choice":"Fought Nobs","damage_taken":0,"max_hp_gain":0,"max_hp_loss":0,"event_name":"Colosseum","floor":31,"gold_loss":0},{"damage_healed":0,"gold_gain":222,"player_choice":"Wore Mask","damage_taken":0,"max_hp_gain":0,"max_hp_loss":0,"event_name":"Tomb of Lord Red Mask","floor":36,"gold_loss":0},{"damage_healed":0,"gold_gain":0,"player_choice":"Fight","damage_taken":0,"max_hp_gain":0,"max_hp_loss":0,"event_name":"MindBloom","floor":37,"gold_loss":0}],"is_beta":false,"boss_relics":[{"not_picked":["testmod-KeyOfTheVoid","REME_ChargedStone"],"picked":"HolyWater"},{"not_picked":["testmod-TimeTraveler","testmod-NegativeEmotionEnhancer"],"picked":"testmod-StringDisintegrator"}],"items_purged_floors":[28,39],"is_endless":false,"potions_floor_spawned":[7,12,16,18,19,30,31,35,42,44,45,46],"killed_by":"Awakened One","ascension_level":20}}