{"host":"dkr0dog13pegamnp","time":1614000337,"event":{"mods":["AchievementEnabler","BaseMod","Minty Spire (QoL Compilation)","Rare Cards Sparkle","StSLib","SuperFastMode","everything is the same but u backflip on backflip"],"gold_per_floor":[110,123,136,150,167,198,198,198,198,198,198,198],"floor_reached":11,"language":"KOR","playtime":316,"items_purged":[],"score":120,"play_id":"1e09cd75-f5a1-4ff0-8b03-84a1ab5c47b5","local_time":"20210222222537","is_ascension_mode":true,"campfire_choices":[{"floor":7,"key":"REST"},{"data":"Noxious Fumes","floor":10,"key":"SMITH"}],"circlet_count":0,"master_deck":["AscendersBane","Strike_G","Strike_G","Strike_G","Strike_G","Defend_G","Defend_G","Defend_G","Defend_G","Defend_G","Survivor","Neutralize","Purity","Dagger Spray","Noxious Fumes+1","Backflip","Caltrops","Deadly Poison"],"relics":["Ring of the Snake","StoneCalendar","Frozen Egg 2"],"acts_visited":["Exordium"],"potions_floor_usage":[6,11],"damage_taken":[{"damage":0,"enemies":"Cultist","floor":1,"turns":4},{"damage":3,"enemies":"Small Slimes","floor":2,"turns":4},{"damage":3,"enemies":"Jaw Worm","floor":3,"turns":5},{"damage":0,"enemies":"Blue Slaver","floor":4,"turns":6},{"damage":19,"enemies":"Large Slime","floor":5,"turns":7},{"damage":32,"enemies":"3 Sentries","floor":6,"turns":7},{"damage":20,"enemies":"Gremlin Nob","floor":11,"turns":3}],"seed_played":"4833711122041302058","potions_obtained":[{"floor":3,"key":"SneckoOil"},{"floor":6,"key":"CultistPotion"}],"is_trial":false,"path_per_floor":["M","M","M","M","M","E","R","?","T","R","E"],"character_chosen":"THE_SILENT","items_purchased":[],"campfire_rested":1,"item_purchase_floors":[],"current_hp_per_floor":[63,60,57,57,38,6,27,20,20,20,0,0],"gold":198,"neow_bonus":"RANDOM_COLORLESS","is_daily":false,"chose_seed":false,"campfire_upgraded":1,"win_rate":0.0,"timestamp":1614000337,"path_taken":["M","M","M","?","M","E","R","?","T","R","E"],"items_purchased_type":[],"build_version":"2020-12-22","purchased_purges":0,"victory":false,"max_hp_per_floor":[70,70,70,70,70,70,70,70,70,70,70,70],"card_choices":[{"not_picked":["Madness","Deep Breath"],"picked":"Purity","floor":0},{"not_picked":["Acrobatics","Blade Dance"],"picked":"Dagger Spray","floor":1},{"not_picked":["Backflip","Cloak And Dagger"],"picked":"Noxious Fumes","floor":2},{"not_picked":["Dagger Spray","A Thousand Cuts"],"picked":"Backflip","floor":3},{"not_picked":["Dagger Throw","Dagger Spray","Skewer"],"picked":"SKIP","floor":4},{"not_picked":["Blade Dance","Poisoned Stab"],"picked":"Caltrops","floor":5},{"not_picked":["Underhanded Strike","Dagger Spray"],"picked":"Deadly Poison","floor":6}],"player_experience":88727,"relics_obtained":[{"floor":6,"key":"StoneCalendar"},{"floor":9,"key":"Frozen Egg 2"}],"event_choices":[{"cards_removed":["Strike_G"],"damage_healed":0,"gold_gain":0,"player_choice":"Card Removal","damage_taken":7,"max_hp_gain":0,"max_hp_loss":0,"event_name":"Golden Wing","floor":8,"gold_loss":0}],"is_beta":false,"boss_relics":[],"items_purged_floors":[],"is_endless":false,"potions_floor_spawned":[3,6],"killed_by":"Gremlin Nob","ascension_level":12}}