{"host":"8tgyo6jwzgmjsiz5","time":1614028524,"event":{"mods":["AchievementEnabler","BaseMod","Best Route Mod","Highlight Path","Minty Spire (QoL Compilation)","Permanent Neow","Quick Restart","StSLib","SuperFastMode"],"gold_per_floor":[118,138,213,230,155,155,185,185,185,205,205,10,24,42,42,115,115,126,51,231,247,267,267,287,287,314,75,102,102,102],"floor_reached":29,"language":"ENG","playtime":2140,"items_purged":["Parasite"],"score":425,"play_id":"7d3b0a77-100b-4057-a6bd-d1a76a5d93d2","local_time":"20210222181524","is_ascension_mode":true,"campfire_choices":[{"data":"Defragment","floor":6.0,"key":"SMITH"},{"floor":8.0,"key":"REST"},{"floor":11.0,"key":"REST"},{"floor":15,"key":"REST"},{"floor":23,"key":"REST"},{"data":"Echo Form","floor":25,"key":"SMITH"}],"circlet_count":0,"master_deck":["AscendersBane","Strike_B","Strike_B","Defend_B","Defend_B","Defend_B","Defend_B","Zap","Dualcast","Echo Form+1","Undo","Defragment+1","Sweeping Beam","Defragment","Ball Lightning","Redo","Electrodynamics","Undo","Madness","Conserve Battery","Steam","Apotheosis","Chill"],"relics":["Cracked Core","Kunai","Oddly Smooth Stone","Odd Mushroom","Art of War","Cursed Key","Omamori","FossilizedHelix"],"acts_visited":["Exordium","TheCity"],"potions_floor_usage":[16,22,28,28,28,29],"damage_taken":[{"damage":3.0,"enemies":"Small Slimes","floor":1.0,"turns":4.0},{"damage":8.0,"enemies":"Jaw Worm","floor":2.0,"turns":4.0},{"damage":7.0,"enemies":"2 Louse","floor":4.0,"turns":3.0},{"damage":16.0,"enemies":"Gremlin Nob","floor":7.0,"turns":4.0},{"damage":18.0,"enemies":"The Mushroom Lair","floor":10.0,"turns":4.0},{"damage":16,"enemies":"Lots of Slimes","floor":13,"turns":4},{"damage":11,"enemies":"Looter","floor":14,"turns":3},{"damage":6,"enemies":"Slime Boss","floor":16,"turns":7},{"damage":14,"enemies":"Spheric Guardian","floor":18,"turns":4},{"damage":6,"enemies":"Chosen","floor":21,"turns":5},{"damage":3,"enemies":"Shelled Parasite and Fungi","floor":22,"turns":6},{"damage":2,"enemies":"Centurion and Healer","floor":24,"turns":4},{"damage":28,"enemies":"Gremlin Leader","floor":28,"turns":6},{"damage":9,"enemies":"Cultist and Chosen","floor":29,"turns":4}],"seed_played":"-1570245550461737831","potions_obtained":[{"floor":2.0,"key":"SteroidPotion"},{"floor":4.0,"key":"LiquidMemories"},{"floor":7.0,"key":"LiquidMemories"},{"floor":10.0,"key":"EntropicBrew"},{"floor":18,"key":"SkillPotion"},{"floor":22,"key":"ColorlessPotion"}],"is_trial":false,"path_per_floor":["M","M","?","M","?","R","E","R","T","?","R","$","M","M","R","B",null,"M","?","?","M","M","R","M","R","T","$","E","M"],"character_chosen":"DEFECT","items_purchased":["Defragment","Art of War","Apotheosis"],"campfire_rested":4,"item_purchase_floors":[12,12,27],"current_hp_per_floor":[61,53,42,35,35,35,19,40,40,22,43,43,27,16,37,31,61,47,47,22,16,13,34,32,32,32,32,4,0,0],"gold":102,"neow_bonus":"ONE_RANDOM_RARE_CARD","is_daily":false,"chose_seed":false,"campfire_upgraded":2,"win_rate":0.0,"timestamp":1614028524,"path_taken":["M","M","?","M","?","R","E","R","T","?","R","$","M","M","R","BOSS","M","?","?","M","?","R","M","R","T","$","E","M"],"items_purchased_type":["Card","Relic","Card"],"build_version":"2020-12-22","purchased_purges":1,"victory":false,"max_hp_per_floor":[71,71,71,71,71,71,71,71,71,71,71,71,71,71,71,71,71,71,71,71,71,71,71,71,71,71,68,68,68,68],"card_choices":[{"not_picked":["Gash","Reinforced Body","Steam Power"],"picked":"SKIP","floor":1.0},{"not_picked":["Beam Cell","Auto Shields"],"picked":"Undo","floor":2.0},{"not_picked":["Conserve Battery","Reinforced Body"],"picked":"Defragment","floor":4.0},{"not_picked":["Barrage","Gash"],"picked":"Sweeping Beam","floor":7.0},{"not_picked":["Streamline","Scrape"],"picked":"Ball Lightning","floor":13},{"not_picked":["Cold Snap","Go for the Eyes","Redo"],"picked":"SKIP","floor":14},{"not_picked":["Cold Snap","Go for the Eyes"],"picked":"Redo","floor":14},{"not_picked":["Creative AI","Reboot"],"picked":"Electrodynamics","floor":16},{"not_picked":["Beam Cell","Chill"],"picked":"Undo","floor":18},{"not_picked":["Barrage","Beam Cell"],"picked":"Conserve Battery","floor":21},{"not_picked":["Gash","Tempest"],"picked":"Steam","floor":22},{"not_picked":["Stack","Redo","Sweeping Beam"],"picked":"SKIP","floor":24},{"not_picked":["Skim","Meteor Strike"],"picked":"Chill","floor":28}],"player_experience":2023007,"relics_obtained":[{"floor":7.0,"key":"Kunai"},{"floor":9.0,"key":"Oddly Smooth Stone"},{"floor":10.0,"key":"Odd Mushroom"},{"floor":26,"key":"Omamori"},{"floor":28,"key":"FossilizedHelix"}],"event_choices":[{"damage_healed":0.0,"max_hp_gain":0.0,"max_hp_loss":0.0,"gold_gain":75.0,"event_name":"World of Goop","player_choice":"Gather Gold","floor":3.0,"gold_loss":0.0,"damage_taken":11.0},{"cards_removed":["Strike_B"],"damage_healed":0.0,"max_hp_gain":0.0,"max_hp_loss":0.0,"gold_gain":0.0,"event_name":"The Cleric","player_choice":"Card Removal","floor":5.0,"gold_loss":75.0,"damage_taken":0.0},{"damage_healed":0.0,"max_hp_gain":0.0,"max_hp_loss":0.0,"gold_gain":0.0,"event_name":"Mushrooms","player_choice":"Fought Mushrooms","floor":10.0,"gold_loss":0.0,"damage_taken":0.0},{"cards_removed":["Strike_B"],"damage_healed":0,"gold_gain":0,"player_choice":"Gave Gold","damage_taken":0,"max_hp_gain":0,"max_hp_loss":0,"event_name":"Beggar","floor":19,"gold_loss":75},{"damage_healed":0,"gold_gain":180,"player_choice":"GOLD CARD GOLD ","damage_taken":25,"max_hp_gain":0,"max_hp_loss":0,"event_name":"Knowing Skull","floor":20,"potions_obtained":[],"gold_loss":0,"cards_obtained":["Madness"]}],"is_beta":false,"boss_relics":[{"not_picked":["Runic Dome","SlaversCollar"],"picked":"Cursed Key"}],"items_purged_floors":[27],"is_endless":false,"potions_floor_spawned":[2,4,7,10,14,18,22],"killed_by":"Cultist and Chosen","ascension_level":15}}