{"host":"ssceekdvsvld625r","time":1614010458,"event":{"mods":["AchievementEnabler","BaseMod","Better Third Choice","Block Reminder","Colored Map","Colored Powertips","Downfall","Minty Spire (QoL Compilation)","Permanent Neow","Quick Restart","Rare Cards Sparkle","Relic Stats","Reliquary","Replay The Spire","Shop Mod","StSLib"],"gold_per_floor":[118,137,137,137,66,66,106,106,155,155,173,189,153,189,189,318,318,343,343,343,442,463,463,463,463],"floor_reached":24,"language":"ENG","playtime":1187,"items_purged":[],"score":261,"play_id":"76f22cd6-ef5e-4a6c-a0d9-72e0c185a300","local_time":"20210222091418","is_ascension_mode":true,"campfire_choices":[{"data":"Crystallizer","floor":6,"key":"SMITH"},{"data":"Crystallizer","floor":8,"key":"SMITH"},{"data":"Genetic Algorithm","floor":10,"key":"SMITH"},{"floor":15,"key":"REST"},{"floor":23,"key":"REST"}],"circlet_count":0,"master_deck":["Strike_B","Strike_B","Strike_B+1","Strike_B","Defend_B","Defend_B","Defend_B","Defend_B","Zap","Dualcast","Genetic Algorithm+1","Crystallizer+1","Crystallizer+1","Static Discharge","Melter","Tempest+1","Multi-Cast","CurseOfTheBell","Writhe","Redo"],"relics":["Cracked Core","NeowsBlessing","Golden Idol","Pantograph","Gremlin Food","betterThird:SlimedRelic","reliquary:Conveyor","Calling Bell","reliquary:PartyBalloon","reliquary:NewFriend","reliquary:OuijaBoard","Mirror"],"acts_visited":["Exordium","TheCity"],"potions_floor_usage":[14,16,24],"damage_taken":[{"damage":0,"enemies":"Cultist","floor":1,"turns":1},{"damage":0,"enemies":"2 Louse","floor":2,"turns":1},{"damage":0,"enemies":"Replay:BlueRogue","floor":7,"turns":1},{"damage":2,"enemies":"Small Slimes","floor":11,"turns":3},{"damage":6,"enemies":"Looter","floor":12,"turns":3},{"damage":31,"enemies":"Gremlin Nob","floor":14,"turns":4},{"damage":38,"enemies":"Hexaghost","floor":16,"turns":9},{"damage":48,"enemies":"2 Thieves","floor":18,"turns":5},{"damage":11,"enemies":"Spheric Guardian","floor":22,"turns":4},{"damage":18,"enemies":"Gremlin Leader","floor":24,"turns":3}],"seed_played":"5344626509735179597","potions_obtained":[{"floor":7,"key":"Languid Potion"},{"floor":11,"key":"champ:CounterPotion"},{"floor":16,"key":"Block Potion"},{"floor":22,"key":"Elixir"}],"is_trial":false,"path_per_floor":["M","M","?","?","$","R","E","R","T","R","M","M","?","E","R","B",null,"M","?","?","?","M","R","E"],"character_chosen":"DEFECT","items_purchased":["Crystallizer"],"campfire_rested":2,"item_purchase_floors":[5],"current_hp_per_floor":[75,75,75,69,69,69,69,69,69,69,67,61,50,19,39,26,69,21,21,44,44,33,53,35,35],"gold":463,"neow_bonus":"THREE_ENEMY_KILL","is_daily":false,"chose_seed":false,"campfire_upgraded":3,"win_rate":0.0,"timestamp":1614010458,"path_taken":["M","?","?","?","$","R","E","R","T","R","M","M","?","E","R","BOSS","M","?","?","?","M","R","E"],"items_purchased_type":["Card"],"build_version":"2020-12-22","purchased_purges":0,"victory":false,"max_hp_per_floor":[75,75,75,69,69,69,69,69,69,69,69,69,69,69,69,69,69,69,69,69,69,69,69,69,69],"relic_stats":{"counters":[10,34],"Golden Idol":57,"Pantograph":25,"obtain_stats":[{"Gremlin Food":9,"Calling Bell":17,"reliquary:OuijaBoard":17,"reliquary:Conveyor":14,"NeowsBlessing":0,"Golden Idol":4,"reliquary:PartyBalloon":17,"Pantograph":7,"betterThird:SlimedRelic":13,"reliquary:NewFriend":17,"Cracked Core":0,"Mirror":19},{"Gremlin Food":3,"Calling Bell":7,"reliquary:OuijaBoard":7,"reliquary:Conveyor":6,"NeowsBlessing":0,"Golden Idol":2,"reliquary:PartyBalloon":7,"Pantograph":3,"betterThird:SlimedRelic":5,"reliquary:NewFriend":7,"Cracked Core":0,"Mirror":8},{"Gremlin Food":3,"Calling Bell":22,"reliquary:OuijaBoard":22,"reliquary:Conveyor":13,"NeowsBlessing":0,"Golden Idol":2,"reliquary:PartyBalloon":22,"Pantograph":3,"betterThird:SlimedRelic":9,"reliquary:NewFriend":22,"Cracked Core":0,"Mirror":27}]},"card_choices":[{"not_picked":["Beam Cell","Panic Button"],"picked":"Genetic Algorithm","floor":1},{"not_picked":["Coolheaded","Compile Driver","Tempest"],"picked":"SKIP","floor":2},{"not_picked":["Fusion","BasicCrystalCard"],"picked":"Crystallizer","floor":7},{"not_picked":["ReplayTheSpireMod:System Scan","Ball Lightning"],"picked":"Static Discharge","floor":11},{"not_picked":["Panic Button","Mirror Shield"],"picked":"Melter","floor":12},{"not_picked":["Melter","Gash"],"picked":"Tempest","floor":14},{"not_picked":["ReplayTheSpireMod:Omega Cannon","Mirror Shield"],"picked":"Multi-Cast","floor":16},{"not_picked":["Compile Driver","Lockon+1","Go for the Eyes"],"picked":"SKIP","floor":18},{"not_picked":["Turbo","Crystallizer"],"picked":"Redo","floor":22}],"player_experience":83479,"relics_obtained":[{"floor":7,"key":"Pantograph"},{"floor":9,"key":"Gremlin Food"},{"floor":14,"key":"reliquary:Conveyor"},{"floor":17,"key":"reliquary:PartyBalloon"},{"floor":17,"key":"reliquary:NewFriend"},{"floor":17,"key":"reliquary:OuijaBoard"}],"event_choices":[{"damage_healed":0,"gold_gain":0,"player_choice":"Ignored","damage_taken":137,"max_hp_gain":0,"max_hp_loss":0,"event_name":"betterThird:BetterSerpent","floor":3,"gold_loss":0},{"damage_healed":0,"gold_gain":0,"player_choice":"Lose Max HP","damage_taken":0,"relics_obtained":["Golden Idol"],"max_hp_gain":0,"max_hp_loss":6,"event_name":"Golden Idol","floor":4,"gold_loss":0},{"damage_healed":0,"gold_gain":0,"player_choice":"Slimed","damage_taken":11,"max_hp_gain":0,"max_hp_loss":0,"event_name":"betterThird:BetterGoop","floor":13,"gold_loss":36},{"damage_healed":0,"gold_gain":0,"player_choice":"Opened","damage_taken":0,"relics_obtained":["Mirror"],"max_hp_gain":0,"max_hp_loss":0,"event_name":"The Mausoleum","floor":19,"gold_loss":0,"cards_obtained":["Writhe"]},{"damage_healed":23,"gold_gain":0,"player_choice":"Heal","damage_taken":0,"max_hp_gain":0,"max_hp_loss":0,"event_name":"The Library","floor":20,"gold_loss":0},{"damage_healed":0,"gold_gain":99,"player_choice":"Steal","damage_taken":0,"max_hp_gain":0,"max_hp_loss":0,"event_name":"betterThird:BetterNest","floor":21,"gold_loss":0}],"is_beta":false,"boss_relics":[{"not_picked":["bronze:MakeshiftBattery","Empty Cage"],"picked":"Calling Bell"}],"items_purged_floors":[],"is_endless":false,"potions_floor_spawned":[7,11,16,22],"killed_by":"Gremlin Leader","ascension_level":3}}