{"host":"5xkp6lbjk85sl3i7","time":1614022793,"event":{"mods":["BaseMod","Better Match","Better Note","Colored Powertips","Curses Come First","Hermit","Highlight Path","Minty Spire (QoL Compilation)","Quick Restart","Replay The Spire","StSLib","The Cursed"],"gold_per_floor":[114,114,114,125,125,154,154,186,213,245,261,261,279,308,308,411,411,427,552,552,492,504,535,552,552,552,566,594,594,606,208,208,305,305,318,335,335,385,161,196,119,157,238,263,272,307,321,355,355,355],"floor_reached":51,"language":"ENG","playtime":4997,"items_purged":[],"score":1148,"play_id":"ac65baaa-d32a-4262-9551-7dd75e3f2408","local_time":"20210222143953","is_ascension_mode":true,"campfire_choices":[{"floor":7,"key":"REST"},{"floor":12,"key":"REST"},{"floor":15,"key":"REST"},{"floor":32,"key":"REST"},{"floor":45,"key":"DIG"},{"floor":49,"key":"REST"}],"circlet_count":0,"master_deck":["hermit:Strike_Hermit+1","hermit:Strike_Hermit","hermit:Defend_Hermit","hermit:Defend_Hermit","hermit:Snapshot+1","hermit:Covet","Amnesia","hermit:Misfire","Regret","hermit:Manifest","hermit:Magnum+1","hermit:Gestalt","hermit:GoldenBullet","hermit:ShadowCloak","hermit:Glare","hermit:Malice","hermit:EyeOfTheStorm+1","hermit:Horror+1","hermit:Adapt+1","hermit:Ricochet","ReplayTheSpireMod:Splinters","hermit:Midnight","hermit:Horror","hermit:Malice+1","hermit:Horror+1","Pot Of Greed","Pot Of Greed+1","Pot Of Greed","hermit:Grudge","hermit:Malice+1","Pot Of Greed","hermit:Feint+1","hermit:Manifest","hermit:Grudge","hermit:Magnum","CurseOfTheBell","hermit:Horror","hermit:Quickdraw+1","hermit:Enervate+1","Pot Of Greed","Replay:Hysterical Blindness","Crow Ritual","hermit:ShadowCloak","hermit:Manifest","hermit:FinalCanter","hermit:Feint","hermit:Quickdraw+1","hermit:Quickdraw+1"],"relics":["hermit:Momento","Akabeko","Boot","Matryoshka","Replay:Mystery Machine","Strawberry","MealTicket","Du-Vu Doll","Astrolabe","Snack Pack","ReplayTheSpireMod:TigerMarble","Grinning Jar","Replay:Multitool","Peace Pipe","Gremlin Food","Happy Flower","Calling Bell","Replay:Rubber Ducky","White Beast Statue","Torii","Replay:PocketPolymizer","ReplayTheSpireMod:CursedCoin","CeramicFish","Sundial","Blood Vial","Mirror","Bird Faced Urn","Bottled Lightning","Prayer Wheel"],"acts_visited":["Exordium","TheCity","TheBeyond"],"potions_floor_usage":[10,16,16,23,33,33,40,42,42,48,50,50,50],"damage_taken":[{"damage":3,"enemies":"Jaw Worm","floor":1,"turns":3},{"damage":1,"enemies":"2 Louse","floor":4,"turns":2},{"damage":34,"enemies":"3 Sentries","floor":6,"turns":7},{"damage":24,"enemies":"Gremlin Nob","floor":8,"turns":4},{"damage":3,"enemies":"3 Sentries","floor":10,"turns":5},{"damage":0,"enemies":"Cultist","floor":11,"turns":2},{"damage":19,"enemies":"Large Slime","floor":13,"turns":6},{"damage":20,"enemies":"Lagavulin","floor":14,"turns":6},{"damage":0,"enemies":"Fading Forest","floor":16,"turns":11},{"damage":20,"enemies":"2 Thieves","floor":18,"turns":3},{"damage":15,"enemies":"3 Byrds","floor":22,"turns":4},{"damage":49,"enemies":"Gremlin Leader","floor":23,"turns":6},{"damage":0,"enemies":"Centurion and Healer","floor":24,"turns":4},{"damage":10,"enemies":"Sentry and Sphere","floor":27,"turns":3},{"damage":23,"enemies":"Book of Stabbing","floor":28,"turns":3},{"damage":3,"enemies":"Snecko","floor":30,"turns":3},{"damage":37,"enemies":"Collector","floor":33,"turns":6},{"damage":0,"enemies":"3 Shapes","floor":35,"turns":2},{"damage":0,"enemies":"3 Darklings","floor":36,"turns":1},{"damage":0,"enemies":"Mind Bloom Boss Battle","floor":38,"turns":2},{"damage":1,"enemies":"R_Hoarder","floor":40,"turns":6},{"damage":9,"enemies":"Giant Head","floor":42,"turns":5},{"damage":2,"enemies":"R_Hoarder","floor":44,"turns":7},{"damage":74,"enemies":"Reptomancer","floor":46,"turns":5},{"damage":1,"enemies":"Spire Growth","floor":47,"turns":4},{"damage":0,"enemies":"Transient","floor":48,"turns":5},{"damage":65,"enemies":"Donu and Deca","floor":50,"turns":8}],"seed_played":"-3495318425118989584","potions_obtained":[{"floor":8,"key":"ColorlessPotion"},{"floor":10,"key":"DistilledChaos"},{"floor":13,"key":"Strength Potion"},{"floor":16,"key":"SteroidPotion"},{"floor":22,"key":"PowerPotion"},{"floor":23,"key":"Fire Potion"},{"floor":24,"key":"SteroidPotion"},{"floor":27,"key":"FairyPotion"},{"floor":35,"key":"BlessingOfTheForge"},{"floor":36,"key":"SkillPotion"},{"floor":40,"key":"ColorlessPotion"},{"floor":42,"key":"FearPotion"},{"floor":44,"key":"GamblersBrew"},{"floor":48,"key":"DistilledChaos"}],"is_trial":false,"path_per_floor":["M","?","?","M","?","E","R","E","T","E","M","R","M","E","R","B",null,"M","?","?","?","M","E","M","?","T","M","E","R","M","$","R","B",null,"M","M","?","?","$","E","$","E","T","E","R","E","M","M","R","B",null],"character_chosen":"HERMIT","items_purchased":["Gremlin Food","Happy Flower","Cursed Concoction","ReplayTheSpireMod:CursedCoin","CeramicFish","hermit:Brawl","Crow Ritual","hermit:ShadowCloak","hermit:Manifest"],"campfire_rested":5,"item_purchase_floors":[31,31,31,39,39,39,39,41,41],"current_hp_per_floor":[86,86,86,85,85,51,77,53,60,57,57,85,66,46,74,84,96,76,76,76,76,63,18,18,18,18,8,17,45,44,59,87,52,96,96,96,96,96,96,96,96,89,89,89,89,19,26,30,58,5],"gold":355,"neow_bonus":"TWENTY_PERCENT_HP_BONUS","is_daily":false,"chose_seed":false,"campfire_upgraded":0,"win_rate":0.0,"timestamp":1614022793,"path_taken":["M","?","?","M","?","E","R","E","T","E","M","R","M","E","R","BOSS","M","?","?","?","M","E","M","?","T","?","E","R","M","$","R","BOSS","M","M","?","?","$","E","?","E","T","E","R","E","M","M","R","BOSS"],"items_purchased_type":["Relic","Relic","Potion","Relic","Relic","Card","Card","Card","Card"],"build_version":"2020-12-22","purchased_purges":0,"victory":true,"max_hp_per_floor":[89,89,89,89,89,89,89,89,96,96,96,96,96,96,96,96,96,96,96,96,96,96,96,96,96,96,96,96,96,96,96,96,96,96,96,96,96,96,96,96,96,96,96,96,96,96,96,96,96,96],"card_choices":[{"not_picked":["hermit:TakeAim","hermit:PistolWhip"],"picked":"hermit:Misfire","floor":1},{"not_picked":["hermit:Dive","hermit:CalledShot"],"picked":"hermit:Manifest","floor":4},{"not_picked":["hermit:Ricochet","hermit:BodyArmor"],"picked":"hermit:Magnum","floor":6},{"not_picked":["hermit:LowProfile","hermit:Quickdraw"],"picked":"hermit:Gestalt","floor":8},{"not_picked":["hermit:Manifest","hermit:HighCaliber"],"picked":"hermit:GoldenBullet","floor":10},{"not_picked":["hermit:Dive","hermit:BodyArmor"],"picked":"hermit:ShadowCloak","floor":11},{"not_picked":["hermit:ItchyTrigger","hermit:Manifest"],"picked":"hermit:Glare","floor":13},{"not_picked":["hermit:Quickdraw","hermit:Purgatory"],"picked":"hermit:Malice","floor":14},{"not_picked":["hermit:RoundhouseKick","hermit:EternalForm"],"picked":"hermit:Adapt","floor":16},{"not_picked":["hermit:HighCaliber","hermit:SprayPray"],"picked":"hermit:Ricochet","floor":18},{"not_picked":["hermit:Virtue","hermit:FlashPowder"],"picked":"hermit:Midnight","floor":19},{"not_picked":["hermit:FullyLoaded","hermit:TakeAim"],"picked":"hermit:Horror","floor":19},{"not_picked":["hermit:TrackingShot","hermit:Combo"],"picked":"hermit:Malice+1","floor":19},{"not_picked":["hermit:LoneWolf","hermit:Snipe"],"picked":"hermit:Horror+1","floor":22},{"not_picked":["hermit:Shortfuse","hermit:Feint"],"picked":"hermit:Grudge","floor":23},{"not_picked":["hermit:ShadowCloak","hermit:HoleUp"],"picked":"hermit:Malice+1","floor":24},{"not_picked":["hermit:LoneWolf","hermit:Desperado"],"picked":"hermit:Feint+1","floor":27},{"not_picked":["hermit:Snipe+1","hermit:Coalescence"],"picked":"hermit:Manifest","floor":28},{"not_picked":["hermit:WideOpen","hermit:Roulette"],"picked":"hermit:Grudge","floor":30},{"not_picked":["hermit:Dissolve","hermit:HeroicBravado"],"picked":"hermit:Magnum","floor":33},{"not_picked":["hermit:Virtue+1","hermit:Ricochet"],"picked":"hermit:Horror","floor":35},{"not_picked":["hermit:Dive","hermit:Feint"],"picked":"hermit:Quickdraw+1","floor":36},{"not_picked":["hermit:ItchyTrigger+1","hermit:Coalescence"],"picked":"hermit:Enervate+1","floor":38},{"not_picked":["hermit:HighCaliber","hermit:TrackingShot","hermit:Adapt"],"picked":"SKIP","floor":40},{"not_picked":["hermit:Shortfuse","hermit:Vantage"],"picked":"hermit:FinalCanter","floor":42},{"not_picked":["hermit:Brawl+1","hermit:WideOpen","hermit:FatalDesire"],"picked":"SKIP","floor":44},{"not_picked":["hermit:Dive","hermit:NoHoldsBarred","hermit:TakeCover+1"],"picked":"SKIP","floor":46},{"not_picked":["hermit:HoleUp","hermit:Coalescence","hermit:WideOpen"],"picked":"SKIP","floor":47},{"not_picked":["hermit:Determination","hermit:LuckOfTheDraw","hermit:TakeAim"],"picked":"SKIP","floor":47},{"not_picked":["hermit:TrackingShot+1","hermit:LowProfile"],"picked":"hermit:Quickdraw+1","floor":48},{"not_picked":["hermit:Headshot+1","hermit:Coalescence+1"],"picked":"hermit:Quickdraw+1","floor":48}],"player_experience":743414,"relics_obtained":[{"floor":6,"key":"Boot"},{"floor":8,"key":"Matryoshka"},{"floor":9,"key":"Replay:Mystery Machine"},{"floor":9,"key":"Strawberry"},{"floor":10,"key":"MealTicket"},{"floor":14,"key":"Du-Vu Doll"},{"floor":19,"key":"Snack Pack"},{"floor":19,"key":"ReplayTheSpireMod:TigerMarble"},{"floor":23,"key":"Grinning Jar"},{"floor":26,"key":"Replay:Multitool"},{"floor":28,"key":"Peace Pipe"},{"floor":34,"key":"Replay:Rubber Ducky"},{"floor":34,"key":"White Beast Statue"},{"floor":34,"key":"Torii"},{"floor":38,"key":"Replay:PocketPolymizer"},{"floor":40,"key":"Sundial"},{"floor":42,"key":"Blood Vial"},{"floor":43,"key":"Mirror"},{"floor":44,"key":"Bird Faced Urn"},{"floor":45,"key":"Bottled Lightning"},{"floor":46,"key":"Prayer Wheel"}],"event_choices":[{"damage_healed":0,"gold_gain":0,"player_choice":"Box","damage_taken":0,"relics_obtained":["Akabeko"],"max_hp_gain":0,"max_hp_loss":0,"event_name":"Big Fish","floor":2,"gold_loss":0,"cards_obtained":["Regret"]},{"damage_healed":0,"gold_gain":0,"player_choice":"Grow","damage_taken":0,"max_hp_gain":0,"max_hp_loss":0,"event_name":"Living Wall","floor":3,"gold_loss":0,"cards_upgraded":["hermit:Snapshot"]},{"cards_removed":["hermit:Defend_Hermit"],"damage_healed":0,"gold_gain":0,"player_choice":"Offered Basic","damage_taken":0,"max_hp_gain":0,"max_hp_loss":0,"event_name":"Bonfire Elementals","floor":5,"gold_loss":0},{"damage_healed":0,"gold_gain":0,"player_choice":"Ignored","damage_taken":0,"max_hp_gain":0,"max_hp_loss":0,"event_name":"Ghosts","floor":20,"gold_loss":0},{"damage_healed":0,"gold_gain":0,"player_choice":"Copied","damage_taken":0,"max_hp_gain":0,"max_hp_loss":0,"event_name":"Duplicator","floor":25,"gold_loss":0,"cards_obtained":["Pot Of Greed"]},{"cards_removed":["hermit:Adapt"],"damage_healed":0,"gold_gain":0,"player_choice":"Removed Power","damage_taken":0,"max_hp_gain":0,"max_hp_loss":0,"event_name":"Falling","floor":37,"gold_loss":0},{"damage_healed":0,"gold_gain":0,"player_choice":"Fight","damage_taken":0,"max_hp_gain":0,"max_hp_loss":0,"event_name":"MindBloom","floor":38,"gold_loss":0}],"is_beta":false,"boss_relics":[{"not_picked":["Runic Pyramid","Coffee Dripper"],"picked":"Astrolabe"},{"not_picked":["Ring of Chaos","Velvet Choker"],"picked":"Calling Bell"}],"items_purged_floors":[],"is_endless":false,"potions_floor_spawned":[8,10,13,16,22,23,24,27,35,36,38,40,42,44,46,47,48],"ascension_level":1}}