{"host":"3pgt7cyequ6zy3lm","time":1614020437,"event":{"mods":["Aspiration","BaseMod","Better Synergies","Bossed Relics","Colored Powertips","Conspire","Displayed Cursed Tome","Energized Spire","Halation","Hubris","Infinite Spire","Minty Spire (QoL Compilation)","Quick Restart","Reliquary","Replay The Spire","Shop Mod","StSLib","SuperFastMode","The Construct","everything is the same but u backflip on backflip"],"gold_per_floor":[109,109,109,109,120,120,151,126,174,191,219,219,239,259,259,358,358,374,374,374,374,387,415,429,429,453,479,479,513,117,117,117,213,213,228,262,310,310,310,310,337,167,193,193,224,224,239,250,308,408,408,407,417,109,109,116,134,134,150,150,150,159,159,177,179,179,268,268,275,278,278,278,268,278,278,285,285,285,303,153,155,158,158,232,232,245,245,245,264,287,289,306,318,318,337,365,391,147,155,155,223,223,243,243,266,341,369,407,407,451,476,476,512,512,551,601,601,721,721,721,721],"floor_reached":120,"language":"RUS","playtime":4203,"items_purged":["construct:AttackMode+1","construct:Strike_Gold","construct:Strike_Gold","construct:Strike_Gold","construct:Strike_Gold","construct:Strike_Gold"],"score":3684,"play_id":"aa43632d-c602-4839-8160-e3715d01452f","local_time":"20210222220036","is_ascension_mode":true,"campfire_choices":[{"data":"construct:Reinforce","floor":6.0,"key":"SMITH"},{"floor":12.0,"key":"REST"},{"data":"construct:DefenseMode","floor":15.0,"key":"SMITH"},{"data":"construct:Autoturret","floor":25.0,"key":"SMITH"},{"data":"construct:Autoturret+1","floor":28.0,"key":"SMITH"},{"data":"construct:DefenseMode+1","floor":32.0,"key":"SMITH"},{"floor":40.0,"key":"REST"},{"data":"construct:GuardCore","floor":44.0,"key":"SMITH"},{"data":"construct:GuardCore+1","floor":58.0,"key":"SMITH"},{"data":"construct:Autoturret+1","floor":61.0,"key":"SMITH"},{"data":"construct:Autoturret","floor":63.0,"key":"SMITH"},{"data":"construct:Autoturret+1","floor":66.0,"key":"SMITH"},{"data":"construct:FlameCore","floor":75.0,"key":"SMITH"},{"data":"construct:FlameCore+1","floor":78.0,"key":"SMITH"},{"data":"construct:Reinforce+1","floor":83.0,"key":"SMITH"},{"data":"construct:Failsafe","floor":100.0,"key":"SMITH"},{"data":"construct:Failsafe+1","floor":109.0,"key":"SMITH"},{"data":"construct:Reinforce+1","floor":114.0,"key":"SMITH"},{"data":"construct:Reinforce+1","floor":117.0,"key":"SMITH"}],"circlet_count":0,"master_deck":["construct:Defend_Gold+2","construct:Defend_Gold","construct:Defend_Gold","construct:Defend_Gold","construct:Defend_Gold","construct:DefenseMode+2","construct:Reinforce+2","construct:Synchronize","construct:Reinforce+2","construct:Autoturret+2","construct:Autoturret+2","construct:LaserCore","construct:LaserCore+2","construct:ReactiveShield+2","construct:Autoturret+2","Loop+1","Master of Strategy","construct:FlameCore+2","construct:GuardCore+2","construct:Synchronize","construct:Reinforce+2","construct:BatteryCore","construct:Failsafe+2"],"relics":["construct:ClockworkPhoenix","reliquary:SharkskinSheath","hubris:Icosahedron","aspiration:AnachronicSnailShell","hubris:ToyBattleship","MealTicket","conspire:SeveredTorchhead","Counterbalance","Simple Rune","aspiration:Lifesprig","War Paint","ReplayTheSpireMod:Shallot","aspiration:DefectSkillbook","infinitespire:Eraser","CaptainsWheel","construct:MegaBattery","conspire:BottledYoYo","Anchor","Unceasing Top","halation:Toothbrush","hubris:Backtick","Turnip","Astrolabe","Omamori","halation:PromiseList","reliquary:Firecrackers","conspire:TopHat","aspiration:TomeofQuesting","conspire:SpecialSausage","aspiration:FetidBarrel","reliquary:PrincelyHelmet","conspire:GlowingRock","infinitespire:Broken Mirror","infinitespire:EvilPickle","hubris:Towel","White Beast Statue","reliquary:Spinner","Eternal Feather","hubris:TenFootPole","Singing Bowl","conspire:RoyalGoblet","halation:Diary","Nunchaku","reliquary:PartyBalloon","Whetstone","Tiny Chest","halation:PrussianBluePaint","Replay:Grab Bag","Busted Crown","Philosopher\u0027s Stone","construct:WeddingRing"],"acts_visited":["Exordium","TheCity","TheBeyond","Exordium","TheCity","TheBeyond","Exordium","TheCity"],"potions_floor_usage":[],"damage_taken":[{"damage":7.0,"enemies":"Small Slimes","floor":1.0,"turns":3.0},{"damage":14.0,"enemies":"2 Louse","floor":5.0,"turns":4.0},{"damage":40.0,"enemies":"Lagavulin","floor":7.0,"turns":4.0},{"damage":1.0,"enemies":"Cultist","floor":10.0,"turns":4.0},{"damage":0.0,"enemies":"3 Sentries","floor":11.0,"turns":6.0},{"damage":0.0,"enemies":"2 Fungi Beasts","floor":13.0,"turns":4.0},{"damage":3.0,"enemies":"Exordium Wildlife","floor":14.0,"turns":6.0},{"damage":0.0,"enemies":"Fading Forest","floor":16.0,"turns":11.0},{"damage":0.0,"enemies":"3 Byrds","floor":18.0,"turns":4.0},{"damage":5.0,"enemies":"Shell Parasite","floor":22.0,"turns":7.0},{"damage":6.0,"enemies":"Gremlin Leader","floor":23.0,"turns":8.0},{"damage":9.0,"enemies":"Snecko","floor":24.0,"turns":6.0},{"damage":0.0,"enemies":"Book of Stabbing","floor":27.0,"turns":5.0},{"damage":15.0,"enemies":"Slavers","floor":29.0,"turns":4.0},{"damage":0.0,"enemies":"conspire:MysteriousRune","floor":33.0,"turns":7.0},{"damage":15.0,"enemies":"3 Shapes","floor":35.0,"turns":4.0},{"damage":4.0,"enemies":"conspire:MimicChest","floor":36.0,"turns":7.0},{"damage":39.0,"enemies":"2 Orb Walkers","floor":37.0,"turns":5.0},{"damage":1.0,"enemies":"R_Hoarder","floor":41.0,"turns":6.0},{"damage":0.0,"enemies":"Nightmare","floor":45.0,"turns":4.0},{"damage":0.0,"enemies":"3 Darklings","floor":47.0,"turns":4.0},{"damage":0.0,"enemies":"Jaw Worm Horde","floor":48.0,"turns":1.0},{"damage":1.0,"enemies":"LordOfAnnihilation","floor":50.0,"turns":12.0},{"damage":0.0,"enemies":"Jaw Worm","floor":52.0,"turns":3.0},{"damage":0.0,"enemies":"Small Slimes","floor":53.0,"turns":3.0},{"damage":0.0,"enemies":"2 Louse","floor":56.0,"turns":2.0},{"damage":0.0,"enemies":"3 Sentries","floor":57.0,"turns":4.0},{"damage":0.0,"enemies":"Gremlin Nob","floor":59.0,"turns":3.0},{"damage":0.0,"enemies":"Exordium Thugs","floor":62.0,"turns":3.0},{"damage":2.0,"enemies":"3 Sentries","floor":64.0,"turns":3.0},{"damage":1.0,"enemies":"Exordium Wildlife","floor":65.0,"turns":2.0},{"damage":0.0,"enemies":"Slime Boss","floor":67.0,"turns":3.0},{"damage":0.0,"enemies":"3 Byrds","floor":69.0,"turns":3.0},{"damage":0.0,"enemies":"Spheric Guardian","floor":70.0,"turns":2.0},{"damage":1.0,"enemies":"Snake Plant","floor":73.0,"turns":4.0},{"damage":8.0,"enemies":"Slavers","floor":74.0,"turns":4.0},{"damage":0.0,"enemies":"Cultist and Chosen","floor":76.0,"turns":3.0},{"damage":0.0,"enemies":"Gremlin Leader","floor":79.0,"turns":4.0},{"damage":0.0,"enemies":"Slavers","floor":81.0,"turns":5.0},{"damage":0.0,"enemies":"Snecko","floor":82.0,"turns":3.0},{"damage":0.0,"enemies":"Pondfish","floor":84.0,"turns":5.0},{"damage":0.0,"enemies":"3 Darklings","floor":86.0,"turns":3.0},{"damage":0.0,"enemies":"Orb Walker","floor":89.0,"turns":3.0},{"damage":4.0,"enemies":"Sphere and 2 Shapes","floor":90.0,"turns":3.0},{"damage":0.0,"enemies":"Giant Head","floor":91.0,"turns":5.0},{"damage":0.0,"enemies":"Jaw Worm Horde","floor":92.0,"turns":3.0},{"damage":5.0,"enemies":"Nemesis","floor":93.0,"turns":8.0},{"damage":0.0,"enemies":"4 Shapes","floor":95.0,"turns":2.0},{"damage":5.0,"enemies":"R_Hoarder","floor":96.0,"turns":5.0},{"damage":1.0,"enemies":"Spire Growth","floor":97.0,"turns":3.0},{"damage":0.0,"enemies":"Jaw Worm Horde","floor":99.0,"turns":3.0},{"damage":0.0,"enemies":"conspire:OrnateMirror","floor":101.0,"turns":5.0},{"damage":0.0,"enemies":"Jaw Worm","floor":103.0,"turns":1.0},{"damage":0.0,"enemies":"Small Slimes","floor":105.0,"turns":2.0},{"damage":0.0,"enemies":"Cultist","floor":107.0,"turns":2.0},{"damage":0.0,"enemies":"Lagavulin","floor":108.0,"turns":3.0},{"damage":0.0,"enemies":"3 Sentries","floor":110.0,"turns":3.0},{"damage":0.0,"enemies":"Nightmare","floor":113.0,"turns":5.0},{"damage":1.0,"enemies":"3 Louse","floor":115.0,"turns":2.0},{"damage":0.0,"enemies":"Lagavulin","floor":116.0,"turns":2.0},{"damage":0.0,"enemies":"Slime Boss","floor":118.0,"turns":3.0},{"damage":0,"enemies":"Shell Parasite","floor":120,"turns":1}],"seed_played":"838366094607353363","potions_obtained":[{"floor":7.0,"key":"Reflective Coating"},{"floor":11.0,"key":"DuplicationPotion"},{"floor":13.0,"key":"Block Potion"},{"floor":14.0,"key":"Languid Potion"},{"floor":18.0,"key":"Fire Potion"},{"floor":23.0,"key":"PowerPotion"},{"floor":33.0,"key":"Weak Potion"},{"floor":36.0,"key":"FearPotion"},{"floor":41.0,"key":"DistilledChaos"},{"floor":53.0,"key":"Regen Potion"},{"floor":62.0,"key":"CultistPotion"},{"floor":74.0,"key":"PowerPotion"},{"floor":82.0,"key":"Weak Potion"},{"floor":96.0,"key":"Block Potion"}],"is_trial":false,"path_per_floor":["M","?","?","?","M","R","E","$","T","M","E","R","M","M","R","B",null,"M","?","?","?","M","E","M","R","T","E","R","E","$","?","R","B",null,"M","?","?","?","T","R","E","$","T","R","NM","AVR","M","M","R","B",null,"M","M","$","?","M","E","R","E","T","R","M","R","E","M","R","B",null,"M","M","?","?","M","E","R","M","T","R","E","$","E","M","R","B",null,"M","?","?","M","M","E","M","E","T","M","E","M","$","M","R","B",null,"M","AVR","M","?","M","E","R","E","T","?","NM","R","M","E","R","B",null,"M"],"character_chosen":"THE_CONSTRUCT_MOD","items_purchased":["construct:Reinforce","construct:ReactiveShield","ReplayTheSpireMod:Shallot","construct:GuardCore","construct:Reinforce+1","Omamori","Singing Bowl"],"campfire_rested":2,"item_purchase_floors":[8,30,30,42,54,54,98],"current_hp_per_floor":[78,61,61,70,56,56,16,16,16,15,15,40,40,37,37,37,85,85,85,85,85,80,74,65,65,65,65,65,50,65,65,65,65,85,70,66,27,27,27,52,51,66,66,66,66,69,69,72,72,71,91,91,91,94,94,94,94,94,94,94,94,94,94,92,91,91,91,94,94,94,94,94,93,85,85,85,85,85,85,97,97,97,97,97,97,97,97,97,97,93,93,93,88,88,88,84,83,98,100,100,102,102,104,107,109,104,106,108,113,115,115,115,117,117,118,120,121,123,123,123,123],"gold":721,"neow_bonus":"RANDOM_COMMON_RELIC","is_daily":false,"chose_seed":false,"campfire_upgraded":17,"win_rate":0.0,"timestamp":1614020436,"path_taken":["M","?","?","?","?","R","E","$","T","M","E","R","M","M","R","BOSS","M","?","?","?","M","E","?","R","T","E","R","E","$","?","R","BOSS","M","?","?","?","?","R","E","?","T","R","NM","AVR","M","M","R","BOSS","M","M","$","?","?","E","R","E","T","R","M","R","E","M","R","BOSS","M","M","?","?","M","E","R","M","T","R","E","?","E","M","R","BOSS","M","?","?","M","M","E","M","E","T","M","E","M","$","M","R","BOSS","M","AVR","M","?","M","E","R","E","T","?","NM","R","M","E","R","BOSS","M"],"items_purchased_type":["Card","Card","Relic","Card","Card","Relic","Relic"],"build_version":"2020-12-22","purchased_purges":6,"victory":false,"max_hp_per_floor":[85,85,85,85,85,85,85,85,85,85,85,85,85,85,85,85,85,85,85,85,85,85,85,85,85,85,85,85,85,85,85,85,85,85,85,85,85,85,85,85,85,85,85,85,85,88,88,91,91,91,91,91,91,94,94,94,94,94,94,94,94,94,94,94,94,94,94,94,94,94,94,94,94,94,94,94,94,94,94,97,97,97,97,97,97,97,97,97,97,97,97,97,97,97,97,98,98,98,100,100,102,102,104,107,109,109,111,113,113,115,115,115,117,117,119,121,121,123,123,123,123],"card_choices":[{"not_picked":["construct:Accumulate","construct:ScrapCannon","construct:QuickAttack"],"picked":"SKIP","floor":1.0},{"not_picked":["construct:VentSteam","construct:ShiftStrike"],"picked":"construct:Reinforce","floor":5.0},{"not_picked":["construct:Construct_Overclock","construct:Electrocute"],"picked":"construct:Synchronize","floor":7.0},{"not_picked":["construct:Versatility","construct:SweepLaser","construct:ScrapCannon"],"picked":"SKIP","floor":10.0},{"not_picked":["construct:ClusterMines","construct:PointDefense"],"picked":"construct:Autoturret","floor":11.0},{"not_picked":["construct:Zapper","construct:SuppressiveFire"],"picked":"construct:Autoturret","floor":13.0},{"not_picked":["construct:SiegeForm","construct:Dampening","construct:Backfire"],"picked":"SKIP","floor":14.0},{"not_picked":["construct:ShiftStrike","construct:FierceBash","construct:HardReboot+1"],"picked":"SKIP","floor":18.0},{"not_picked":["construct:Dampening","construct:MetalShell"],"picked":"construct:LaserCore+1","floor":22.0},{"not_picked":["construct:SyphonStrike","construct:Boost","construct:SuppressiveFire"],"picked":"SKIP","floor":23.0},{"not_picked":["construct:ModeShift","construct:Anticipate","construct:Hazardproof"],"picked":"SKIP","floor":24.0},{"not_picked":["construct:Bunker","construct:SaveState+1","construct:Forcefield+1"],"picked":"SKIP","floor":27.0},{"not_picked":["construct:BatteryAcid","construct:SweepLaser+1","construct:CripplingShot"],"picked":"SKIP","floor":29.0},{"not_picked":["construct:Impenetrable+1","BootSequence+1","Scrape"],"picked":"construct:Autoturret+1","floor":35.0},{"not_picked":["Panic Button","Scrape","construct:Antimatter"],"picked":"Loop+1","floor":37.0},{"not_picked":["ReplayTheSpireMod:Necrogeddon","Replay:Bootleg Shield Generator","Discovery"],"picked":"Master of Strategy","floor":38.0},{"not_picked":["Reprogram+1","Tempest+1","construct:Zapper+1"],"picked":"construct:FlameCore","floor":41.0},{"not_picked":["infinitespire:TheBestDefense","infinitespire:SevenWalls"],"picked":"infinitespire:SealOfDarkness+","floor":45.0},{"not_picked":["Coolheaded","Self Repair","Hello World","construct:Antimatter"],"picked":"SKIP","floor":45.0},{"not_picked":["Coolheaded","Self Repair","Hello World","construct:Antimatter"],"picked":"SKIP","floor":45.0},{"not_picked":["construct:Anticipate","Gash+1","conspire:SharedLibrary","construct:FlakBarrage"],"picked":"SKIP","floor":47.0},{"not_picked":["construct:Analyze+1","Stack+1","Crystallizer+1","construct:Impenetrable"],"picked":"SKIP","floor":48.0},{"not_picked":["construct:Construct_Overclock","construct:Boost","construct:Forcefield","Undo"],"picked":"SKIP","floor":52.0},{"not_picked":["Steam","Compile Driver","construct:FierceBash"],"picked":"construct:Synchronize","floor":53.0},{"not_picked":["Sweeping Beam","construct:ClusterMines","Electrodynamics","construct:ChargeShot"],"picked":"SKIP","floor":56.0},{"not_picked":["ReplayTheSpireMod:Omega Cannon","construct:Boost","Genetic Algorithm","BasicCrystalCard"],"picked":"SKIP","floor":57.0},{"not_picked":["Multi-Cast","Ball Lightning","construct:Backfire","Rebound"],"picked":"SKIP","floor":59.0},{"not_picked":["construct:Autoturret","construct:SyphonStrike","ReplayTheSpireMod:Dual Polarity","Barrage"],"picked":"SKIP","floor":62.0},{"not_picked":["Redo","construct:ClusterMines","construct:SuppressiveFire","construct:Autoturret"],"picked":"SKIP","floor":64.0},{"not_picked":["BasicCrystalCard","Hello World","Streamline","Compile Driver"],"picked":"SKIP","floor":65.0},{"not_picked":["Seek","construct:GoldenBullet","construct:Multistage"],"picked":"construct:BatteryCore","floor":67.0},{"not_picked":["Streamline","construct:FierceBash","construct:VentSteam","construct:Hazardproof"],"picked":"SKIP","floor":69.0},{"not_picked":["construct:Tumble","construct:ScrapCannon+1","construct:Anticipate+1","Hello World"],"picked":"SKIP","floor":70.0},{"not_picked":["construct:FocusedBeam+1","Chaos+1","construct:Boost","Barrage"],"picked":"SKIP","floor":73.0},{"not_picked":["Go for the Eyes","construct:PointDefense","construct:Impenetrable+1","construct:SiegeForm"],"picked":"SKIP","floor":74.0},{"not_picked":["construct:Electrocute","Go for the Eyes","Barrage+1","construct:OneWayMirror"],"picked":"SKIP","floor":76.0},{"not_picked":["construct:QuickAttack","Undo+1","construct:Construct_Overclock","construct:Enhance"],"picked":"SKIP","floor":79.0},{"not_picked":["construct:Boost+1","Sweeping Beam+1","Glacier","construct:SaveState"],"picked":"SKIP","floor":81.0},{"not_picked":["Storm","construct:Analyze","construct:Accumulate","construct:Dampening"],"picked":"SKIP","floor":82.0},{"not_picked":["Fusion+1","Hologram+1","Cold Snap+1","Conserve Battery"],"picked":"SKIP","floor":86.0},{"not_picked":["Coolheaded+1","Hologram+1","construct:Autoturret+1","Conserve Battery"],"picked":"SKIP","floor":89.0},{"not_picked":["Compile Driver+1","construct:Accumulate","construct:ScrapCannon","construct:SaveState"],"picked":"SKIP","floor":90.0},{"not_picked":["construct:VentSteam","construct:Accumulate+1","ReplayTheSpireMod:Reroute Power+1","ReplayGash"],"picked":"SKIP","floor":91.0},{"not_picked":["ReplaySort+1","construct:Analyze+1","Capacitor+1","construct:ElectricArmor+1"],"picked":"SKIP","floor":92.0},{"not_picked":["ReplaySort+1","construct:Analyze+1","Capacitor+1","construct:ElectricArmor+1"],"picked":"SKIP","floor":92.0},{"not_picked":["hubris:PowerSurge+1","Turbo+1","Meteor Strike","Hello World+1"],"picked":"SKIP","floor":93.0},{"not_picked":["ReplaySolidLightProjector+1","Leap","construct:Accumulate","construct:Boost"],"picked":"SKIP","floor":95.0},{"not_picked":["construct:Boost","construct:ScrapCannon+1","construct:Dampening","aspiration:Polymerization"],"picked":"SKIP","floor":96.0},{"not_picked":["construct:Autoturret","construct:Versatility","ReplayTheSpireMod:Dual Polarity+1"],"picked":"construct:Failsafe","floor":97.0},{"not_picked":["construct:Stasis+1","Melter","construct:Versatility","Undo+1"],"picked":"Singing Bowl","floor":99.0},{"not_picked":["Multi-Cast","construct:ClockworkEgg","Machine Learning","hubris:SpecializedCircuitry"],"picked":"Singing Bowl","floor":101.0},{"not_picked":["construct:Accumulate","Time Bomb","BootSequence","hubris:Ukulele"],"picked":"Singing Bowl","floor":103.0},{"not_picked":["construct:Anticipate","ReplayTheSpireMod:System Scan","construct:SaveState","construct:Accumulate"],"picked":"Singing Bowl","floor":105.0},{"not_picked":["Panic Button","construct:Hazardproof","construct:Impenetrable","Cold Snap"],"picked":"Singing Bowl","floor":107.0},{"not_picked":["construct:Enhance","construct:Reinforce","construct:Chainstrike","Stack"],"picked":"Singing Bowl","floor":108.0},{"not_picked":["aspiration:Polymerization","ReplaySolidLightProjector","construct:SuppressiveFire","Reinforced Body"],"picked":"Singing Bowl","floor":110.0},{"not_picked":["construct:Dampening","Panic Button","Glacier","Core Surge"],"picked":"Singing Bowl","floor":113.0},{"not_picked":["construct:BatteryAcid","Cold Snap","Sweeping Beam","construct:Autoturret"],"picked":"Singing Bowl","floor":115.0},{"not_picked":["construct:Anticipate","construct:Stasis","construct:PanicFire","Consume"],"picked":"Singing Bowl","floor":116.0},{"not_picked":["Fission","construct:Bunker","construct:Multistage","construct:HastyRepair"],"picked":"Singing Bowl","floor":118.0}],"player_experience":146363,"relics_obtained":[{"floor":7.0,"key":"aspiration:AnachronicSnailShell"},{"floor":9.0,"key":"hubris:ToyBattleship"},{"floor":11.0,"key":"MealTicket"},{"floor":23.0,"key":"Counterbalance"},{"floor":26.0,"key":"Simple Rune"},{"floor":27.0,"key":"aspiration:Lifesprig"},{"floor":29.0,"key":"War Paint"},{"floor":36.0,"key":"infinitespire:Eraser"},{"floor":37.0,"key":"CaptainsWheel"},{"floor":39.0,"key":"construct:MegaBattery"},{"floor":41.0,"key":"conspire:BottledYoYo"},{"floor":43.0,"key":"Anchor"},{"floor":45.0,"key":"Unceasing Top"},{"floor":57.0,"key":"halation:PromiseList"},{"floor":59.0,"key":"reliquary:Firecrackers"},{"floor":60.0,"key":"conspire:TopHat"},{"floor":64.0,"key":"aspiration:TomeofQuesting"},{"floor":74.0,"key":"aspiration:FetidBarrel"},{"floor":77.0,"key":"reliquary:PrincelyHelmet"},{"floor":79.0,"key":"conspire:GlowingRock"},{"floor":81.0,"key":"infinitespire:Broken Mirror"},{"floor":91.0,"key":"White Beast Statue"},{"floor":93.0,"key":"reliquary:Spinner"},{"floor":94.0,"key":"Eternal Feather"},{"floor":96.0,"key":"hubris:TenFootPole"},{"floor":108.0,"key":"Nunchaku"},{"floor":110.0,"key":"reliquary:PartyBalloon"},{"floor":111.0,"key":"Whetstone"},{"floor":113.0,"key":"Tiny Chest"},{"floor":116.0,"key":"halation:PrussianBluePaint"}],"event_choices":[{"damage_healed":0.0,"max_hp_gain":0.0,"max_hp_loss":0.0,"gold_gain":0.0,"event_name":"Shining Light","player_choice":"Entered Light","floor":2.0,"gold_loss":0.0,"damage_taken":17.0,"cards_upgraded":["construct:AttackMode","construct:Strike_Gold"]},{"damage_healed":0.0,"max_hp_gain":0.0,"max_hp_loss":0.0,"gold_gain":0.0,"event_name":"The Library","player_choice":"Read","floor":19.0,"gold_loss":0.0,"damage_taken":0.0,"cards_obtained":["construct:LaserCore"]},{"damage_healed":0.0,"max_hp_gain":0.0,"max_hp_loss":0.0,"gold_gain":0.0,"event_name":"Vampires","player_choice":"Ignored","floor":21.0,"gold_loss":0.0,"damage_taken":0.0},{"damage_healed":0.0,"max_hp_gain":0.0,"max_hp_loss":0.0,"gold_gain":0.0,"event_name":"Mysterious Sphere","player_choice":"Fight","floor":37.0,"gold_loss":0.0,"damage_taken":0.0},{"damage_healed":0.0,"max_hp_gain":0.0,"max_hp_loss":0.0,"gold_gain":0.0,"event_name":"SensoryStone","player_choice":"Memory 1","floor":38.0,"gold_loss":0.0,"damage_taken":0.0},{"damage_healed":0.0,"max_hp_gain":0.0,"max_hp_loss":0.0,"gold_gain":0.0,"event_name":"Lab","player_choice":"Got Potions","floor":55.0,"gold_loss":0.0,"damage_taken":0.0},{"damage_healed":0.0,"max_hp_gain":0.0,"max_hp_loss":0.0,"gold_gain":0.0,"event_name":"Tomb of Lord Red Mask","player_choice":"Ignored","floor":87.0,"gold_loss":0.0,"damage_taken":0.0},{"damage_healed":0.0,"max_hp_gain":0.0,"max_hp_loss":0.0,"gold_gain":75.0,"event_name":"World of Goop","player_choice":"Gather Gold","floor":106.0,"gold_loss":0.0,"damage_taken":11.0}],"is_beta":false,"boss_relics":[{"not_picked":["aspiration:FutureDiary","Abe\u0027s Treasure"],"picked":"conspire:SeveredTorchhead"},{"not_picked":["Fusion Hammer","energizedSpire:EnergizedDie"],"picked":"aspiration:DefectSkillbook"},{"not_picked":["SacredBark","Kintsugi"],"picked":"Astrolabe"},{"not_picked":["Philosopher\u0027s Stone","hubris:Stopwatch"],"picked":"conspire:SpecialSausage"},{"not_picked":["hubris:RunicObelisk","halation:CatFaceCupcake","Replay:Bronze Core"]},{"not_picked":["aspiration:RitualDagger","Sozu"],"picked":"conspire:RoyalGoblet"},{"not_picked":["Runic Pyramid","hubris:RunicObelisk"],"picked":"Replay:Grab Bag"},{"not_picked":["reliquary:KinkedSpring","Velvet Choker"],"picked":"Busted Crown"},{"not_picked":["hubris:VirtuousBlindfold","hubris:CrackedHourglass"],"picked":"Philosopher\u0027s Stone"},{"not_picked":["halation:Risk","Kintsugi"],"picked":"construct:WeddingRing"}],"items_purged_floors":[30,42,46,54,80,104],"is_endless":true,"potions_floor_spawned":[7,11,13,14,18,23,24,33,36,41,45,48,53,59,62,64,65,69,74,82,84,90,92,93,95,96,97,99,101,103,105,107,108,110,113,115,116,118],"killed_by":"Shell Parasite","ascension_level":4}}