{"host":"w14xfy17z3c5mpoi","time":1614005903,"event":{"mods":["AchievementEnabler","BaseMod","Minty Spire (QoL Compilation)","Relic Stats"],"gold_per_floor":[114,114,114,130,130,174,49,93,119,119,168,168,168,221,230,230,230],"floor_reached":16,"language":"ENG","playtime":487,"items_purged":["Strike_G"],"score":246,"play_id":"89b1b39e-0946-4c21-8816-f2a1f2727477","local_time":"20210222095823","is_ascension_mode":true,"campfire_choices":[{"floor":10,"key":"REST"},{"data":"Venomology","floor":12,"key":"SMITH"},{"floor":15,"key":"REST"}],"circlet_count":0,"master_deck":["AscendersBane","Strike_G","Strike_G","Strike_G","Strike_G","Defend_G","Defend_G","Defend_G","Defend_G","Defend_G","Survivor","Neutralize","Dagger Spray","Skewer","Backflip","Cloak And Dagger","Flying Knee","Venomology+1","Slice","Escape Plan"],"relics":["Ring of the Snake","NeowsBlessing","Golden Idol","Juzu Bracelet","Dream Catcher","MealTicket","CeramicFish","Torii"],"acts_visited":["Exordium"],"potions_floor_usage":[8,14,14,14,16],"damage_taken":[{"damage":0,"enemies":"2 Louse","floor":1,"turns":1},{"damage":0,"enemies":"Small Slimes","floor":4,"turns":1},{"damage":0,"enemies":"3 Sentries","floor":6,"turns":1},{"damage":42,"enemies":"Lagavulin","floor":8,"turns":6},{"damage":20,"enemies":"3 Sentries","floor":11,"turns":9},{"damage":18,"enemies":"Gremlin Nob","floor":14,"turns":5},{"damage":50,"enemies":"Slime Boss","floor":16,"turns":10}],"seed_played":"-1978448953509692105","potions_obtained":[{"floor":1,"key":"Weak Potion"},{"floor":8,"key":"DuplicationPotion"},{"floor":14,"key":"ColorlessPotion"}],"is_trial":false,"path_per_floor":["M","?","?","M","$","E","$","E","T","R","E","R","?","E","R","B"],"character_chosen":"THE_SILENT","items_purchased":["FearPotion"],"campfire_rested":2,"item_purchase_floors":[7],"current_hp_per_floor":[63,63,63,63,63,63,63,21,21,40,20,20,41,23,42,0,0],"gold":230,"neow_bonus":"THREE_ENEMY_KILL","is_daily":false,"chose_seed":false,"campfire_upgraded":1,"win_rate":0.0,"timestamp":1614005903,"path_taken":["M","?","?","M","?","E","$","E","T","R","E","R","?","E","R","BOSS"],"items_purchased_type":["Potion"],"build_version":"2020-12-22","purchased_purges":1,"victory":false,"max_hp_per_floor":[70,70,65,65,65,65,65,65,65,65,65,65,65,65,65,65,65],"relic_stats":{"Dream Catcher":2,"Torii":2,"counters":[7,33],"Golden Idol":38,"CeramicFish":27,"MealTicket":0,"Juzu Bracelet":0,"obtain_stats":[{"Dream Catcher":8,"NeowsBlessing":0,"Torii":14,"Golden Idol":3,"CeramicFish":11,"MealTicket":9,"Juzu Bracelet":6,"Ring of the Snake":0},{"Dream Catcher":4,"NeowsBlessing":0,"Torii":6,"Golden Idol":1,"CeramicFish":5,"MealTicket":4,"Juzu Bracelet":3,"Ring of the Snake":0},{"Dream Catcher":9,"NeowsBlessing":0,"Torii":23,"Golden Idol":1,"CeramicFish":18,"MealTicket":9,"Juzu Bracelet":3,"Ring of the Snake":0}],"Ring of the Snake":[14]},"card_choices":[{"not_picked":["Deadly Poison","Eviscerate"],"picked":"Dagger Spray","floor":1},{"not_picked":["Acrobatics","Calculated Gamble"],"picked":"Skewer","floor":4},{"not_picked":["Slice","Acrobatics"],"picked":"Backflip","floor":6},{"not_picked":["Riddle With Holes","Deflect"],"picked":"Cloak And Dagger","floor":8},{"not_picked":["Bane","Noxious Fumes"],"picked":"Flying Knee","floor":10},{"not_picked":["Envenom","All Out Attack"],"picked":"Venomology","floor":11},{"not_picked":["Flying Knee","Infinite Blades"],"picked":"Slice","floor":14},{"not_picked":["Deflect","Reflex"],"picked":"Escape Plan","floor":15}],"player_experience":769239,"relics_obtained":[{"floor":6,"key":"Juzu Bracelet"},{"floor":8,"key":"Dream Catcher"},{"floor":9,"key":"MealTicket"},{"floor":11,"key":"CeramicFish"},{"floor":14,"key":"Torii"}],"event_choices":[{"damage_healed":0,"gold_gain":0,"player_choice":"Leave","damage_taken":0,"max_hp_gain":0,"max_hp_loss":0,"event_name":"The Cleric","floor":2,"gold_loss":0},{"damage_healed":0,"gold_gain":0,"player_choice":"Lose Max HP","damage_taken":0,"relics_obtained":["Golden Idol"],"max_hp_gain":0,"max_hp_loss":5,"event_name":"Golden Idol","floor":3,"gold_loss":0},{"damage_healed":21,"gold_gain":0,"player_choice":"Banana","damage_taken":0,"max_hp_gain":0,"max_hp_loss":0,"event_name":"Big Fish","floor":13,"gold_loss":0}],"is_beta":false,"boss_relics":[],"items_purged_floors":[7],"is_endless":false,"potions_floor_spawned":[1,8,14],"killed_by":"Slime Boss","ascension_level":13}}