{"host":"aq6zgkax5kiz71xp","time":1614034845,"event":{"mods":["BaseMod","Bestiary","Minty Spire (QoL Compilation)","Quick Restart","StSLib","The Cursed","The Runesmith"],"gold_per_floor":[115,126,126,150,112,124,164,186,250,262,274,304,332,344,356,473,485,510,522,534,565,577,589,635,647,659,683,665,677,700,732,744,756,756],"floor_reached":33,"language":"ZHS","playtime":827,"items_purged":[],"score":334,"play_id":"ce79082d-47fe-4805-a2e5-60c6ea4b5997","local_time":"20210223070045","is_ascension_mode":true,"campfire_choices":[{"data":"Zap","floor":6.0,"key":"SMITH"},{"data":"Dualcast","floor":10.0,"key":"SMITH"},{"data":"All For One","floor":15,"key":"SMITH"},{"data":"Rainbow","floor":23,"key":"SMITH"},{"floor":25,"key":"REST"},{"floor":29,"key":"REST"},{"floor":32,"key":"REST"}],"circlet_count":0,"master_deck":["Strike_B","Defend_B","Defend_B","Zap+1","Dualcast+1","Capacitor","Ball Lightning","All For One+1","Rainbow+1","Glacier","Beam Cell","Biased Cognition","Skim","Compile Driver","Consume+1","BootSequence"],"relics":["Cracked Core","NeowsBlessing","MawBank","Blue Candle","Oddly Smooth Stone","Nuclear Battery","Lantern"],"acts_visited":["Exordium","TheCity"],"potions_floor_usage":[16,18,18,24,27,27,31,33,33],"damage_taken":[{"damage":0.0,"enemies":"Small Slimes","floor":1.0,"turns":1.0},{"damage":0.0,"enemies":"Jaw Worm","floor":2.0,"turns":1.0},{"damage":0.0,"enemies":"3 Sentries","floor":7.0,"turns":1.0},{"damage":0.0,"enemies":"2 Louse","floor":8.0,"turns":2.0},{"damage":3,"enemies":"2 Fungi Beasts","floor":12,"turns":3},{"damage":11,"enemies":"Exordium Thugs","floor":13,"turns":3},{"damage":22,"enemies":"Hexaghost","floor":16,"turns":7},{"damage":20,"enemies":"2 Thieves","floor":18,"turns":4},{"damage":0,"enemies":"Chosen","floor":21,"turns":3},{"damage":34,"enemies":"Book of Stabbing","floor":24,"turns":5},{"damage":0,"enemies":"Snake Plant","floor":27,"turns":1},{"damage":37,"enemies":"Shelled Parasite and Fungi","floor":30,"turns":4},{"damage":0,"enemies":"3 Cultists","floor":31,"turns":4},{"damage":48,"enemies":"Collector","floor":33,"turns":7}],"seed_played":"-6360785822407812097","potions_obtained":[{"floor":7.0,"key":"FearPotion"},{"floor":12,"key":"LiquidMemories"},{"floor":16,"key":"EntropicBrew"},{"floor":27,"key":"FocusPotion"},{"floor":28,"key":"EssenceOfDarkness"},{"floor":28,"key":"ColorlessPotion"}],"is_trial":false,"path_per_floor":["M","M","?","T","?","R","E","M","T","R","?","M","M","?","R","B",null,"M","?","?","M","?","R","E","R","T","M","?","R","M","M","R","B"],"character_chosen":"DEFECT","items_purchased":[],"campfire_rested":3,"item_purchase_floors":[],"current_hp_per_floor":[75,75,68,68,68,68,68,68,68,68,68,65,54,54,54,32,75,55,55,41,41,41,41,7,31,31,31,31,55,18,18,42,0,0],"gold":756,"neow_bonus":"THREE_ENEMY_KILL","is_daily":false,"chose_seed":false,"campfire_upgraded":4,"win_rate":0.0,"timestamp":1614034845,"path_taken":["M","M","?","?","?","R","E","M","T","R","?","M","?","?","R","BOSS","M","?","?","M","?","R","E","R","T","M","?","R","M","?","R","BOSS"],"items_purchased_type":[],"build_version":"2020-12-22","purchased_purges":0,"victory":false,"max_hp_per_floor":[75,75,75,75,75,75,75,75,75,75,75,75,75,75,75,75,75,75,75,80,80,80,80,80,80,80,80,80,80,80,80,80,80,80],"card_choices":[{"not_picked":["Redo","Barrage"],"picked":"Capacitor","floor":1.0},{"not_picked":["Streamline","Go for the Eyes","Rebound"],"picked":"SKIP","floor":2.0},{"not_picked":["Conserve Battery","Sweeping Beam","Barrage"],"picked":"SKIP","floor":7.0},{"not_picked":["FTL","Aggregate","Steam Power"],"picked":"SKIP","floor":8.0},{"not_picked":["Steam","Sweeping Beam"],"picked":"Ball Lightning","floor":12},{"not_picked":["Gash","Hologram","Conserve Battery"],"picked":"SKIP","floor":13},{"not_picked":["Fission","Biased Cognition"],"picked":"Rainbow","floor":16},{"not_picked":["Ball Lightning+1","Leap+1"],"picked":"Glacier","floor":18},{"not_picked":["Scrape","Redo"],"picked":"Skim","floor":21},{"not_picked":["Steam Power","Go for the Eyes"],"picked":"Compile Driver","floor":24},{"not_picked":["Gash","Redo"],"picked":"Consume+1","floor":27},{"not_picked":["Beam Cell","Compile Driver+1","Coolheaded"],"picked":"SKIP","floor":30},{"not_picked":["Beam Cell","Conserve Battery"],"picked":"BootSequence","floor":31}],"player_experience":465012,"relics_obtained":[{"floor":4.0,"key":"MawBank"},{"floor":7.0,"key":"Blue Candle"},{"floor":9.0,"key":"Oddly Smooth Stone"},{"floor":24,"key":"Lantern"}],"event_choices":[{"cards_removed":["Strike_B"],"damage_healed":0.0,"max_hp_gain":0.0,"max_hp_loss":0.0,"gold_gain":0.0,"event_name":"Golden Wing","player_choice":"Card Removal","floor":3.0,"gold_loss":0.0,"damage_taken":7.0},{"cards_removed":["Defend_B"],"damage_healed":0.0,"max_hp_gain":0.0,"max_hp_loss":0.0,"gold_gain":0.0,"event_name":"The Cleric","player_choice":"Card Removal","floor":5.0,"gold_loss":50.0,"damage_taken":0.0},{"damage_healed":0,"gold_gain":0,"player_choice":"Fled","damage_taken":0,"max_hp_gain":0,"max_hp_loss":0,"event_name":"Scrap Ooze","floor":11,"gold_loss":0},{"damage_healed":0,"gold_gain":0,"cards_transformed":["Strike_B"],"player_choice":"Change","damage_taken":0,"max_hp_gain":0,"max_hp_loss":0,"event_name":"Living Wall","floor":14,"gold_loss":0,"cards_obtained":["All For One"]},{"damage_healed":0,"gold_gain":0,"cards_transformed":["Defend_B","Strike_B"],"player_choice":"Became Test Subject","damage_taken":0,"max_hp_gain":0,"max_hp_loss":0,"event_name":"Drug Dealer","floor":19,"gold_loss":0,"cards_obtained":["Beam Cell","Biased Cognition"]},{"damage_healed":0,"gold_gain":0,"player_choice":"Shed Blood","damage_taken":19,"max_hp_gain":5,"max_hp_loss":0,"event_name":"Forgotten Altar","floor":20,"gold_loss":0},{"damage_healed":0,"gold_gain":0,"player_choice":"Ignored","damage_taken":0,"max_hp_gain":0,"max_hp_loss":0,"event_name":"Ghosts","floor":22,"gold_loss":0},{"damage_healed":0,"gold_gain":0,"player_choice":"Bought 2 Potions","damage_taken":0,"max_hp_gain":0,"max_hp_loss":0,"event_name":"The Woman in Blue","floor":28,"gold_loss":0}],"is_beta":false,"boss_relics":[{"not_picked":["Sozu","Snecko Eye"],"picked":"Nuclear Battery"}],"items_purged_floors":[],"is_endless":false,"potions_floor_spawned":[7,12,16,18,27,30],"killed_by":"Collector","ascension_level":3}}