{"host":"9ac506c1ebg8floo","time":1614026230,"event":{"mods":["BaseMod","Colored Powertips","Curses Come First","Minty Spire (QoL Compilation)","Replay The Spire","Shop Mod","StSLib","The Alterego"],"gold_per_floor":[119,137,156,156,171,171,182,182,254,254,97,117,146,46,46,151,151,163,163,175,50,69,69,69],"floor_reached":23,"language":"ENG","playtime":2314,"items_purged":["alterego_mod:Defend","alterego_mod:Strike","alterego_mod:BigMeatyClaws"],"score":193,"play_id":"ffc385a5-9c0c-4d57-a5e8-8e021ff625d8","local_time":"20210222213710","is_ascension_mode":false,"campfire_choices":[{"data":"alterego_mod:Mirror","floor":6,"key":"SMITH"},{"data":"alterego_mod:Rip","floor":8,"key":"SMITH"},{"data":"alterego_mod:BigMeatyClaws","floor":10,"key":"SMITH"},{"floor":15,"key":"REST"}],"circlet_count":0,"master_deck":["alterego_mod:Strike","alterego_mod:Strike","alterego_mod:Defend","alterego_mod:Impale","alterego_mod:BigMeatyClaws+1","alterego_mod:BrynhildrsRune","alterego_mod:DestructionOfProperty","alterego_mod:Rip+1","alterego_mod:Mirror+1","alterego_mod:STier","alterego_mod:SideboobHour","alterego_mod:SuperDuperMasochism+1","alterego_mod:PainIsPleasure+1","alterego_mod:RidiculouslyBig+1","alterego_mod:Stockings","alterego_mod:Birthday","alterego_mod:Rip+1"],"relics":["alterego_mod:MasochisticConstitution","NeowsBlessing","CaptainsWheel","Blue Candle","InkBottle","Astrolabe"],"acts_visited":["Exordium","TheCity"],"potions_floor_usage":[5,13],"damage_taken":[{"damage":10,"enemies":"Jaw Worm","floor":1,"turns":4},{"damage":0,"enemies":"Cultist","floor":2,"turns":1},{"damage":5,"enemies":"Small Slimes","floor":3,"turns":2},{"damage":20,"enemies":"Red Slaver","floor":5,"turns":5},{"damage":4,"enemies":"Looter","floor":7,"turns":4},{"damage":17,"enemies":"Exordium Wildlife","floor":12,"turns":4},{"damage":17,"enemies":"Lagavulin","floor":13,"turns":4},{"damage":22,"enemies":"Slime Boss","floor":16,"turns":8},{"damage":40,"enemies":"2 Thieves","floor":18,"turns":4},{"damage":0,"enemies":"3 Byrds","floor":20,"turns":6},{"damage":20,"enemies":"Cultist and Chosen","floor":22,"turns":7},{"damage":38,"enemies":"Replay:Snechameleon","floor":23,"turns":4}],"seed_played":"-2773533860648425520","potions_obtained":[{"floor":2,"key":"Strength Potion"},{"floor":3,"key":"Fruit Juice"},{"floor":16,"key":"Swift Potion"}],"is_trial":false,"path_per_floor":["M","M","M","?","M","R","M","R","T","R","$","M","E","$","R","B",null,"M","?","M","$","M","E"],"character_chosen":"The_Alterego","items_purchased":["alterego_mod:STier"],"campfire_rested":1,"item_purchase_floors":[11],"current_hp_per_floor":[68,68,71,71,57,57,54,54,54,54,54,38,22,22,46,25,82,43,43,50,50,33,0,0],"gold":69,"neow_bonus":"THREE_ENEMY_KILL","is_daily":false,"chose_seed":false,"campfire_upgraded":3,"win_rate":0.0,"timestamp":1614026230,"path_taken":["M","M","M","?","?","R","M","R","T","R","$","M","E","$","R","BOSS","M","?","M","$","?","E"],"items_purchased_type":["Card"],"build_version":"2020-12-22","purchased_purges":3,"victory":false,"max_hp_per_floor":[71,71,72,72,78,78,79,79,79,79,79,80,81,81,81,82,82,83,83,83,83,84,84,84],"card_choices":[{"not_picked":["alterego_mod:HighServant","alterego_mod:Belle"],"picked":"alterego_mod:DestructionOfProperty","floor":1},{"not_picked":["alterego_mod:PerceptionDisorder","alterego_mod:Jiggle","alterego_mod:Schoolgirl"],"picked":"SKIP","floor":2},{"not_picked":["alterego_mod:Belts","alterego_mod:Skirt"],"picked":"alterego_mod:Rip","floor":3},{"not_picked":["alterego_mod:Schoolgirl","alterego_mod:PerceptionDisorder"],"picked":"alterego_mod:Mirror","floor":5},{"not_picked":["alterego_mod:MagicResistance","alterego_mod:1TonWallop","alterego_mod:Maid"],"picked":"SKIP","floor":7},{"not_picked":["alterego_mod:DiscoLights","alterego_mod:Belts","alterego_mod:DeftHands"],"picked":"SKIP","floor":12},{"not_picked":["alterego_mod:BiFurious","alterego_mod:Punishment","alterego_mod:Exercise"],"picked":"SKIP","floor":13},{"not_picked":["alterego_mod:Antipathy","alterego_mod:BrynhildrRomantia"],"picked":"alterego_mod:SideboobHour","floor":16},{"not_picked":["alterego_mod:HighServant","alterego_mod:Bounce","alterego_mod:Crossover"],"picked":"SKIP","floor":18},{"not_picked":["alterego_mod:Punishment+1","alterego_mod:Bloomers"],"picked":"alterego_mod:Birthday","floor":20},{"not_picked":["alterego_mod:SakuraFive","alterego_mod:DeftHands"],"picked":"alterego_mod:Rip+1","floor":22}],"player_experience":358936,"relics_obtained":[{"floor":4,"key":"CaptainsWheel"},{"floor":9,"key":"Blue Candle"},{"floor":13,"key":"InkBottle"}],"event_choices":[{"damage_healed":0,"gold_gain":0,"player_choice":"Relic","damage_taken":0,"max_hp_gain":0,"max_hp_loss":0,"event_name":"Wheel of Change","floor":4,"gold_loss":0},{"damage_healed":0,"gold_gain":0,"player_choice":"2 cards matched","damage_taken":0,"max_hp_gain":0,"max_hp_loss":0,"event_name":"Match and Keep!","floor":19,"gold_loss":0,"cards_obtained":["alterego_mod:Stockings","alterego_mod:BigMeatyClaws"]}],"is_beta":false,"boss_relics":[{"not_picked":["Runic Dome","Kintsugi"],"picked":"Astrolabe"}],"items_purged_floors":[11,14,21],"is_endless":false,"potions_floor_spawned":[2,3,16],"killed_by":"Replay:Snechameleon","ascension_level":0}}