{"host":"xp5rvh2jwe2ejyfm","time":1614008682,"event":{"mods":["2.2 Compatiblity","Aspiration","Bard","BaseMod","Beaked The Cultist","Better Altar","Better Match","Better Note","Better Sensory Stone","Better Skull","BetterRewards","Colored Powertips","Conspire","Downfall","GifTheSpireLib","Gremlin Mod","GungeonMod","Hermit","Hubris","Jorbs\u0027s Wanderer Trilogy","Mad Scientist","Minty Spire (QoL Compilation)","Potionbrewer","Quick Restart","Replay The Spire","Robot Space Explorer","Shade Mod","Somnambulant","StSLib","The Bug Knight","The Clintock","The Construct","The Cursed","The Disciple","The Forsaken","The Hierophant","The Marked","The Mystic","The Necromancer","The Runesmith","The Servant 0.9.4","The Valiant","The Witch","TheFirefly","TheVacant","thorton"],"gold_per_floor":[110,127,142,142,142,172,172,185,185,185,185,200,230,248,340,340,340],"floor_reached":16,"language":"ENG","playtime":795,"items_purged":[],"score":112,"play_id":"2c60643f-411d-4710-bff7-78380affb9e3","local_time":"20210222104442","is_ascension_mode":false,"campfire_choices":[{"floor":7,"key":"RECALL"},{"floor":10,"key":"REST"}],"circlet_count":0,"master_deck":["theVacant:VacantStarterStrike","theVacant:VacantStarterStrike","theVacant:VacantStarterStrike","theVacant:VacantStarterStrike","theVacant:VacantStarterDefend","theVacant:VacantStarterDefend","theVacant:VacantStarterDefend","theVacant:VacantStarterDefend","theVacant:Release","theVacant:Crunch","theVacant:CleanseSoul","theVacant:CleanseSoul","theVacant:Dig","theVacant:CursedBlast","theVacant:BurdenBreak","theVacant:Recover","theVacant:Carve","theVacant:TheAnvil+1","theVacant:BellToll","theVacant:ShutAway","theVacant:VoidEmbrace","theVacant:Spinshield"],"relics":["theVacant:BrassGoblet","aspiration:FrozenJewel","Golden Egg","theForsaken:Lifeblossom"],"acts_visited":["Exordium"],"potions_floor_usage":[6,13,16],"damage_taken":[{"damage":0,"enemies":"Small Slimes","floor":1,"turns":3},{"damage":0,"enemies":"2 Louse","floor":2,"turns":2},{"damage":0,"enemies":"Jaw Worm","floor":3,"turns":5},{"damage":20,"enemies":"Gremlin Nob","floor":6,"turns":5},{"damage":8,"enemies":"Red Slaver","floor":8,"turns":4},{"damage":10,"enemies":"Large Slime","floor":12,"turns":6},{"damage":19,"enemies":"Lagavulin","floor":13,"turns":5},{"damage":9,"enemies":"Blue Slaver","floor":14,"turns":3},{"damage":75,"enemies":"Hexaghost","floor":16,"turns":14}],"seed_played":"-1805139942625893298","potions_obtained":[{"floor":1,"key":"Weak Potion"},{"floor":6,"key":"SpeedPotion"},{"floor":8,"key":"Reflective Coating"},{"floor":12,"key":"Regen Potion"},{"floor":13,"key":"Fire Potion"}],"is_trial":false,"path_per_floor":["M","M","M","?","?","E","R","M","T","R","?","M","E","M","R","B"],"character_chosen":"THE_VACANT","items_purchased":["aspiration:FrozenJewel","theVacant:CleanseSoul","theVacant:Dig","theVacant:CursedBlast"],"campfire_rested":1,"item_purchase_floors":[0,0,0,0],"current_hp_per_floor":[65,65,65,65,65,51,51,46,46,70,70,66,66,62,62,0,0],"gold":340,"neow_bonus":"","is_daily":false,"chose_seed":false,"campfire_upgraded":0,"win_rate":0.0,"timestamp":1614008682,"path_taken":["M","M","M","?","?","E","R","M","T","R","?","M","E","M","R","BOSS"],"items_purchased_type":["Relic","Card","Card","Card"],"build_version":"2020-12-22","purchased_purges":0,"victory":false,"max_hp_per_floor":[80,80,80,80,80,80,80,80,80,80,80,80,80,80,80,80,80],"card_choices":[{"not_picked":["theVacant:EmbraceDarkness","theVacant:Acceptance"],"picked":"theVacant:BurdenBreak","floor":1},{"not_picked":["theVacant:Jab","theVacant:Cower"],"picked":"theVacant:Recover","floor":2},{"not_picked":["theVacant:GraveDigger","theVacant:OnSecondThought"],"picked":"theVacant:Carve","floor":3},{"not_picked":["theVacant:HolyWater","theVacant:FiendFrost"],"picked":"theVacant:TheAnvil","floor":6},{"not_picked":["theVacant:Barrage","theVacant:SurpriseAttack"],"picked":"theVacant:BellToll","floor":8},{"not_picked":["theVacant:Carve","theVacant:SurpriseAttack"],"picked":"theVacant:ShutAway","floor":12},{"not_picked":["theVacant:Yeet","theVacant:GraveWave"],"picked":"theVacant:VoidEmbrace","floor":13},{"not_picked":["theVacant:Carve","theVacant:CleanseSoul"],"picked":"theVacant:Spinshield","floor":14}],"player_experience":571425,"relics_obtained":[{"floor":6,"key":"Golden Egg"},{"floor":13,"key":"theForsaken:Lifeblossom"}],"event_choices":[{"damage_healed":0,"gold_gain":0,"player_choice":"Disagree","damage_taken":0,"max_hp_gain":0,"max_hp_loss":0,"event_name":"conspire:LoneGhost","floor":4,"gold_loss":0},{"damage_healed":0,"gold_gain":0,"player_choice":"Leave","damage_taken":0,"max_hp_gain":0,"max_hp_loss":0,"event_name":"conspire:Investor","floor":11,"gold_loss":0}],"is_beta":false,"boss_relics":[],"items_purged_floors":[],"is_endless":false,"potions_floor_spawned":[1,6,8,12,13],"killed_by":"Hexaghost","ascension_level":0}}