{"host":"nwjx7hbomubpmo86","time":1614014437,"event":{"mods":["AchievementEnabler","BaseMod","Better Note","Downfall","Hubris","Minty Spire (QoL Compilation)","Replay The Spire","StSLib","The Death Knight","slay the spire mod where everything is the same but ironclad has a cowboy hat"],"gold_per_floor":[111,38,56,56,70,70,104,104,104,129,23,58,11,28,28,127,127,138,138,155,155,166,166,22,22,76,76,96,96,106,120,120,215,215,235,235,246,265,265,265,298,298,298],"floor_reached":42,"language":"ENG","playtime":1515,"items_purged":[],"score":739,"play_id":"7eb028cf-913c-4765-bdd9-5e00ca879b68","local_time":"20210222182037","is_ascension_mode":true,"campfire_choices":[{"data":"Eruption","floor":6.0,"key":"SMITH"},{"floor":15.0,"key":"REST"},{"data":"Ragnarok","floor":23.0,"key":"SMITH"},{"data":"ClearTheMind","floor":27.0,"key":"SMITH"},{"data":"MentalFortress","floor":29.0,"key":"SMITH"},{"floor":40,"key":"REST"}],"circlet_count":0,"master_deck":["Strike_P","Strike_P","Strike_P","Strike_P","Defend_P","Defend_P","Defend_P","Defend_P","Eruption+1","Vigilance","Collect+1","WindmillStrike","Conclude","ClearTheMind","Ragnarok+1","InnerPeace","TalkToTheHand","FlurryOfBlows+1","PathToVictory","FlurryOfBlows","PathToVictory","MasterReality","Worship","Worship","ClearTheMind+1","MentalFortress+1","MentalFortress","JustLucky","Replay:LoomingThreat","Decay","FlurryOfBlows","Mind Blast","Jack Of All Trades","Replay:Bootleg Shield Generator","Weave","ThirdEye","Writhe","Prostrate+1","BattleHymn+1"],"relics":["PureWater","Akabeko","ReplayFunnel","Matryoshka","Orichalcum","Art of War","Runic Pyramid","sneckomod:BabySnecko","hubris:Icosahedron","Anchor","Dream Catcher","Potion Belt","Replay:Ancient Bell","Omamori","TeardropLocket","hubris:BundleOfHerbs","Replay:Wax Seal"],"acts_visited":["Exordium","TheCity","TheBeyond"],"potions_floor_usage":[38,38,41],"damage_taken":[{"damage":2.0,"enemies":"Jaw Worm","floor":1.0,"turns":5.0},{"damage":6.0,"enemies":"Small Slimes","floor":3.0,"turns":5.0},{"damage":0.0,"enemies":"2 Louse","floor":5.0,"turns":1.0},{"damage":20.0,"enemies":"Lagavulin","floor":7.0,"turns":7.0},{"damage":0.0,"enemies":"Gremlin Nob","floor":10.0,"turns":2.0},{"damage":6.0,"enemies":"Replay:BlueRogue","floor":12.0,"turns":3.0},{"damage":0.0,"enemies":"Gremlin Gang","floor":14.0,"turns":4.0},{"damage":15.0,"enemies":"Hexaghost","floor":16.0,"turns":7.0},{"damage":0.0,"enemies":"Spheric Guardian","floor":18.0,"turns":2.0},{"damage":16.0,"enemies":"3 Byrds","floor":20.0,"turns":3.0},{"damage":4.0,"enemies":"Snecko","floor":22.0,"turns":3.0},{"damage":0.0,"enemies":"Cultist and Chosen","floor":28.0,"turns":3.0},{"damage":0.0,"enemies":"Chosen and Byrds","floor":30.0,"turns":3.0},{"damage":14.0,"enemies":"3 Cultists","floor":31.0,"turns":5.0},{"damage":43.0,"enemies":"Pondfish","floor":33.0,"turns":8.0},{"damage":15.0,"enemies":"Orb Walker","floor":35.0,"turns":4.0},{"damage":28.0,"enemies":"3 Darklings","floor":37.0,"turns":3.0},{"damage":14,"enemies":"Maw","floor":38,"turns":4},{"damage":26,"enemies":"Nemesis","floor":41,"turns":4},{"damage":67,"enemies":"Transient","floor":42,"turns":5}],"seed_played":"-5314345968804280325","potions_obtained":[{"floor":1.0,"key":"Fire Potion"},{"floor":5.0,"key":"CultistPotion"},{"floor":12.0,"key":"PowerPotion"},{"floor":14.0,"key":"LiquidBronze"},{"floor":20.0,"key":"AttackPotion"},{"floor":32.0,"key":"Toxic Potion"},{"floor":32.0,"key":"Cursed Concoction"},{"floor":35.0,"key":"Weak Potion"}],"is_trial":false,"path_per_floor":["M","$","M","?","M","R","E","?","T","E","$","E","$","M","R","B",null,"M","?","M","?","M","R","$","?","T","R","M","R","M","M","R","B",null,"M","?","M","M","?","R","E","M"],"character_chosen":"WATCHER","items_purchased":["WindmillStrike","TalkToTheHand","FlurryOfBlows+1","FlurryOfBlows","Anchor"],"campfire_rested":2,"item_purchase_floors":[2,11,11,13,24],"current_hp_per_floor":[77,77,71,71,71,71,51,33,33,33,33,27,27,27,50,35,79,79,79,63,63,59,59,59,59,59,59,59,59,59,65,65,22,79,64,54,26,12,32,55,29,0,0],"gold":298,"neow_bonus":"TEN_PERCENT_HP_BONUS","is_daily":false,"chose_seed":false,"campfire_upgraded":4,"win_rate":0.0,"timestamp":1614014437,"path_taken":["M","$","M","?","M","R","E","?","T","E","?","E","$","?","R","BOSS","M","?","M","?","M","R","?","?","T","R","M","R","?","M","R","BOSS","M","?","M","M","?","R","E","M"],"items_purchased_type":["Card","Card","Card","Card","Relic"],"build_version":"2020-12-22","purchased_purges":0,"victory":false,"max_hp_per_floor":[79,79,79,79,79,79,79,79,79,79,79,79,79,79,79,79,79,79,79,79,79,79,79,79,79,79,79,79,79,79,79,79,79,79,79,79,79,79,79,79,79,79,79],"card_choices":[{"not_picked":["Tantrum","Replay:ManipulateFuture"],"picked":"Collect","floor":1.0},{"not_picked":["Replay:Anticipation","Replay:ManipulateFuture"],"picked":"Conclude","floor":3.0},{"not_picked":["EmptyBody","CrushJoints"],"picked":"ClearTheMind","floor":5.0},{"not_picked":["EmptyFist","Replay:BluntJabs"],"picked":"Ragnarok","floor":7.0},{"not_picked":["EmptyMind","Adaptation"],"picked":"InnerPeace","floor":10.0},{"not_picked":["Worship","BattleHymn"],"picked":"PathToVictory","floor":12.0},{"not_picked":["SandsOfTime","ClearTheMind"],"picked":"PathToVictory","floor":14.0},{"not_picked":["Ragnarok","SpiritShield"],"picked":"MasterReality","floor":16.0},{"not_picked":["Replay:BluntJabs","WaveOfTheHand"],"picked":"Worship","floor":18.0},{"not_picked":["Replay:AtTheReady","WindmillStrike"],"picked":"Worship","floor":20.0},{"not_picked":["ForeignInfluence","ThirdEye"],"picked":"ClearTheMind","floor":22.0},{"not_picked":["CrushJoints+1","Consecrate+1"],"picked":"MentalFortress","floor":28.0},{"not_picked":["Consecrate","Scrawl"],"picked":"MentalFortress","floor":30.0},{"not_picked":["EmptyMind","BowlingBash"],"picked":"JustLucky","floor":31.0},{"not_picked":["Omniscience","DeusExMachina"],"picked":"Replay:LoomingThreat","floor":33.0},{"not_picked":["Regret","Parasite"],"picked":"Normality","floor":34.0},{"not_picked":["ReplayTheSpireMod:Restless Dread","hubris:Compulsion"],"picked":"Replay:Hysterical Blindness","floor":34.0},{"not_picked":["Delirium","hubris:Compulsion"],"picked":"Decay","floor":34.0},{"not_picked":["Replay:Battleflow+1","FollowUp+1"],"picked":"FlurryOfBlows","floor":35.0},{"not_picked":["ReplayTheSpireMod:Private Reserves","Replay:Sssssssssstrike"],"picked":"Mind Blast","floor":36.0},{"not_picked":["Finesse","HandOfGreed"],"picked":"Jack Of All Trades","floor":36.0},{"not_picked":["ReplayTheSpireMod:Trickstab","Crow Ritual"],"picked":"Replay:Bootleg Shield Generator","floor":36.0},{"not_picked":["EmptyBody+1","Vengeance+1"],"picked":"Weave","floor":37.0},{"not_picked":["EmptyBody","Protect"],"picked":"ThirdEye","floor":38},{"not_picked":["ForeignInfluence","ThirdEye"],"picked":"Prostrate+1","floor":40},{"not_picked":["Halt","SandsOfTime+1"],"picked":"BattleHymn+1","floor":41}],"player_experience":575246,"relics_obtained":[{"floor":7.0,"key":"Akabeko"},{"floor":9.0,"key":"Matryoshka"},{"floor":10.0,"key":"Orichalcum"},{"floor":12.0,"key":"Art of War"},{"floor":26.0,"key":"Dream Catcher"},{"floor":26.0,"key":"Potion Belt"},{"floor":41,"key":"Replay:Wax Seal"}],"event_choices":[{"damage_healed":0.0,"max_hp_gain":0.0,"max_hp_loss":0.0,"gold_gain":0.0,"event_name":"Scrap Ooze","player_choice":"Success","floor":8.0,"gold_loss":0.0,"damage_taken":18.0,"relics_obtained":["ReplayFunnel"]},{"cards_removed":["downfall:Bewildered"],"damage_healed":0.0,"max_hp_gain":0.0,"max_hp_loss":0.0,"gold_gain":0.0,"event_name":"Fountain of Cleansing","player_choice":"Removed Curses","floor":25.0,"gold_loss":0.0,"damage_taken":0.0},{"damage_healed":0.0,"max_hp_gain":0.0,"max_hp_loss":0.0,"gold_gain":0.0,"event_name":"SensoryStone","player_choice":"Memory 3","floor":36.0,"gold_loss":0.0,"damage_taken":10.0},{"damage_healed":20,"gold_gain":0,"player_choice":"Writhe","damage_taken":0,"max_hp_gain":0,"max_hp_loss":0,"event_name":"Winding Halls","floor":39,"gold_loss":0,"cards_obtained":["Writhe"]}],"is_beta":false,"boss_relics":[{"not_picked":["Ring of Chaos","Tiny House"],"picked":"Runic Pyramid"},{"not_picked":["Replay:Wanted Poster","Busted Crown"],"picked":"Replay:Ancient Bell"},{"not_picked":["Toy Ornithopter","Simple Rune"],"picked":"Omamori"},{"not_picked":["Toxic Egg 2","Replay:WaspNest"],"picked":"TeardropLocket"},{"not_picked":["Ginger","Pocketwatch"],"picked":"hubris:BundleOfHerbs"}],"items_purged_floors":[],"is_endless":false,"potions_floor_spawned":[1,5,12,14,18,20,35],"killed_by":"Transient","ascension_level":3}}