{"host":"zs3tguvuxkh90jf4","time":1614015768,"event":{"mods":["AchievementEnabler","BaseMod","Better Silent Start","Better-Laid Plans","BetterRewards","Block Reminder","Colored Map","Colored Powertips","Gold Saver","Minty Spire (QoL Compilation)","Shop Mod","StSLib","Transform Curses"],"gold_per_floor":[2694,2694,2694,2712,2712,2732,1886,1900,1927,1968,1968,1986,1986,2009,2009,2009,2009],"floor_reached":16,"language":"ENG","playtime":457,"items_purged":["Strike_B"],"score":204,"play_id":"77e7f13e-41dd-4e4e-a233-1c62599a4dc1","local_time":"20210222094248","is_ascension_mode":true,"campfire_choices":[{"floor":11,"key":"REST"},{"floor":13,"key":"REST"},{"floor":15,"key":"REST"}],"circlet_count":0,"master_deck":["AscendersBane","Strike_B","Strike_B","Strike_B","Defend_B","Defend_B","Defend_B","Defend_B","Zap","Dualcast","Gash","Injury","Hologram","Turbo","Self Repair","Scrape","Hologram","Streamline","Redo","Beam Cell","Gash","Chill"],"relics":["Cracked Core","Shovel","Golden Idol","Kunai","MerchantsRug","MealTicket","Blood Vial"],"acts_visited":["Exordium"],"potions_floor_usage":[7,10,10,16],"damage_taken":[{"damage":7,"enemies":"Jaw Worm","floor":1,"turns":4},{"damage":6,"enemies":"Cultist","floor":4,"turns":3},{"damage":9,"enemies":"2 Louse","floor":6,"turns":2},{"damage":9,"enemies":"Exordium Wildlife","floor":8,"turns":3},{"damage":24,"enemies":"Lagavulin","floor":10,"turns":5},{"damage":23,"enemies":"3 Louse","floor":12,"turns":3},{"damage":0,"enemies":"Blue Slaver","floor":14,"turns":2},{"damage":72,"enemies":"Hexaghost","floor":16,"turns":9}],"seed_played":"23715303961365534","potions_obtained":[{"floor":4,"key":"EssenceOfSteel"},{"floor":6,"key":"Weak Potion"},{"floor":8,"key":"DistilledChaos"},{"floor":12,"key":"Dexterity Potion"}],"is_trial":false,"path_per_floor":["M","?","?","M","?","M","$","M","T","E","R","M","R","M","R","B"],"character_chosen":"DEFECT","items_purchased":["Self Repair","Scrape","Hologram","Kunai","MerchantsRug","Fruit Juice","Streamline"],"campfire_rested":3,"item_purchase_floors":[7,7,7,7,7,7,7],"current_hp_per_floor":[57,57,48,42,42,33,38,36,36,19,39,25,45,47,67,0,0],"gold":2009,"neow_bonus":"ONE_RARE_RELIC","is_daily":false,"chose_seed":false,"campfire_upgraded":0,"win_rate":0.0,"timestamp":1614015768,"path_taken":["M","?","?","?","?","M","$","M","T","E","R","M","R","M","R","BOSS"],"items_purchased_type":["Card","Card","Card","Relic","Relic","Potion","Card"],"build_version":"2020-12-22","purchased_purges":1,"victory":false,"max_hp_per_floor":[64,64,64,64,64,64,69,69,69,69,69,69,69,69,69,69,69],"card_choices":[{"not_picked":["Compile Driver","Lockon"],"picked":"Gash","floor":1},{"not_picked":["Reinforced Body","Turbo"],"picked":"Hologram","floor":4},{"not_picked":["Hologram","Steam Power"],"picked":"Turbo","floor":6},{"not_picked":["Heatsinks","Compile Driver"],"picked":"Redo","floor":8},{"not_picked":["Streamline","Steam"],"picked":"Beam Cell","floor":10},{"not_picked":["Amplify","Hello World"],"picked":"Gash","floor":12},{"not_picked":["Conserve Battery","Blizzard"],"picked":"Chill","floor":14}],"player_experience":616006,"relics_obtained":[{"floor":9,"key":"MealTicket"},{"floor":10,"key":"Blood Vial"}],"event_choices":[{"damage_healed":0,"gold_gain":0,"player_choice":"Take Wound","damage_taken":0,"relics_obtained":["Golden Idol"],"max_hp_gain":0,"max_hp_loss":0,"event_name":"Golden Idol","floor":2,"gold_loss":0,"cards_obtained":["Injury"]},{"damage_healed":0,"gold_gain":0,"player_choice":"Damaged","damage_taken":9,"max_hp_gain":0,"max_hp_loss":0,"event_name":"Wheel of Change","floor":3,"gold_loss":0},{"damage_healed":0,"gold_gain":0,"player_choice":"Ignored","damage_taken":0,"max_hp_gain":0,"max_hp_loss":0,"event_name":"Liars Game","floor":5,"gold_loss":0}],"is_beta":false,"boss_relics":[],"items_purged_floors":[7],"is_endless":false,"potions_floor_spawned":[4,6,8,12],"killed_by":"Hexaghost","ascension_level":20}}