{"host":"og6lam4kt3nibbw0","time":1614010720,"event":{"mods":["AchievementEnabler","BaseMod","Colored Map","DeckTracker","Highlight Path","Keyboard Shortcuts","Minty Spire (QoL Compilation)","Permanent Neow","Quick Restart","StSLib","SuperFastMode"],"gold_per_floor":[112,112,37,56,56,83,133,146,146,172,190,13,13,28,28,28,28],"floor_reached":16,"language":"KOR","playtime":339,"items_purged":["Strike_R"],"score":270,"play_id":"a4762e1e-c78a-4096-b06d-f559d9e7c983","local_time":"20210223011840","is_ascension_mode":true,"campfire_choices":[{"data":"Rage","floor":13.0,"key":"SMITH"},{"data":"Wild Strike","floor":15.0,"key":"SMITH"}],"circlet_count":0,"master_deck":["AscendersBane","Strike_R+1","Strike_R+1","Strike_R","Strike_R","Defend_R","Defend_R","Defend_R","Defend_R","Bash","Spot Weakness+1","Fire Breathing","Pummel","Rage+1","Warcry","Spot Weakness","Warcry","Wild Strike+1"],"relics":["Burning Blood","NeowsBlessing","Matryoshka","Centennial Puzzle","StrikeDummy","Whetstone","Membership Card"],"acts_visited":["Exordium"],"potions_floor_usage":[16],"damage_taken":[{"damage":0.0,"enemies":"Small Slimes","floor":1.0,"turns":1.0},{"damage":0.0,"enemies":"2 Louse","floor":4.0,"turns":1.0},{"damage":0.0,"enemies":"Gremlin Nob","floor":6.0,"turns":1.0},{"damage":17.0,"enemies":"Cultist","floor":8.0,"turns":4.0},{"damage":24.0,"enemies":"Lagavulin","floor":10.0,"turns":7.0},{"damage":3.0,"enemies":"2 Fungi Beasts","floor":11.0,"turns":2.0},{"damage":6.0,"enemies":"Looter","floor":14.0,"turns":2.0},{"damage":43,"enemies":"The Guardian","floor":16,"turns":9}],"seed_played":"2334506904630953529","potions_obtained":[{"floor":4.0,"key":"GamblersBrew"},{"floor":6.0,"key":"Fire Potion"},{"floor":10.0,"key":"FearPotion"}],"is_trial":false,"path_per_floor":["M","?","$","M","?","E","?","M","T","E","M","$","R","M","R","B"],"character_chosen":"IRONCLAD","items_purchased":["Membership Card","Warcry"],"campfire_rested":0,"item_purchase_floors":[12,12],"current_hp_per_floor":[74,74,74,75,80,80,72,61,61,43,46,46,46,46,46,3,3],"gold":28,"neow_bonus":"THREE_ENEMY_KILL","is_daily":false,"chose_seed":false,"campfire_upgraded":2,"win_rate":0.0,"timestamp":1614010720,"path_taken":["M","?","$","M","?","E","?","M","T","E","?","$","R","M","R","BOSS"],"items_purchased_type":["Relic","Card"],"build_version":"2020-12-22","purchased_purges":1,"victory":false,"max_hp_per_floor":[75,75,75,75,80,80,80,80,80,80,80,80,80,80,80,80,80],"card_choices":[{"not_picked":["Clash","Fire Breathing"],"picked":"Spot Weakness","floor":1.0},{"not_picked":["Blood for Blood","Clash"],"picked":"Fire Breathing","floor":4.0},{"not_picked":["Juggernaut","Feel No Pain"],"picked":"Pummel","floor":6.0},{"not_picked":["Combust","Iron Wave"],"picked":"Rage","floor":8.0},{"not_picked":["Iron Wave","Dual Wield"],"picked":"Warcry","floor":10.0},{"not_picked":["Warcry","Armaments"],"picked":"Spot Weakness","floor":11.0},{"not_picked":["Warcry","Flex"],"picked":"Wild Strike","floor":14.0}],"player_experience":990083,"relics_obtained":[{"floor":6.0,"key":"Matryoshka"},{"floor":9.0,"key":"Centennial Puzzle"},{"floor":9.0,"key":"StrikeDummy"},{"floor":10.0,"key":"Whetstone"}],"event_choices":[{"damage_healed":0.0,"max_hp_gain":0.0,"max_hp_loss":0.0,"gold_gain":0.0,"event_name":"Living Wall","player_choice":"Grow","floor":2.0,"gold_loss":0.0,"damage_taken":0.0,"cards_upgraded":["Spot Weakness"]},{"damage_healed":0.0,"max_hp_gain":5.0,"max_hp_loss":0.0,"gold_gain":0.0,"event_name":"Big Fish","player_choice":"Donut","floor":5.0,"gold_loss":0.0,"damage_taken":0.0},{"damage_healed":0.0,"max_hp_gain":0.0,"max_hp_loss":0.0,"gold_gain":50.0,"event_name":"FaceTrader","player_choice":"Touch","floor":7.0,"gold_loss":0.0,"damage_taken":8.0}],"is_beta":false,"boss_relics":[],"items_purged_floors":[3],"is_endless":false,"potions_floor_spawned":[4,6,10],"killed_by":"The Guardian","ascension_level":20}}