{"host":"eksvfr80mef7di1h","time":1614031033,"event":{"mods":["AchievementEnabler","BaseMod","Colored Map","Minty Spire (QoL Compilation)","StSLib","SuperFastMode"],"gold_per_floor":[110,124,140,156,156,156,174,174,174,184,198,220,251,87,87,186,186,204,218,218,317,25,25,56,56,56,76,94,94,105,120,120,219,219,232,232,232,252,267,300,300,327,379,413,513,546,546,563,563,563,563,563,54,86,86],"floor_reached":56,"language":"ENG","playtime":1802,"items_purged":["Strike_G","Doubt"],"score":1434,"play_id":"ec5ac054-5485-461f-821b-02dd9c084188","local_time":"20210222225713","is_ascension_mode":false,"campfire_choices":[{"data":"Cloak And Dagger","floor":6,"key":"SMITH"},{"data":"Cloak And Dagger","floor":8,"key":"SMITH"},{"data":"Blade Dance","floor":15,"key":"SMITH"},{"data":"After Image","floor":23,"key":"SMITH"},{"data":"Cloak And Dagger","floor":25,"key":"SMITH"},{"data":"Blade Dance","floor":29,"key":"SMITH"},{"data":"Blade Dance","floor":32,"key":"SMITH"},{"data":"Finisher","floor":41,"key":"SMITH"},{"floor":47,"key":"RECALL"},{"data":"Blade Dance","floor":49,"key":"SMITH"},{"data":"Trip","floor":52,"key":"SMITH"}],"circlet_count":0,"master_deck":["Strike_G","Strike_G","Strike_G","Defend_G","Defend_G","Defend_G","Defend_G","Defend_G","Survivor","Neutralize","Well Laid Plans","Blade Dance+1","Cloak And Dagger+1","Cloak And Dagger+1","Dagger Throw","Cloak And Dagger+1","Trip+1","After Image+1","Dodge and Roll+1","Blade Dance+1","Necronomicurse","Backflip","Predator+1","Blade Dance+1","Finisher+1","Quick Slash","Blade Dance+1","Parasite","Choke+1","Blade Dance+1","Acrobatics"],"relics":["Ring of the Snake","Pocketwatch","Odd Mushroom","Mummified Hand","Cursed Key","Necronomicon","Kunai","Tough Bandages","Vajra","SlaversCollar","Oddly Smooth Stone","Nunchaku","The Courier","Pear","Lizard Tail","Boot","Bird Faced Urn"],"acts_visited":["Exordium","TheCity","TheBeyond","TheEnding"],"potions_floor_usage":[13,13,16,24,33,40,50,50,55,55,55],"damage_taken":[{"damage":0,"enemies":"Jaw Worm","floor":1,"turns":5},{"damage":0,"enemies":"Cultist","floor":2,"turns":3},{"damage":0,"enemies":"Small Slimes","floor":3,"turns":3},{"damage":0,"enemies":"3 Louse","floor":4,"turns":3},{"damage":0,"enemies":"Large Slime","floor":7,"turns":6},{"damage":0,"enemies":"Blue Slaver","floor":10,"turns":3},{"damage":0,"enemies":"2 Fungi Beasts","floor":11,"turns":3},{"damage":3,"enemies":"The Mushroom Lair","floor":12,"turns":4},{"damage":0,"enemies":"Lagavulin","floor":13,"turns":4},{"damage":38,"enemies":"Slime Boss","floor":16,"turns":13},{"damage":0,"enemies":"3 Byrds","floor":18,"turns":5},{"damage":7,"enemies":"Spheric Guardian","floor":19,"turns":7},{"damage":0,"enemies":"Slavers","floor":24,"turns":5},{"damage":0,"enemies":"3 Cultists","floor":27,"turns":4},{"damage":0,"enemies":"Centurion and Healer","floor":28,"turns":4},{"damage":0,"enemies":"Shelled Parasite and Fungi","floor":30,"turns":3},{"damage":0,"enemies":"3 Cultists","floor":31,"turns":3},{"damage":16,"enemies":"Automaton","floor":33,"turns":8},{"damage":0,"enemies":"Orb Walker","floor":35,"turns":3},{"damage":9,"enemies":"3 Shapes","floor":38,"turns":3},{"damage":0,"enemies":"Transient","floor":39,"turns":5},{"damage":0,"enemies":"Reptomancer","floor":40,"turns":3},{"damage":0,"enemies":"Giant Head","floor":44,"turns":6},{"damage":0,"enemies":"Nemesis","floor":46,"turns":3},{"damage":0,"enemies":"Maw","floor":48,"turns":5},{"damage":6,"enemies":"Donu and Deca","floor":50,"turns":8},{"damage":14,"enemies":"Shield and Spear","floor":54,"turns":5},{"damage":57,"enemies":"The Heart","floor":55,"turns":9}],"seed_played":"-560756585206827864","potions_obtained":[{"floor":1,"key":"Strength Potion"},{"floor":4,"key":"LiquidMemories"},{"floor":7,"key":"BlessingOfTheForge"},{"floor":10,"key":"EssenceOfSteel"},{"floor":16,"key":"Strength Potion"},{"floor":18,"key":"Swift Potion"},{"floor":24,"key":"GamblersBrew"},{"floor":30,"key":"Energy Potion"},{"floor":33,"key":"Weak Potion"},{"floor":38,"key":"CunningPotion"},{"floor":48,"key":"LiquidMemories"}],"is_trial":false,"path_per_floor":["M","M","M","M","?","R","M","R","T","M","M","?","E","$","R","B",null,"M","M","?","?","$","R","E","R","T","M","M","R","M","M","R","B",null,"M","?","?","M","M","E","R","T","T","E","?","E","R","M","R","B",null,"R","$","E","B",null],"character_chosen":"THE_SILENT","items_purchased":["Trip","Kunai","Backflip","Lizard Tail","Boot","FearPotion","Weak Potion"],"campfire_rested":0,"item_purchase_floors":[14,22,22,53,53,53,53],"current_hp_per_floor":[77,77,77,77,77,77,77,77,77,77,77,74,74,74,74,36,77,77,70,54,54,54,54,54,54,54,54,54,54,54,54,54,38,77,77,77,77,68,68,68,68,68,68,68,68,78,78,78,78,72,87,87,87,73,18],"gold":86,"neow_bonus":"TEN_PERCENT_HP_BONUS","is_daily":false,"chose_seed":false,"campfire_upgraded":10,"win_rate":0.0,"timestamp":1614031033,"path_taken":["M","M","M","M","?","R","M","R","T","M","?","?","E","$","R","BOSS","M","M","?","?","$","R","E","R","T","M","M","R","M","M","R","BOSS","M","?","?","M","?","E","R","?","T","E","?","E","R","?","R","BOSS","R","$","E","BOSS"],"items_purchased_type":["Card","Relic","Card","Relic","Relic","Potion","Potion"],"build_version":"2020-12-22","purchased_purges":2,"victory":true,"max_hp_per_floor":[77,77,77,77,77,77,77,77,77,77,77,77,77,77,77,77,77,77,77,77,77,77,77,77,77,77,77,77,77,77,77,77,77,77,77,77,77,77,77,77,77,77,77,77,77,87,87,87,87,87,87,87,87,87,87],"card_choices":[{"not_picked":["Dodge and Roll","Flying Knee"],"picked":"Well Laid Plans","floor":1},{"not_picked":["Underhanded Strike","Outmaneuver"],"picked":"Blade Dance","floor":2},{"not_picked":["Tactician","Choke"],"picked":"Cloak And Dagger","floor":3},{"not_picked":["Dash","Sucker Punch"],"picked":"Cloak And Dagger","floor":4},{"not_picked":["Predator","Poisoned Stab","Bouncing Flask"],"picked":"SKIP","floor":7},{"not_picked":["Underhanded Strike","Outmaneuver","Skewer"],"picked":"SKIP","floor":10},{"not_picked":["Poisoned Stab","Outmaneuver"],"picked":"Dagger Throw","floor":11},{"not_picked":["Grand Finale","Deflect"],"picked":"Cloak And Dagger","floor":12},{"not_picked":["Deflect","Flying Knee","Caltrops"],"picked":"SKIP","floor":13},{"not_picked":["Grand Finale","Doppelganger"],"picked":"After Image","floor":16},{"not_picked":["Endless Agony","Outmaneuver"],"picked":"Dodge and Roll+1","floor":18},{"not_picked":["PiercingWail+1","Acrobatics"],"picked":"Blade Dance","floor":19},{"not_picked":["Grand Finale","Concentrate+1"],"picked":"Predator+1","floor":24},{"not_picked":["Finisher","Dash"],"picked":"Blade Dance","floor":27},{"not_picked":["Eviscerate","Poisoned Stab"],"picked":"Finisher","floor":28},{"not_picked":["Backstab+1","Flying Knee"],"picked":"Quick Slash","floor":30},{"not_picked":["Dodge and Roll","Deflect","Flying Knee"],"picked":"SKIP","floor":31},{"not_picked":["Backflip+1","Finisher+1","Choke+1"],"picked":"SKIP","floor":35},{"not_picked":["Caltrops","Setup+1","Dodge and Roll"],"picked":"SKIP","floor":38},{"not_picked":["Flechettes","Dash","Skewer"],"picked":"SKIP","floor":39},{"not_picked":["Bane","Crippling Poison"],"picked":"Blade Dance+1","floor":40},{"not_picked":["PiercingWail","Deadly Poison+1"],"picked":"Choke+1","floor":44},{"not_picked":["Dodge and Roll+1","Distraction+1","Corpse Explosion"],"picked":"SKIP","floor":46},{"not_picked":["Bouncing Flask+1","Prepared+1"],"picked":"Blade Dance","floor":48},{"not_picked":["PiercingWail","Skewer"],"picked":"Acrobatics","floor":54}],"player_experience":180889,"relics_obtained":[{"floor":9,"key":"Pocketwatch"},{"floor":12,"key":"Odd Mushroom"},{"floor":13,"key":"Mummified Hand"},{"floor":20,"key":"Necronomicon"},{"floor":24,"key":"Tough Bandages"},{"floor":26,"key":"Vajra"},{"floor":40,"key":"Oddly Smooth Stone"},{"floor":42,"key":"Nunchaku"},{"floor":44,"key":"The Courier"},{"floor":46,"key":"Pear"},{"floor":54,"key":"Bird Faced Urn"}],"event_choices":[{"damage_healed":0,"gold_gain":0,"player_choice":"0 cards matched","damage_taken":0,"max_hp_gain":0,"max_hp_loss":0,"event_name":"Match and Keep!","floor":5,"gold_loss":0,"cards_obtained":[]},{"damage_healed":0,"gold_gain":0,"player_choice":"Fought Mushrooms","damage_taken":0,"max_hp_gain":0,"max_hp_loss":0,"event_name":"Mushrooms","floor":12,"gold_loss":0},{"damage_healed":0,"gold_gain":0,"player_choice":"Obtained Book","damage_taken":16,"max_hp_gain":0,"max_hp_loss":0,"event_name":"Cursed Tome","floor":20,"gold_loss":0},{"damage_healed":0,"gold_gain":99,"player_choice":"Stole From Cult","damage_taken":0,"max_hp_gain":0,"max_hp_loss":0,"event_name":"Nest","floor":21,"gold_loss":0},{"cards_removed":["Strike_G"],"damage_healed":0,"gold_gain":0,"player_choice":"Removed Attack","damage_taken":0,"max_hp_gain":0,"max_hp_loss":0,"event_name":"Falling","floor":36,"gold_loss":0},{"cards_removed":["Shame"],"damage_healed":0,"gold_gain":0,"player_choice":"Removed Curses","damage_taken":0,"max_hp_gain":0,"max_hp_loss":0,"event_name":"Fountain of Cleansing","floor":37,"gold_loss":0},{"damage_healed":0,"gold_gain":100,"player_choice":"Pray","damage_taken":0,"max_hp_gain":0,"max_hp_loss":0,"event_name":"Golden Shrine","floor":45,"gold_loss":0}],"is_beta":false,"boss_relics":[{"not_picked":["SacredBark","HoveringKite"],"picked":"Cursed Key"},{"not_picked":["Empty Cage","Velvet Choker"],"picked":"SlaversCollar"}],"items_purged_floors":[14,53],"is_endless":false,"potions_floor_spawned":[1,4,7,10,11,16,18,24,30,31,33,35,38,48,54],"ascension_level":0}}