{"host":"8jwrv7sn1174lfer","time":1614008102,"event":{"mods":["BaseMod","Colored Map","Colored Powertips","Highlight Path","Minty Spire (QoL Compilation)","StSLib"],"gold_per_floor":[113,125,16,16,35,35,66,66,66,86,120,70,70,84,84,188,188,206,226,243,257,27,61,61,79,79,79,79,105,105,137,137,240,240,255,255,267,283,7,38,38,38,92,14,45,122,133,143,143,143],"floor_reached":51,"language":"ENG","playtime":2620,"items_purged":["Defend_P"],"score":1024,"play_id":"0e7a0263-e2ae-46de-9688-af137c5db8af","local_time":"20210222103502","is_ascension_mode":true,"campfire_choices":[{"data":"Eruption","floor":6,"key":"SMITH"},{"data":"Wallop","floor":8,"key":"SMITH"},{"data":"Vigilance","floor":15,"key":"SMITH"},{"floor":24,"key":"REST"},{"floor":32,"key":"REST"},{"floor":42,"key":"REST"},{"floor":49,"key":"REST"}],"circlet_count":0,"master_deck":["Strike_P","Defend_P+1","Defend_P+1","Eruption+1","Vigilance+1","Consecrate+1","ClearTheMind","Wallop+1","Fasting2","Vengeance","FlurryOfBlows","LessonLearned+1","ThirdEye+1","Meditate","Crescendo","FollowUp+1","LikeWater+1","Necronomicurse","WheelKick+1","EmptyFist","SpiritShield","SandsOfTime","Ragnarok+1","CurseOfTheBell","FlyingSleeves+1","Halt+1","CrushJoints+1","Evaluate","LessonLearned","Vengeance","TalkToTheHand+1"],"relics":["PureWater","NeowsBlessing","Darkstone Periapt","Akabeko","Anchor","Fusion Hammer","ClockworkSouvenir","Bottled Tornado","Shuriken","Necronomicon","Pear","Meat on the Bone","Calling Bell","Juzu Bracelet","Gremlin Horn","Bird Faced Urn","Bottled Flame","Ornamental Fan","Regal Pillow","TeardropLocket","StrikeDummy"],"acts_visited":["Exordium","TheCity","TheBeyond"],"potions_floor_usage":[4,16,19,29,33,33,38,40],"damage_taken":[{"damage":0,"enemies":"Cultist","floor":1,"turns":1},{"damage":0,"enemies":"2 Louse","floor":2,"turns":1},{"damage":0,"enemies":"Small Slimes","floor":5,"turns":1},{"damage":24,"enemies":"Gremlin Nob","floor":7,"turns":4},{"damage":0,"enemies":"2 Fungi Beasts","floor":10,"turns":3},{"damage":5,"enemies":"3 Sentries","floor":11,"turns":6},{"damage":0,"enemies":"Looter","floor":14,"turns":2},{"damage":0,"enemies":"Slime Boss","floor":16,"turns":4},{"damage":0,"enemies":"Spheric Guardian","floor":18,"turns":2},{"damage":0,"enemies":"2 Thieves","floor":19,"turns":2},{"damage":16,"enemies":"Chosen and Byrds","floor":20,"turns":5},{"damage":18,"enemies":"Snecko","floor":21,"turns":3},{"damage":9,"enemies":"Slavers","floor":23,"turns":4},{"damage":12,"enemies":"Shelled Parasite and Fungi","floor":25,"turns":3},{"damage":0,"enemies":"Book of Stabbing","floor":29,"turns":3},{"damage":15,"enemies":"Slavers","floor":31,"turns":4},{"damage":15,"enemies":"Automaton","floor":33,"turns":5},{"damage":0,"enemies":"Orb Walker","floor":35,"turns":2},{"damage":13,"enemies":"3 Shapes","floor":37,"turns":2},{"damage":4,"enemies":"3 Darklings","floor":38,"turns":3},{"damage":13,"enemies":"Giant Head","floor":40,"turns":4},{"damage":33,"enemies":"Nemesis","floor":45,"turns":3},{"damage":11,"enemies":"Writhing Mass","floor":47,"turns":3},{"damage":0,"enemies":"Jaw Worm Horde","floor":48,"turns":1},{"damage":7,"enemies":"Awakened One","floor":50,"turns":5}],"seed_played":"7554821100813658961","potions_obtained":[{"floor":1,"key":"Swift Potion"},{"floor":4,"key":"Fruit Juice"},{"floor":4,"key":"Explosive Potion"},{"floor":4,"key":"Regen Potion"},{"floor":11,"key":"AttackPotion"},{"floor":23,"key":"AttackPotion"},{"floor":25,"key":"Explosive Potion"},{"floor":33,"key":"Swift Potion"},{"floor":38,"key":"AttackPotion"},{"floor":45,"key":"StancePotion"},{"floor":47,"key":"SneckoOil"},{"floor":48,"key":"Ancient Potion"}],"is_trial":false,"path_per_floor":["M","M","$","?","M","R","E","R","T","M","E","?","?","M","R","B",null,"M","M","M","M","$","E","R","M","T","?","?","E","?","E","R","B",null,"M","?","M","M","$","E","?","R","T","$","E","T","M","M","R","B",null],"character_chosen":"WATCHER","items_purchased":["Wallop","ClockworkSouvenir","LikeWater","Bottled Flame","Evaluate","Vengeance"],"campfire_rested":4,"item_purchase_floors":[3,22,22,39,39,44],"current_hp_per_floor":[72,72,72,77,77,77,53,53,53,53,48,48,41,41,41,41,77,77,77,61,43,43,34,57,45,45,31,21,31,31,16,45,54,104,104,104,91,91,91,82,82,99,99,99,66,66,57,59,99,94],"gold":143,"neow_bonus":"THREE_ENEMY_KILL","is_daily":false,"chose_seed":false,"campfire_upgraded":3,"win_rate":0.0,"timestamp":1614008102,"path_taken":["M","M","$","?","?","R","E","R","T","M","E","?","?","M","R","BOSS","M","M","M","M","$","E","R","M","T","?","?","E","?","E","R","BOSS","M","?","M","M","$","E","?","R","T","?","E","?","M","M","R","BOSS"],"items_purchased_type":["Card","Relic","Card","Relic","Card","Card"],"build_version":"2020-12-22","purchased_purges":1,"victory":true,"max_hp_per_floor":[72,72,72,77,77,77,77,77,77,77,77,77,77,77,77,77,77,77,77,77,77,77,77,77,77,77,82,88,98,98,98,98,98,104,104,104,104,104,104,104,99,99,99,99,99,99,99,99,99,99],"card_choices":[{"not_picked":["InnerPeace","Sanctity"],"picked":"Consecrate","floor":1},{"not_picked":["PathToVictory","BowlingBash"],"picked":"ClearTheMind","floor":2},{"not_picked":["JustLucky","Consecrate"],"picked":"Fasting2","floor":5},{"not_picked":["Consecrate","Pray","WindmillStrike"],"picked":"SKIP","floor":7},{"not_picked":["WaveOfTheHand","Wireheading","EmptyFist"],"picked":"SKIP","floor":10},{"not_picked":["SashWhip","Nirvana"],"picked":"Vengeance","floor":11},{"not_picked":["InnerPeace","Evaluate"],"picked":"FlurryOfBlows","floor":14},{"not_picked":["ConjureBlade","Judgement"],"picked":"LessonLearned","floor":16},{"not_picked":["WheelKick","PathToVictory+1"],"picked":"ThirdEye","floor":18},{"not_picked":["SashWhip+1","JustLucky"],"picked":"Meditate","floor":19},{"not_picked":["Study","ThirdEye+1"],"picked":"Crescendo","floor":20},{"not_picked":["Swivel","EmptyFist"],"picked":"FollowUp+1","floor":21},{"not_picked":["CutThroughFate","Conclude"],"picked":"MentalFortress","floor":23},{"not_picked":["Fasting2","Prostrate","JustLucky"],"picked":"SKIP","floor":25},{"not_picked":["Perseverance","FollowUp"],"picked":"WheelKick+1","floor":29},{"not_picked":["Consecrate","ClearTheMind"],"picked":"SandsOfTime","floor":31},{"not_picked":["Omniscience","Establishment"],"picked":"Ragnarok","floor":33},{"not_picked":["Halt+1","FollowUp+1"],"picked":"FlyingSleeves+1","floor":35},{"not_picked":["InnerPeace+1","FollowUp+1"],"picked":"Halt+1","floor":37},{"not_picked":["Tantrum","Crescendo"],"picked":"CrushJoints+1","floor":38},{"not_picked":["EmptyBody+1","SpiritShield"],"picked":"LessonLearned","floor":40},{"not_picked":["CutThroughFate+1","EmptyBody"],"picked":"TalkToTheHand+1","floor":45},{"not_picked":["ThirdEye+1","BowlingBash+1","Prostrate"],"picked":"SKIP","floor":47},{"not_picked":["EmptyFist","EmptyBody+1","Sanctity"],"picked":"SKIP","floor":48}],"player_experience":664004,"relics_obtained":[{"floor":7,"key":"Darkstone Periapt"},{"floor":9,"key":"Akabeko"},{"floor":11,"key":"Anchor"},{"floor":23,"key":"Bottled Tornado"},{"floor":26,"key":"Shuriken"},{"floor":28,"key":"Necronomicon"},{"floor":29,"key":"Pear"},{"floor":31,"key":"Meat on the Bone"},{"floor":34,"key":"Juzu Bracelet"},{"floor":34,"key":"Gremlin Horn"},{"floor":34,"key":"Bird Faced Urn"},{"floor":40,"key":"Ornamental Fan"},{"floor":43,"key":"Regal Pillow"},{"floor":45,"key":"TeardropLocket"},{"floor":46,"key":"StrikeDummy"}],"event_choices":[{"damage_healed":0,"gold_gain":0,"player_choice":"Got Potions","damage_taken":0,"max_hp_gain":0,"max_hp_loss":0,"event_name":"Lab","floor":4,"gold_loss":0},{"cards_removed":["Strike_P"],"damage_healed":0,"gold_gain":0,"player_choice":"Card Removal","damage_taken":0,"max_hp_gain":0,"max_hp_loss":0,"event_name":"The Cleric","floor":12,"gold_loss":50},{"cards_removed":["Defend_P"],"damage_healed":0,"gold_gain":0,"player_choice":"Card Removal","damage_taken":7,"max_hp_gain":0,"max_hp_loss":0,"event_name":"Golden Wing","floor":13,"gold_loss":0},{"damage_healed":0,"gold_gain":0,"player_choice":"Shed Blood","damage_taken":19,"max_hp_gain":5,"max_hp_loss":0,"event_name":"Forgotten Altar","floor":27,"gold_loss":0},{"damage_healed":0,"gold_gain":0,"player_choice":"Obtained Book","damage_taken":16,"max_hp_gain":0,"max_hp_loss":0,"event_name":"Cursed Tome","floor":28,"gold_loss":0},{"damage_healed":0,"gold_gain":0,"cards_transformed":["Strike_P","Strike_P"],"player_choice":"Became Test Subject","damage_taken":0,"max_hp_gain":0,"max_hp_loss":0,"event_name":"Drug Dealer","floor":30,"gold_loss":0,"cards_obtained":["EmptyFist","SpiritShield"]},{"cards_removed":["MentalFortress"],"damage_healed":0,"gold_gain":0,"player_choice":"Removed Power","damage_taken":0,"max_hp_gain":0,"max_hp_loss":0,"event_name":"Falling","floor":36,"gold_loss":0},{"damage_healed":0,"gold_gain":0,"player_choice":"Max HP","damage_taken":0,"max_hp_gain":0,"max_hp_loss":5,"event_name":"Winding Halls","floor":41,"gold_loss":0}],"is_beta":false,"boss_relics":[{"not_picked":["Cursed Key","SlaversCollar"],"picked":"Fusion Hammer"},{"not_picked":["Coffee Dripper","Snecko Eye"],"picked":"Calling Bell"}],"items_purged_floors":[3],"is_endless":false,"potions_floor_spawned":[1,5,11,23,25,29,33,38,45,47,48],"ascension_level":3}}