{"host":"7ze8gmfmabut6z3w","time":1614000002,"event":{"mods":["AchievementEnabler","BaseMod","Colored Map","DeckTracker","Minty Spire (QoL Compilation)","SuperFastMode"],"gold_per_floor":[112,187,187,199,214,243,243,115,139,139,203,25,45,45,45,144,144,163,163,181,45,45,45,45,57,80,80,2,2,2,20,20,116,116,128,128,178,194,194,194,194,20,20,120,120,136,136,154,154,154,154,154,6,32,32,32],"floor_reached":55,"language":"KOR","playtime":2561,"items_purged":["Strike_G","Strike_G","J.A.X."],"score":661,"play_id":"e262026c-47f0-4088-91c0-b48e8561a67c","local_time":"20210222222002","is_ascension_mode":false,"campfire_choices":[{"floor":7.0,"key":"REST"},{"data":"Neutralize","floor":10.0,"key":"SMITH"},{"floor":15.0,"key":"REST"},{"data":"Footwork","floor":23.0,"key":"SMITH"},{"data":"Footwork","floor":27.0,"key":"SMITH"},{"data":"Catalyst","floor":29.0,"key":"SMITH"},{"data":"Dodge and Roll","floor":32.0,"key":"SMITH"},{"data":"Madness","floor":40.0,"key":"SMITH"},{"floor":45.0,"key":"REST"},{"floor":47.0,"key":"REST"},{"floor":49,"key":"RECALL"},{"data":"PiercingWail","floor":52,"key":"SMITH"}],"circlet_count":0,"master_deck":["Strike_G","Strike_G","Strike_G","Defend_G","Defend_G","Defend_G","Defend_G","Defend_G","Survivor","Neutralize+1","Noxious Fumes+1","Bouncing Flask","Deflect","Footwork+1","Poisoned Stab","Cloak And Dagger","Footwork+1","PiercingWail+1","Blur","Corpse Explosion","Backflip","Prepared+1","Catalyst+1","Dodge and Roll+1","Burst","Madness+1","Madness","PiercingWail+1"],"relics":["Ring of the Serpent","NeowsBlessing","Dream Catcher","Bronze Scales","StrikeDummy","Strawberry","Oddly Smooth Stone","SacredBark","Gambling Chip","Nunchaku","Unceasing Top"],"acts_visited":["Exordium","TheCity","TheBeyond","TheEnding"],"potions_floor_usage":[50,50,50],"damage_taken":[{"damage":0.0,"enemies":"2 Louse","floor":1.0,"turns":1.0},{"damage":0.0,"enemies":"Small Slimes","floor":4.0,"turns":1.0},{"damage":0.0,"enemies":"Cultist","floor":5.0,"turns":1.0},{"damage":24.0,"enemies":"Gremlin Nob","floor":6.0,"turns":4.0},{"damage":17.0,"enemies":"3 Sentries","floor":11.0,"turns":7.0},{"damage":16.0,"enemies":"Lots of Slimes","floor":13.0,"turns":3.0},{"damage":1.0,"enemies":"Hexaghost","floor":16.0,"turns":8.0},{"damage":1.0,"enemies":"Shell Parasite","floor":18.0,"turns":5.0},{"damage":8.0,"enemies":"3 Byrds","floor":20.0,"turns":4.0},{"damage":3.0,"enemies":"Snake Plant","floor":25.0,"turns":5.0},{"damage":8.0,"enemies":"Shelled Parasite and Fungi","floor":31.0,"turns":6.0},{"damage":12.0,"enemies":"Collector","floor":33.0,"turns":12.0},{"damage":5.0,"enemies":"3 Shapes","floor":35.0,"turns":5.0},{"damage":0.0,"enemies":"3 Darklings","floor":36.0,"turns":1.0},{"damage":0.0,"enemies":"Mind Bloom Boss Battle","floor":37.0,"turns":8.0},{"damage":15.0,"enemies":"Jaw Worm Horde","floor":38.0,"turns":6.0},{"damage":25.0,"enemies":"Transient","floor":46.0,"turns":5.0},{"damage":13.0,"enemies":"4 Shapes","floor":48.0,"turns":4.0},{"damage":30,"enemies":"Donu and Deca","floor":50,"turns":5},{"damage":66,"enemies":"Shield and Spear","floor":54,"turns":10},{"damage":39,"enemies":"The Heart","floor":55,"turns":2}],"seed_played":"8746827603382624191","potions_obtained":[{"floor":4.0,"key":"LiquidMemories"},{"floor":5.0,"key":"Weak Potion"},{"floor":11.0,"key":"EssenceOfSteel"},{"floor":13.0,"key":"Block Potion"},{"floor":20.0,"key":"SmokeBomb"},{"floor":48.0,"key":"GamblersBrew"}],"is_trial":false,"path_per_floor":["M","?","?","M","M","E","R","$","T","R","?","$","M","?","R","B",null,"M","?","M","$","?","R","T","M","T","R","$","R","$","M","R","B",null,"M","M","?","M","?","R","?","$","T","?","R","M","R","M","R","B",null,"R","$","E","B"],"character_chosen":"THE_SILENT","items_purchased":["Poisoned Stab","Strawberry","Footwork","Catalyst","DuplicationPotion","Poison Potion","SmokeBomb","Energy Potion"],"campfire_rested":4,"item_purchase_floors":[8,12,12,21,28,42,53,53],"current_hp_per_floor":[70,59,59,59,59,35,56,56,56,56,39,46,30,30,53,52,77,76,76,68,68,68,68,68,65,65,65,65,65,65,57,57,45,77,72,72,72,57,47,47,47,47,47,47,70,45,68,55,55,25,77,77,77,11,0,0],"gold":32,"neow_bonus":"THREE_ENEMY_KILL","is_daily":false,"chose_seed":false,"campfire_upgraded":7,"win_rate":0.0,"timestamp":1614000002,"path_taken":["M","?","?","M","?","E","R","?","T","R","?","$","M","?","R","BOSS","M","?","M","$","?","R","?","?","T","R","$","R","?","M","R","BOSS","M","M","?","M","?","R","?","$","T","?","R","?","R","M","R","BOSS","R","$","E","BOSS"],"items_purchased_type":["Card","Relic","Card","Card","Potion","Potion","Potion","Potion"],"build_version":"2020-12-22","purchased_purges":3,"victory":false,"max_hp_per_floor":[70,70,70,70,70,70,70,70,70,70,70,77,77,77,77,77,77,77,77,77,77,77,77,77,77,77,77,77,77,77,77,77,77,77,77,77,77,77,77,77,77,77,77,77,77,77,77,77,77,77,77,77,77,77,77,77],"card_choices":[{"not_picked":["Dodge and Roll","Outmaneuver"],"picked":"Noxious Fumes","floor":1.0},{"not_picked":["Sucker Punch","Acrobatics"],"picked":"Bouncing Flask","floor":4.0},{"not_picked":["Quick Slash","Acrobatics"],"picked":"Deflect","floor":5.0},{"not_picked":["Backflip","Reflex"],"picked":"Footwork","floor":6.0},{"not_picked":["Blade Dance","Underhanded Strike"],"picked":"Cloak And Dagger","floor":11.0},{"not_picked":["Acrobatics","Finisher"],"picked":"PiercingWail","floor":13.0},{"not_picked":["Reflex","Slice"],"picked":"Blur","floor":15.0},{"not_picked":["Storm of Steel","Wraith Form v2"],"picked":"Corpse Explosion","floor":16.0},{"not_picked":["Endless Agony","Prepared"],"picked":"Backflip","floor":18.0},{"not_picked":["Finisher","Reflex"],"picked":"Prepared+1","floor":20.0},{"not_picked":["Poisoned Stab","Caltrops","Bane"],"picked":"SKIP","floor":25.0},{"not_picked":["Backstab","PiercingWail","Well Laid Plans"],"picked":"SKIP","floor":31.0},{"not_picked":["Tools of the Trade","Venomology"],"picked":"Burst","floor":33.0},{"not_picked":["Prepared","Dagger Throw","Slice+1"],"picked":"SKIP","floor":35.0},{"not_picked":["Poisoned Stab","Sucker Punch+1","Dodge and Roll+1"],"picked":"SKIP","floor":38.0},{"not_picked":["Slice","Well Laid Plans","Poisoned Stab+1"],"picked":"SKIP","floor":46.0},{"not_picked":["Flying Knee+1","Acrobatics"],"picked":"PiercingWail+1","floor":47.0},{"not_picked":["Prepared+1","Deflect","Footwork+1"],"picked":"SKIP","floor":48.0},{"not_picked":["All Out Attack","Prepared","Distraction+1"],"picked":"SKIP","floor":54}],"player_experience":216938,"relics_obtained":[{"floor":6.0,"key":"Dream Catcher"},{"floor":9.0,"key":"Bronze Scales"},{"floor":11.0,"key":"StrikeDummy"},{"floor":26.0,"key":"Oddly Smooth Stone"},{"floor":37.0,"key":"Gambling Chip"},{"floor":43.0,"key":"Nunchaku"},{"floor":54,"key":"Unceasing Top"}],"event_choices":[{"damage_healed":0.0,"max_hp_gain":0.0,"max_hp_loss":0.0,"gold_gain":75.0,"event_name":"World of Goop","player_choice":"Gather Gold","floor":2.0,"gold_loss":0.0,"damage_taken":11.0},{"damage_healed":0.0,"max_hp_gain":0.0,"max_hp_loss":0.0,"gold_gain":0.0,"event_name":"Accursed Blacksmith","player_choice":"Forge","floor":3.0,"gold_loss":0.0,"damage_taken":0.0,"cards_upgraded":["Noxious Fumes"]},{"damage_healed":0.0,"max_hp_gain":0.0,"max_hp_loss":0.0,"gold_gain":0.0,"event_name":"Dead Adventurer","player_choice":"Searched \u00271\u0027 times","floor":11.0,"gold_loss":0.0,"damage_taken":0.0},{"damage_healed":0.0,"max_hp_gain":0.0,"max_hp_loss":0.0,"gold_gain":0.0,"event_name":"Liars Game","player_choice":"Ignored","floor":14.0,"gold_loss":0.0,"damage_taken":0.0},{"damage_healed":0.0,"max_hp_gain":0.0,"max_hp_loss":0.0,"gold_gain":0.0,"event_name":"Drug Dealer","player_choice":"Obtain J.A.X.","floor":19.0,"gold_loss":0.0,"damage_taken":0.0,"cards_obtained":["J.A.X."]},{"damage_healed":0.0,"max_hp_gain":0.0,"max_hp_loss":0.0,"gold_gain":0.0,"event_name":"The Library","player_choice":"Read","floor":22.0,"gold_loss":0.0,"damage_taken":0.0,"cards_obtained":["Dodge and Roll"]},{"damage_healed":0.0,"max_hp_gain":0.0,"max_hp_loss":0.0,"gold_gain":0.0,"event_name":"MindBloom","player_choice":"Fight","floor":37.0,"gold_loss":0.0,"damage_taken":0.0},{"damage_healed":0.0,"max_hp_gain":0.0,"max_hp_loss":0.0,"gold_gain":0.0,"event_name":"Winding Halls","player_choice":"Embrace Madness","floor":39.0,"gold_loss":0.0,"damage_taken":10.0,"cards_obtained":["Madness","Madness"]},{"damage_healed":0.0,"max_hp_gain":0.0,"max_hp_loss":0.0,"gold_gain":0.0,"event_name":"SensoryStone","player_choice":"Memory 1","floor":41.0,"gold_loss":0.0,"damage_taken":0.0},{"damage_healed":0.0,"max_hp_gain":0.0,"max_hp_loss":0.0,"gold_gain":100.0,"event_name":"Golden Shrine","player_choice":"Pray","floor":44.0,"gold_loss":0.0,"damage_taken":0.0}],"is_beta":false,"boss_relics":[{"not_picked":["Runic Dome","Empty Cage"],"picked":"Ring of the Serpent"},{"not_picked":["Philosopher\u0027s Stone","Velvet Choker"],"picked":"SacredBark"}],"items_purged_floors":[8,21,42],"is_endless":false,"potions_floor_spawned":[4,5,11,13,16,20,36,48],"killed_by":"The Heart","ascension_level":0}}