{"host":"w14xfy17z3c5mpoi","time":1614004140,"event":{"mods":["AchievementEnabler","BaseMod","Minty Spire (QoL Compilation)","Relic Stats"],"gold_per_floor":[119,119,21,39,55,91,117,150,150,171,206,11,39,58,58,140,140,169,193,209,134,134,134,177,177,177,177,177,199,199,228,228,228,228],"floor_reached":33,"language":"ENG","playtime":1926,"items_purged":["Strike_G","Strike_G"],"score":559,"play_id":"de13ff06-dfd1-45d6-abc9-8247bfb38557","local_time":"20210222092900","is_ascension_mode":true,"campfire_choices":[{"floor":15.0,"key":"REST"},{"data":"Phantasmal Killer","floor":23,"key":"SMITH"},{"data":"Venomology","floor":25,"key":"SMITH"},{"floor":28,"key":"REST"},{"floor":30,"key":"REST"},{"floor":32,"key":"REST"}],"circlet_count":0,"master_deck":["AscendersBane","Strike_G","Strike_G","Defend_G","Defend_G","Defend_G","Defend_G","Defend_G","Survivor","Neutralize","Venomology+1","Sucker Punch","Corpse Explosion","Dagger Spray","Poisoned Stab","Catalyst","Deadly Poison","Dash","Flying Knee","Footwork","Leg Sweep","Endless Agony","Backflip","Phantasmal Killer+1","Slice","Cloak And Dagger","PiercingWail","Distraction+1","Well Laid Plans"],"relics":["Ring of the Snake","CeramicFish","FossilizedHelix","Shuriken","Strawberry","Toxic Egg 2","Nloth\u0027s Gift"],"acts_visited":["Exordium","TheCity"],"potions_floor_usage":[18,19,19,29,29,29,33],"damage_taken":[{"damage":0.0,"enemies":"2 Louse","floor":1.0,"turns":1.0},{"damage":2.0,"enemies":"Cultist","floor":4.0,"turns":4.0},{"damage":0.0,"enemies":"Small Slimes","floor":5.0,"turns":3.0},{"damage":22.0,"enemies":"3 Sentries","floor":6.0,"turns":6.0},{"damage":0.0,"enemies":"2 Fungi Beasts","floor":7.0,"turns":3.0},{"damage":16.0,"enemies":"Lagavulin","floor":8.0,"turns":6.0},{"damage":0.0,"enemies":"Exordium Thugs","floor":10.0,"turns":3.0},{"damage":10.0,"enemies":"Gremlin Nob","floor":11.0,"turns":4.0},{"damage":0.0,"enemies":"Blue Slaver","floor":13.0,"turns":2.0},{"damage":10.0,"enemies":"Gremlin Gang","floor":14.0,"turns":2.0},{"damage":0.0,"enemies":"Hexaghost","floor":16.0,"turns":12.0},{"damage":19,"enemies":"Chosen","floor":18,"turns":6},{"damage":19,"enemies":"2 Thieves","floor":19,"turns":4},{"damage":24,"enemies":"Cultist and Chosen","floor":20,"turns":7},{"damage":34,"enemies":"Slavers","floor":24,"turns":3},{"damage":29,"enemies":"Sentry and Sphere","floor":29,"turns":5},{"damage":12,"enemies":"Centurion and Healer","floor":31,"turns":4},{"damage":43,"enemies":"Collector","floor":33,"turns":8}],"seed_played":"-5247229362254920285","potions_obtained":[{"floor":6.0,"key":"Dexterity Potion"},{"floor":11.0,"key":"AttackPotion"},{"floor":14.0,"key":"Block Potion"},{"floor":16.0,"key":"DuplicationPotion"},{"floor":18,"key":"Regen Potion"},{"floor":24,"key":"EssenceOfSteel"},{"floor":31,"key":"Fire Potion"}],"is_trial":false,"path_per_floor":["M","?","$","M","M","E","M","E","T","M","E","$","M","M","R","B",null,"M","M","M","?","?","R","E","R","T","?","R","M","R","M","R","B"],"character_chosen":"THE_SILENT","items_purchased":["Dagger Spray","Footwork","Leg Sweep"],"campfire_rested":4,"item_purchase_floors":[3,12,12],"current_hp_per_floor":[63,63,63,61,61,39,39,23,23,23,13,13,13,3,21,21,53,34,27,3,3,24,24,16,16,16,16,37,8,29,17,38,0,0],"gold":228,"neow_bonus":"THREE_RARE_CARDS","is_daily":false,"chose_seed":false,"campfire_upgraded":2,"win_rate":0.0,"timestamp":1614004140,"path_taken":["M","?","?","M","M","E","M","E","T","M","E","$","M","M","R","BOSS","M","M","M","?","?","R","E","R","T","?","R","M","R","M","R","BOSS"],"items_purchased_type":["Card","Card","Card"],"build_version":"2020-12-22","purchased_purges":2,"victory":false,"max_hp_per_floor":[63,63,63,63,63,63,63,63,63,63,63,63,63,63,63,63,63,63,63,63,63,63,63,70,70,70,70,70,70,70,70,70,70,70],"relic_stats":{"counters":[18,83],"Shuriken":[18],"CeramicFish":126,"Nloth\u0027s Gift":0,"obtain_stats":[{"Shuriken":9,"Mummified Hand":11,"CeramicFish":6,"Strawberry":24,"Nloth\u0027s Gift":27,"Toxic Egg 2":26,"FossilizedHelix":8,"Ring of the Snake":0},{"Shuriken":6,"Mummified Hand":8,"CeramicFish":4,"Strawberry":15,"Nloth\u0027s Gift":15,"Toxic Egg 2":15,"FossilizedHelix":6,"Ring of the Snake":0},{"Shuriken":23,"Mummified Hand":30,"CeramicFish":14,"Strawberry":66,"Nloth\u0027s Gift":66,"Toxic Egg 2":66,"FossilizedHelix":23,"Ring of the Snake":0}],"Ring of the Snake":[37]},"card_choices":[{"not_picked":["Tools of the Trade","Bullet Time"],"picked":"Venomology","floor":0.0},{"not_picked":["Bouncing Flask","Backflip"],"picked":"Sucker Punch","floor":1.0},{"not_picked":["Bouncing Flask","Dagger Spray"],"picked":"Poisoned Stab","floor":4.0},{"not_picked":["Expertise","Masterful Stab","Outmaneuver"],"picked":"SKIP","floor":5.0},{"not_picked":["Phantasmal Killer","Dagger Spray"],"picked":"Catalyst","floor":6.0},{"not_picked":["Blade Dance","Calculated Gamble"],"picked":"Deadly Poison","floor":7.0},{"not_picked":["Cloak And Dagger","Blur","Caltrops"],"picked":"SKIP","floor":8.0},{"not_picked":["Flying Knee","Heel Hook"],"picked":"Dash","floor":10.0},{"not_picked":["Bullet Time","Grand Finale"],"picked":"Flying Knee","floor":11.0},{"not_picked":["Crippling Poison","Dodge and Roll"],"picked":"Endless Agony","floor":13.0},{"not_picked":["Acrobatics","Deadly Poison"],"picked":"Backflip","floor":14.0},{"not_picked":["Die Die Die","Envenom"],"picked":"Phantasmal Killer","floor":16.0},{"not_picked":["Backflip","Quick Slash+1"],"picked":"Slice","floor":18},{"not_picked":["Caltrops","Masterful Stab"],"picked":"Cloak And Dagger","floor":19},{"not_picked":["Dagger Spray","Expertise","Underhanded Strike"],"picked":"SKIP","floor":20},{"not_picked":["Calculated Gamble","Dodge and Roll"],"picked":"PiercingWail","floor":24},{"not_picked":["Poisoned Stab","Dagger Spray"],"picked":"Distraction+1","floor":29},{"not_picked":["Deadly Poison+1","Dagger Spray"],"picked":"Well Laid Plans","floor":31}],"player_experience":766091,"relics_obtained":[{"floor":6.0,"key":"CeramicFish"},{"floor":8.0,"key":"FossilizedHelix"},{"floor":9.0,"key":"Shuriken"},{"floor":11.0,"key":"Mummified Hand"},{"floor":24,"key":"Strawberry"},{"floor":26,"key":"Toxic Egg 2"}],"event_choices":[{"damage_healed":0.0,"max_hp_gain":0.0,"max_hp_loss":0.0,"gold_gain":0.0,"event_name":"Match and Keep!","player_choice":"1 cards matched","floor":2.0,"gold_loss":0.0,"damage_taken":0.0,"cards_obtained":["Corpse Explosion"]},{"cards_removed":["Strike_G"],"damage_healed":0,"gold_gain":0,"player_choice":"Gave Gold","damage_taken":0,"max_hp_gain":0,"max_hp_loss":0,"event_name":"Beggar","floor":21,"gold_loss":75},{"damage_healed":21,"gold_gain":0,"player_choice":"Heal","damage_taken":0,"max_hp_gain":0,"max_hp_loss":0,"event_name":"The Library","floor":22,"gold_loss":0},{"damage_healed":0,"gold_gain":0,"player_choice":"Traded Relic","damage_taken":0,"relics_obtained":["Nloth\u0027s Gift"],"max_hp_gain":0,"max_hp_loss":0,"event_name":"N\u0027loth","floor":27,"relics_lost":["Mummified Hand"],"gold_loss":0}],"is_beta":false,"boss_relics":[{"not_picked":["Snecko Eye","Ectoplasm","Ring of the Serpent"]}],"items_purged_floors":[3,12],"is_endless":false,"potions_floor_spawned":[6,7,8,11,14,16,18,24,31],"killed_by":"Collector","ascension_level":13}}