{"host":"l3lzhw5qete3bz2v","time":1614000972,"event":{"mods":["BaseMod","Colored Map","Colored Powertips","Minty Spire (QoL Compilation)","StSLib","SuperFastMode"],"gold_per_floor":[114,132,132,145,158,190,190,202,202,202,11,11,43,59,59,155,155,171,187,187,251,268,268,303,4,4,54,66,116,128,139,139,241,241,254,268,368,17,67,92,92,122,122,172,172,201,221,240,240,240],"floor_reached":51,"language":"JPN","playtime":4035,"items_purged":["Perfected Strike"],"score":1117,"play_id":"5d2306f1-1793-4328-b1ba-21a2817f3095","local_time":"20210222223612","is_ascension_mode":true,"campfire_choices":[{"floor":10.0,"key":"REST"},{"data":"Disarm","floor":12.0,"key":"SMITH"},{"floor":15.0,"key":"REST"},{"floor":23.0,"key":"REST"},{"data":"Disarm","floor":32.0,"key":"SMITH"},{"data":"Bash","floor":41,"key":"SMITH"},{"floor":45,"key":"REST"},{"floor":49,"key":"REST"}],"circlet_count":0,"master_deck":["Bash+1","Carnage","Feed","Dropkick","Clothesline+1","Spot Weakness","Infernal Blade","Fiend Fire+1","Clash","Headbutt","Armaments","Shrug It Off","Disarm+1","Sever Soul","Iron Wave","Fiend Fire","Immolate","Battle Trance+1","Thunderclap","Shrug It Off+1","Dark Shackles","Disarm+1","Shrug It Off","Pommel Strike+1","Impervious","Feed+1","Warcry+1","Fiend Fire+1","Finesse","Heavy Blade+1"],"relics":["Pandora\u0027s Box","Torii","Prayer Wheel","Velvet Choker","SsserpentHead","Charon\u0027s Ashes","Bag of Preparation","Molten Egg 2","SacredBark","Unceasing Top","Bag of Marbles","Meat on the Bone","Anchor","Blue Candle","Pen Nib"],"acts_visited":["Exordium","TheCity","TheBeyond"],"potions_floor_usage":[40,47,50],"damage_taken":[{"damage":6.0,"enemies":"Cultist","floor":1.0,"turns":3.0},{"damage":0.0,"enemies":"Small Slimes","floor":2.0,"turns":2.0},{"damage":8.0,"enemies":"2 Louse","floor":4.0,"turns":2.0},{"damage":6.0,"enemies":"Exordium Wildlife","floor":5.0,"turns":2.0},{"damage":18.0,"enemies":"Lagavulin","floor":6.0,"turns":6.0},{"damage":1.0,"enemies":"Blue Slaver","floor":8.0,"turns":2.0},{"damage":21.0,"enemies":"3 Sentries","floor":13.0,"turns":8.0},{"damage":0.0,"enemies":"Large Slime","floor":14.0,"turns":4.0},{"damage":22.0,"enemies":"The Guardian","floor":16.0,"turns":12.0},{"damage":11.0,"enemies":"2 Thieves","floor":18.0,"turns":3.0},{"damage":9.0,"enemies":"Shell Parasite","floor":19.0,"turns":4.0},{"damage":27.0,"enemies":"Snake Plant","floor":21.0,"turns":4.0},{"damage":26.0,"enemies":"Centurion and Healer","floor":22.0,"turns":5.0},{"damage":3.0,"enemies":"Gremlin Leader","floor":24.0,"turns":6.0},{"damage":0.0,"enemies":"Sentry and Sphere","floor":28.0,"turns":2.0},{"damage":1.0,"enemies":"Cultist and Chosen","floor":30.0,"turns":4.0},{"damage":1.0,"enemies":"Snecko","floor":31.0,"turns":3.0},{"damage":26.0,"enemies":"Champ","floor":33.0,"turns":11.0},{"damage":0.0,"enemies":"Orb Walker","floor":35.0,"turns":2.0},{"damage":0.0,"enemies":"3 Darklings","floor":36.0,"turns":3.0},{"damage":0.0,"enemies":"Mind Bloom Boss Battle","floor":37.0,"turns":7.0},{"damage":23,"enemies":"Giant Head","floor":40,"turns":5},{"damage":19,"enemies":"Nemesis","floor":42,"turns":5},{"damage":17,"enemies":"Reptomancer","floor":46,"turns":7},{"damage":0,"enemies":"Spire Growth","floor":47,"turns":3},{"damage":1,"enemies":"Jaw Worm Horde","floor":48,"turns":3},{"damage":36,"enemies":"Awakened One","floor":50,"turns":13}],"seed_played":"-7941382605732905959","potions_obtained":[{"floor":1.0,"key":"Block Potion"},{"floor":4.0,"key":"FairyPotion"},{"floor":8.0,"key":"SpeedPotion"},{"floor":14.0,"key":"ElixirPotion"},{"floor":16.0,"key":"Weak Potion"},{"floor":21.0,"key":"BloodPotion"},{"floor":22.0,"key":"SteroidPotion"},{"floor":30.0,"key":"LiquidBronze"},{"floor":33.0,"key":"DuplicationPotion"},{"floor":35.0,"key":"DuplicationPotion"},{"floor":40,"key":"ElixirPotion"},{"floor":42,"key":"DuplicationPotion"}],"is_trial":false,"path_per_floor":["M","M","?","M","M","E","?","M","T","R","$","R","E","M","R","B",null,"M","M","?","M","M","R","E","$","T","?","M","?","M","M","R","B",null,"M","M","?","$","?","E","R","E","T","?","R","E","M","M","R","B",null],"character_chosen":"IRONCLAD","items_purchased":["Disarm","Block Potion","Bag of Preparation","SteroidPotion","Dark Shackles","Bag of Marbles","SteroidPotion","Fiend Fire+1"],"campfire_rested":5,"item_purchase_floors":[11,11,25,25,25,38,38,38],"current_hp_per_floor":[69,72,77,72,69,54,34,33,33,63,63,63,45,48,79,60,97,86,81,81,58,59,95,96,96,96,96,96,96,95,97,97,71,113,117,120,124,124,124,105,105,86,86,76,118,104,104,103,145,113],"gold":240,"neow_bonus":"BOSS_RELIC","is_daily":false,"chose_seed":false,"campfire_upgraded":3,"win_rate":0.0,"timestamp":1614000972,"path_taken":["M","M","?","M","M","E","?","M","T","R","$","R","E","M","R","BOSS","M","M","?","?","M","R","E","$","T","?","M","?","M","M","R","BOSS","M","M","?","$","?","E","R","E","T","?","R","E","M","M","R","BOSS"],"items_purchased_type":["Card","Potion","Relic","Potion","Card","Relic","Potion","Card"],"build_version":"2020-12-22","purchased_purges":1,"victory":true,"max_hp_per_floor":[83,86,91,94,97,100,100,100,100,100,100,100,103,106,106,109,109,109,113,113,117,120,120,124,124,124,124,124,124,124,127,127,127,127,131,134,138,138,138,142,142,142,142,142,142,145,145,145,145,149],"card_choices":[{"not_picked":["Heavy Blade","Sword Boomerang","Intimidate"],"picked":"SKIP","floor":1.0},{"not_picked":["Thunderclap","Pommel Strike"],"picked":"Clash","floor":2.0},{"not_picked":["Wild Strike","Flex","Anger"],"picked":"SKIP","floor":4.0},{"not_picked":["Clash","Sentinel"],"picked":"Headbutt","floor":5.0},{"not_picked":["Rupture","Warcry"],"picked":"Armaments","floor":6.0},{"not_picked":["Shockwave","Pommel Strike"],"picked":"Shrug It Off","floor":8.0},{"not_picked":["Clash","Body Slam"],"picked":"Sever Soul","floor":13.0},{"not_picked":["Pommel Strike","Anger"],"picked":"Iron Wave","floor":14.0},{"not_picked":["Flex","Reckless Charge"],"picked":"Fiend Fire","floor":14.0},{"not_picked":["Brutality","Bludgeon"],"picked":"Immolate","floor":16.0},{"not_picked":["Power Through","Bloodletting+1"],"picked":"Battle Trance+1","floor":18.0},{"not_picked":["Reckless Charge+1","Rupture","Headbutt"],"picked":"SKIP","floor":18.0},{"not_picked":["Pommel Strike","Blood for Blood"],"picked":"Thunderclap","floor":19.0},{"not_picked":["Reckless Charge","Clash+1","Entrench"],"picked":"SKIP","floor":19.0},{"not_picked":["Headbutt","Wild Strike+1"],"picked":"Shrug It Off+1","floor":21.0},{"not_picked":["Entrench","Cleave","Havoc"],"picked":"SKIP","floor":21.0},{"not_picked":["Spot Weakness","Carnage","Clash"],"picked":"SKIP","floor":22.0},{"not_picked":["Heavy Blade","Flex","Intimidate"],"picked":"SKIP","floor":22.0},{"not_picked":["Dark Embrace","Pommel Strike","Corruption"],"picked":"SKIP","floor":24.0},{"not_picked":["Pommel Strike+1","Anger+1"],"picked":"Disarm","floor":28.0},{"not_picked":["Heavy Blade+1","Burning Pact","Thunderclap+1"],"picked":"SKIP","floor":28.0},{"not_picked":["Fire Breathing","Clothesline+1"],"picked":"Shrug It Off","floor":30.0},{"not_picked":["Armaments","Body Slam+1"],"picked":"Pommel Strike+1","floor":30.0},{"not_picked":["Pummel+1","Iron Wave+1"],"picked":"Impervious","floor":31.0},{"not_picked":["Dual Wield+1","Armaments","Carnage+1"],"picked":"SKIP","floor":31.0},{"not_picked":["Bludgeon+1","Demon Form"],"picked":"Feed+1","floor":33.0},{"not_picked":["Combust","Sever Soul+1","Clash+1"],"picked":"SKIP","floor":35.0},{"not_picked":["Reckless Charge+1","Thunderclap+1","Body Slam+1"],"picked":"SKIP","floor":35.0},{"not_picked":["Metallicize","Pummel+1","Second Wind"],"picked":"SKIP","floor":36.0},{"not_picked":["Havoc+1","Clothesline+1","Heavy Blade+1"],"picked":"SKIP","floor":36.0},{"not_picked":["Clothesline+1","Cleave+1"],"picked":"Warcry+1","floor":37.0},{"not_picked":["Warcry","True Grit+1","Armaments"],"picked":"SKIP","floor":40},{"not_picked":["Clothesline+1","Shrug It Off+1","Heavy Blade+1"],"picked":"SKIP","floor":42},{"not_picked":["Thinking Ahead","Violence"],"picked":"Finesse","floor":44},{"not_picked":["Heavy Blade+1","Ghostly Armor","Inflame+1"],"picked":"SKIP","floor":46},{"not_picked":["Headbutt+1","True Grit+1"],"picked":"Heavy Blade+1","floor":47},{"not_picked":["Evolve+1","Combust","Twin Strike+1"],"picked":"SKIP","floor":47},{"not_picked":["Evolve+1","Combust","Twin Strike+1"],"picked":"SKIP","floor":47},{"not_picked":["Body Slam+1","Wild Strike+1","Iron Wave+1"],"picked":"SKIP","floor":48},{"not_picked":["Rupture+1","Dark Embrace","Anger+1"],"picked":"SKIP","floor":48}],"player_experience":149882,"relics_obtained":[{"floor":6.0,"key":"Torii"},{"floor":9.0,"key":"Prayer Wheel"},{"floor":24.0,"key":"Charon\u0027s Ashes"},{"floor":26.0,"key":"Molten Egg 2"},{"floor":37.0,"key":"Unceasing Top"},{"floor":40,"key":"Meat on the Bone"},{"floor":42,"key":"Anchor"},{"floor":43,"key":"Blue Candle"},{"floor":46,"key":"Pen Nib"}],"event_choices":[{"damage_healed":0.0,"max_hp_gain":5.0,"max_hp_loss":0.0,"gold_gain":0.0,"event_name":"Big Fish","player_choice":"Donut","floor":3.0,"gold_loss":0.0,"damage_taken":0.0},{"damage_healed":0.0,"max_hp_gain":0.0,"max_hp_loss":0.0,"gold_gain":0.0,"event_name":"Shining Light","player_choice":"Entered Light","floor":7.0,"gold_loss":0.0,"damage_taken":20.0,"cards_upgraded":["Fiend Fire","Clothesline"]},{"damage_healed":0.0,"max_hp_gain":0.0,"max_hp_loss":0.0,"gold_gain":0.0,"event_name":"FaceTrader","player_choice":"Trade","floor":20.0,"gold_loss":0.0,"damage_taken":0.0,"relics_obtained":["SsserpentHead"]},{"damage_healed":0.0,"max_hp_gain":0.0,"max_hp_loss":0.0,"gold_gain":0.0,"event_name":"Vampires","player_choice":"Ignored","floor":29.0,"gold_loss":0.0,"damage_taken":0.0},{"damage_healed":0.0,"max_hp_gain":0.0,"max_hp_loss":0.0,"gold_gain":0.0,"event_name":"MindBloom","player_choice":"Fight","floor":37.0,"gold_loss":0.0,"damage_taken":0.0},{"cards_removed":["Rupture"],"damage_healed":0.0,"max_hp_gain":0.0,"max_hp_loss":0.0,"gold_gain":0.0,"event_name":"Falling","player_choice":"Removed Power","floor":39.0,"gold_loss":0.0,"damage_taken":0.0},{"damage_healed":0,"gold_gain":0,"player_choice":"Memory 3","damage_taken":10,"max_hp_gain":0,"max_hp_loss":0,"event_name":"SensoryStone","floor":44,"gold_loss":0}],"is_beta":false,"boss_relics":[{"not_picked":["Astrolabe","Tiny House"],"picked":"Velvet Choker"},{"not_picked":["Runic Cube","SlaversCollar"],"picked":"SacredBark"}],"items_purged_floors":[11],"is_endless":false,"potions_floor_spawned":[1,4,8,14,16,21,22,30,33,35,40,42,46],"ascension_level":8}}