{"host":"dl7h25vjpuplx29g","time":1614015887,"event":{"mods":["BaseMod","Colored Map","DeckTracker","Minty Spire (QoL Compilation)","StSLib"],"gold_per_floor":[10,21,21,21,76,111,124,124,148,73,73,73,73,108,108,201,201,214,237,6,6,42,42,80,13,13,13,62,33,68,83,83,203,203,228,248,248,248,83,83,149,149,149,188,226,226,257,271,271,296],"floor_reached":51,"language":"JPN","playtime":4436,"items_purged":["Defend_P","Writhe"],"score":1497,"play_id":"c8ad022a-5995-4010-9c7b-a06fbd146978","local_time":"20210223024447","is_ascension_mode":true,"campfire_choices":[{"data":"Eruption","floor":8.0,"key":"SMITH"},{"floor":13.0,"key":"REST"},{"data":"Vigilance","floor":15.0,"key":"SMITH"},{"data":"Adaptation","floor":23.0,"key":"SMITH"},{"floor":27.0,"key":"REST"},{"data":"Study","floor":32.0,"key":"SMITH"},{"data":"MasterReality","floor":40,"key":"SMITH"},{"floor":42,"key":"REST"},{"data":"Vault","floor":46,"key":"SMITH"},{"floor":49,"key":"REST"}],"circlet_count":0,"master_deck":["AscendersBane","Eruption+1","Vigilance+1","EmptyFist+1","EmptyMind","DevaForm","InnerPeace+1","Wish","Alpha+1","WheelKick+1","Crescendo+1","Prostrate","BowlingBash","Adaptation+1","Meditate","TalkToTheHand+1","DeceiveReality+1","MasterReality+1","Study+1","SpiritShield","FlurryOfBlows","Vault+1","JustLucky+1","WaveOfTheHand+1","Tantrum","FearNoEvil+1"],"relics":["PureWater","Golden Idol","Centennial Puzzle","Eternal Feather","Strawberry","Potion Belt","Yang","Astrolabe","Membership Card","Red Mask","Blood Vial","Question Card","Dream Catcher","VioletLotus","Frozen Eye","Unceasing Top","Bag of Preparation","Bird Faced Urn"],"acts_visited":["Exordium","TheCity","TheBeyond"],"potions_floor_usage":[41,41,47,50,50,50],"damage_taken":[{"damage":0.0,"enemies":"Small Slimes","floor":1.0,"turns":2.0},{"damage":0.0,"enemies":"2 Louse","floor":2.0,"turns":2.0},{"damage":40.0,"enemies":"Gremlin Nob","floor":6.0,"turns":4.0},{"damage":0.0,"enemies":"Jaw Worm","floor":7.0,"turns":4.0},{"damage":10.0,"enemies":"Lagavulin","floor":14.0,"turns":5.0},{"damage":4.0,"enemies":"The Guardian","floor":16.0,"turns":8.0},{"damage":0.0,"enemies":"Chosen","floor":18.0,"turns":3.0},{"damage":11.0,"enemies":"3 Byrds","floor":19.0,"turns":3.0},{"damage":19.0,"enemies":"Masked Bandits","floor":22.0,"turns":4.0},{"damage":21.0,"enemies":"Slavers","floor":24.0,"turns":4.0},{"damage":12.0,"enemies":"Snecko","floor":28.0,"turns":4.0},{"damage":30.0,"enemies":"Book of Stabbing","floor":30.0,"turns":4.0},{"damage":0.0,"enemies":"Chosen and Byrds","floor":31.0,"turns":4.0},{"damage":19.0,"enemies":"Champ","floor":33.0,"turns":6.0},{"damage":16,"enemies":"Orb Walker","floor":35,"turns":4},{"damage":21,"enemies":"3 Darklings","floor":36,"turns":4},{"damage":39,"enemies":"Nemesis","floor":41,"turns":5},{"damage":10,"enemies":"Transient","floor":44,"turns":7},{"damage":14,"enemies":"Reptomancer","floor":45,"turns":5},{"damage":6,"enemies":"Mind Bloom Boss Battle","floor":47,"turns":5},{"damage":9,"enemies":"4 Shapes","floor":48,"turns":5},{"damage":17,"enemies":"Donu and Deca","floor":50,"turns":6}],"seed_played":"8983665752679651417","potions_obtained":[{"floor":2.0,"key":"GamblersBrew"},{"floor":16.0,"key":"Fire Potion"},{"floor":19.0,"key":"PowerPotion"},{"floor":30.0,"key":"BlessingOfTheForge"},{"floor":31.0,"key":"DistilledChaos"},{"floor":33.0,"key":"Ambrosia"},{"floor":45,"key":"PowerPotion"},{"floor":47,"key":"DuplicationPotion"},{"floor":48,"key":"GamblersBrew"}],"is_trial":false,"path_per_floor":["M","M","?","?","T","E","M","R","T","?","T","?","R","E","R","B",null,"M","M","$","?","?","R","E","$","T","R","M","$","E","M","R","B",null,"M","M","?","?","$","R","E","R","T","M","E","R","?","M","R","B",null],"character_chosen":"WATCHER","items_purchased":["Membership Card","Adaptation","Meditate","Energy Potion","ColorlessPotion","Frozen Eye","BottledMiracle"],"campfire_rested":4,"item_purchase_floors":[20,20,20,25,29,39,39],"current_hp_per_floor":[61,61,61,54,54,14,14,20,27,27,27,6,32,22,28,24,58,58,47,47,47,28,37,16,16,16,45,35,35,7,9,21,4,53,39,20,34,34,34,46,9,41,41,33,21,33,29,28,63,57],"gold":296,"neow_bonus":"REMOVE_TWO","is_daily":false,"chose_seed":false,"campfire_upgraded":6,"win_rate":0.0,"timestamp":1614015887,"path_taken":["M","M","?","?","?","E","?","R","T","?","?","?","R","E","R","BOSS","M","M","$","?","?","R","E","?","T","R","?","$","E","M","R","BOSS","M","M","?","?","?","R","E","R","T","?","E","R","?","M","R","BOSS"],"items_purchased_type":["Relic","Card","Card","Potion","Potion","Relic","Potion"],"build_version":"2020-12-22","purchased_purges":2,"victory":true,"max_hp_per_floor":[68,68,62,62,62,62,62,62,69,69,69,69,69,69,69,69,69,69,69,69,69,69,69,69,69,69,69,69,69,69,69,69,69,69,69,69,69,69,69,69,69,69,69,69,69,69,69,69,69,69],"card_choices":[{"not_picked":["PathToVictory","ClearTheMind"],"picked":"EmptyFist","floor":1.0},{"not_picked":["Prostrate","Protect"],"picked":"EmptyMind","floor":2.0},{"not_picked":["Weave","Study"],"picked":"DevaForm","floor":6.0},{"not_picked":["FlyingSleeves","Nirvana"],"picked":"InnerPeace","floor":7.0},{"not_picked":["Consecrate","CutThroughFate"],"picked":"Wish","floor":14.0},{"not_picked":["Blasphemy","Alpha"],"picked":"Brilliance","floor":16.0},{"not_picked":["Protect","Study"],"picked":"Prostrate","floor":18.0},{"not_picked":["WindmillStrike+1","CrushJoints"],"picked":"BowlingBash","floor":19.0},{"not_picked":["BowlingBash+1","WreathOfFlame+1"],"picked":"TalkToTheHand+1","floor":22.0},{"not_picked":["CutThroughFate","Consecrate"],"picked":"DeceiveReality+1","floor":24.0},{"not_picked":["Wallop","Study+1","SashWhip"],"picked":"MasterReality","floor":28.0},{"not_picked":["Wireheading","FlyingSleeves","Adaptation","WindmillStrike"],"picked":"SKIP","floor":30.0},{"not_picked":["ClearTheMind","ReachHeaven","Conclude"],"picked":"Study","floor":31.0},{"not_picked":["Blasphemy","Ragnarok","Scrawl"],"picked":"SpiritShield","floor":33.0},{"not_picked":["SashWhip","WindmillStrike","Halt"],"picked":"FlurryOfBlows","floor":35},{"not_picked":["PathToVictory+1","JustLucky","Conclude","FollowUp"],"picked":"SKIP","floor":36},{"not_picked":["Nirvana","Prostrate+1","EmptyFist"],"picked":"Vault","floor":41},{"not_picked":["Prostrate+1","WreathOfFlame","CarveReality"],"picked":"JustLucky+1","floor":42},{"not_picked":["SandsOfTime","CutThroughFate","WindmillStrike","InnerPeace+1"],"picked":"SKIP","floor":44},{"not_picked":["PathToVictory+1","FollowUp+1","Nirvana"],"picked":"WaveOfTheHand+1","floor":45},{"not_picked":["Weave","ThirdEye","PathToVictory"],"picked":"Tantrum","floor":47},{"not_picked":["Wireheading","Halt","Collect"],"picked":"FearNoEvil+1","floor":48}],"player_experience":1678725,"relics_obtained":[{"floor":5.0,"key":"Centennial Puzzle"},{"floor":6.0,"key":"Eternal Feather"},{"floor":9.0,"key":"Strawberry"},{"floor":11.0,"key":"Potion Belt"},{"floor":14.0,"key":"Yang"},{"floor":22.0,"key":"Red Mask"},{"floor":24.0,"key":"Blood Vial"},{"floor":26.0,"key":"Question Card"},{"floor":30.0,"key":"Dream Catcher"},{"floor":41,"key":"Unceasing Top"},{"floor":45,"key":"Bag of Preparation"},{"floor":47,"key":"Bird Faced Urn"}],"event_choices":[{"damage_healed":0.0,"max_hp_gain":0.0,"max_hp_loss":6.0,"gold_gain":0.0,"event_name":"Golden Idol","player_choice":"Lose Max HP","floor":3.0,"gold_loss":0.0,"damage_taken":0.0,"relics_obtained":["Golden Idol"]},{"cards_removed":["Defend_P"],"damage_healed":0.0,"max_hp_gain":0.0,"max_hp_loss":0.0,"gold_gain":0.0,"event_name":"Golden Wing","player_choice":"Card Removal","floor":4.0,"gold_loss":0.0,"damage_taken":7.0},{"cards_removed":["Defend_P"],"damage_healed":0.0,"max_hp_gain":0.0,"max_hp_loss":0.0,"gold_gain":0.0,"event_name":"The Cleric","player_choice":"Card Removal","floor":10.0,"gold_loss":75.0,"damage_taken":0.0},{"damage_healed":0.0,"max_hp_gain":0.0,"max_hp_loss":0.0,"gold_gain":0.0,"event_name":"Shining Light","player_choice":"Entered Light","floor":12.0,"gold_loss":0.0,"damage_taken":21.0,"cards_upgraded":["InnerPeace","EmptyFist"]},{"damage_healed":0.0,"max_hp_gain":0.0,"max_hp_loss":0.0,"gold_gain":0.0,"event_name":"Masked Bandits","player_choice":"Fought Bandits","floor":22.0,"gold_loss":0.0,"damage_taken":0.0},{"damage_healed":14,"gold_gain":0,"player_choice":"Writhe","damage_taken":0,"max_hp_gain":0,"max_hp_loss":0,"event_name":"Winding Halls","floor":37,"gold_loss":0,"cards_obtained":["Writhe"]},{"cards_removed":["Brilliance"],"damage_healed":0,"gold_gain":0,"player_choice":"Removed Attack","damage_taken":0,"max_hp_gain":0,"max_hp_loss":0,"event_name":"Falling","floor":38,"gold_loss":0},{"damage_healed":0,"gold_gain":0,"player_choice":"Fight","damage_taken":0,"max_hp_gain":0,"max_hp_loss":0,"event_name":"MindBloom","floor":47,"gold_loss":0}],"is_beta":false,"boss_relics":[{"not_picked":["Tiny House","Empty Cage"],"picked":"Astrolabe"},{"not_picked":["HolyWater","SlaversCollar"],"picked":"VioletLotus"}],"items_purged_floors":[25,39],"is_endless":false,"potions_floor_spawned":[2,16,19,30,31,33,45,47,48],"ascension_level":18}}