{"host":"6h0diz2ap0m56grs","time":1614019512,"event":{"mods":["2.2 Compatiblity","BaseMod","Colored Map","Marisa????????","Minty Spire (QoL Compilation)","Quick Restart","Replay The Spire","Shop Mod","StSLib","The Cursed","The Exalted","The Necromancer","The Servant 0.9.4"],"gold_per_floor":[116,131,150,81,181,214,214,239,239,239,269,297,297,472,472,567,567,582,582,452,452,452,452,452],"floor_reached":23,"language":"ENG","playtime":707,"items_purged":[],"score":355,"play_id":"9fc5ed1c-4bed-4466-84a7-cb3f1cf81ecd","local_time":"20210222124512","daily_mods":["SealedDeck","Heirloom","Time Dilation","Flight"],"is_ascension_mode":true,"campfire_choices":[{"data":"TheCursedMod:LuckyCharm","floor":7,"key":"SMITH"},{"data":"TheCursedMod:AbyssShockwave","floor":7,"key":"SMITH"},{"data":"TheCursedMod:AbyssShockwave","floor":10,"key":"SMITH"},{"data":"TheCursedMod:CursedStaff","floor":10,"key":"SMITH"},{"data":"TheCursedMod:SpitefulPlan","floor":13,"key":"SMITH"},{"data":"TheCursedMod:CursedMace","floor":13,"key":"SMITH"},{"data":"TheCursedMod:SoulCrush","floor":15,"key":"SMITH"},{"data":"TheCursedMod:CursedArmor","floor":15,"key":"SMITH"}],"circlet_count":0,"master_deck":["TheCursedMod:RavingStaff","TheCursedMod:SpitefulPlan+1","TheCursedMod:HellfireBreathing","TheCursedMod:SmokeScreen","TheCursedMod:SpitefulStrike","TheCursedMod:SmokeScreen","TheCursedMod:SoulCrush+1","TheCursedMod:LuckyCharm+1","TheCursedMod:CursedMace+1","TheCursedMod:CursedStaff+1","TheCursedMod:AbyssShockwave+1","TheCursedMod:AbyssShockwave+1","TheCursedMod:CursedArmor+1","TheCursedMod:ForbiddenAlchemy","TheCursedMod:CursedStaff","Writhe"],"relics":["Snecko Eye","Ring of Chaos","replay:Trail_Library","Replay:Arrowhead","The Courier","Replay:Baseball","Juzu Bracelet","Runic Dome","Nunchaku","Bromod:ArcaneConsequence","MerchantsRug"],"acts_visited":["Exordium","TheCity"],"potions_floor_usage":[11],"damage_taken":[{"damage":0,"enemies":"Cultist","floor":1,"turns":2},{"damage":0,"enemies":"Jaw Worm","floor":2,"turns":1},{"damage":0,"enemies":"Small Slimes","floor":3,"turns":2},{"damage":2,"enemies":"3 Sentries","floor":6,"turns":4},{"damage":0,"enemies":"Gremlin Nob","floor":8,"turns":1},{"damage":0,"enemies":"Lagavulin","floor":11,"turns":3},{"damage":0,"enemies":"Gremlin Nob","floor":12,"turns":2},{"damage":0,"enemies":"Hexaghost","floor":16,"turns":5},{"damage":0,"enemies":"2 Thieves","floor":18,"turns":1},{"damage":4,"enemies":"Replay:Snechameleon","floor":23,"turns":2}],"seed_played":"8408751110894647408","potions_obtained":[{"floor":2,"key":"Swift Potion"},{"floor":3,"key":"Cursed Concoction"},{"floor":11,"key":"Block Potion"},{"floor":12,"key":"DuplicationPotion"}],"is_trial":true,"path_per_floor":["M","M","M","$","?","E","R","E","T","R","E","E","R","?","R","B",null,"M","?","$","?","?","E"],"character_chosen":"THE_CURSED","items_purchased":["TheCursedMod:AbyssShockwave","Bromod:ArcaneConsequence","MerchantsRug"],"campfire_rested":0,"item_purchase_floors":[4,20,20],"current_hp_per_floor":[75,75,75,75,75,80,80,80,80,80,80,80,80,80,80,80,82,82,82,82,82,82,78,78],"gold":452,"neow_bonus":"","is_daily":false,"chose_seed":false,"campfire_upgraded":8,"win_rate":0.0,"timestamp":1614019512,"path_taken":["M","M","M","$","?","E","R","E","T","R","E","E","R","?","R","BOSS","M","?","$","?","?","E"],"items_purchased_type":["Card","Relic","Relic"],"build_version":"2020-12-22","purchased_purges":0,"victory":false,"max_hp_per_floor":[75,75,75,75,75,82,82,82,82,82,82,82,82,82,82,82,82,82,82,82,82,82,82,82],"card_choices":[{"not_picked":["TheCursedMod:PrepareRite","TheCursedMod:TroublousMinions","TheCursedMod:CursedStaff"],"picked":"SKIP","floor":1},{"not_picked":["TheCursedMod:CircleOfCorruption","TheCursedMod:SoulReap","TheCursedMod:EmpowerCircles"],"picked":"SKIP","floor":2},{"not_picked":["TheCursedMod:ManaBullet","TheCursedMod:SpitefulPray","TheCursedMod:RavingStaff"],"picked":"SKIP","floor":3},{"not_picked":["TheCursedMod:Evocation","TheCursedMod:WearCloak","TheCursedMod:RavingStaff"],"picked":"SKIP","floor":6},{"not_picked":["TheCursedMod:SpitefulStrike","TheCursedMod:CircleOfFlame","TheCursedMod:Obscuration"],"picked":"SKIP","floor":8},{"not_picked":["TheCursedMod:ShockAndAwe","TheCursedMod:FleshFromBone"],"picked":"TheCursedMod:CursedArmor","floor":11},{"not_picked":["TheCursedMod:Stretching","TheCursedMod:ManaBullet","TheCursedMod:SpitefulStrike"],"picked":"SKIP","floor":12},{"not_picked":["TheCursedMod:DemonSword","TheCursedMod:AntiAging"],"picked":"TheCursedMod:ForbiddenAlchemy","floor":16},{"not_picked":["TheCursedMod:CircleOfCorruption","TheCursedMod:SpitefulPray"],"picked":"TheCursedMod:CursedStaff","floor":18}],"player_experience":556995,"relics_obtained":[{"floor":6,"key":"Strawberry"},{"floor":8,"key":"Lizard Tail"},{"floor":9,"key":"The Courier"},{"floor":11,"key":"Replay:Baseball"},{"floor":12,"key":"Juzu Bracelet"}],"event_choices":[{"damage_healed":0,"gold_gain":100,"player_choice":"Gold","damage_taken":0,"max_hp_gain":0,"max_hp_loss":0,"event_name":"Wheel of Change","floor":5,"gold_loss":0},{"damage_healed":0,"gold_gain":175,"player_choice":"AGREE","damage_taken":0,"max_hp_gain":0,"max_hp_loss":0,"event_name":"Liars Game","floor":14,"gold_loss":0,"cards_obtained":["Doubt"]},{"damage_healed":0,"gold_gain":0,"player_choice":"Opened","damage_taken":0,"relics_obtained":["Nunchaku"],"max_hp_gain":0,"max_hp_loss":0,"event_name":"The Mausoleum","floor":19,"gold_loss":0,"cards_obtained":["Writhe"]},{"cards_removed":["Doubt"],"damage_healed":0,"gold_gain":0,"player_choice":"Purged","damage_taken":0,"max_hp_gain":0,"max_hp_loss":0,"event_name":"Purifier","floor":21,"gold_loss":0},{"damage_healed":0,"gold_gain":0,"player_choice":"Bought 0 Potions","damage_taken":0,"max_hp_gain":0,"max_hp_loss":0,"event_name":"The Woman in Blue","floor":22,"gold_loss":0}],"is_beta":false,"boss_relics":[{"not_picked":["Bromod:ArcaneGrace","SacredBark"],"picked":"Runic Dome"}],"items_purged_floors":[],"is_endless":false,"potions_floor_spawned":[2,3,11,12,16,18],"killed_by":"Replay:Snechameleon","ascension_level":1}}