{"host":"Doisman","time":1614034904,"event":{"mods":["AchievementEnabler","BaseMod","Better Note","Curses Come First","Minty Spire (QoL Compilation)","Permanent Neow","Quick Restart","Relic Stats","Replay The Spire","StSLib","slay the spire mod where everything is the same but ironclad has a cowboy hat"],"gold_per_floor":[115,115,115,115,190,190,190,190],"floor_reached":7,"language":"ENG","playtime":171,"items_purged":[],"score":39,"play_id":"4bdde7f6-efbd-4b23-84af-8c501e61942a","local_time":"20210222170144","is_ascension_mode":true,"campfire_choices":[{"data":"Neutralize","floor":6.0,"key":"SMITH"}],"circlet_count":0,"master_deck":["Strike_G","Strike_G","Strike_G","Strike_G","Strike_G","Defend_G+1","Defend_G","Defend_G+1","Defend_G+1","Defend_G","Survivor","Neutralize+1","Blade Dance"],"relics":["Replay:Bronze Core"],"acts_visited":["Exordium"],"potions_floor_usage":[],"damage_taken":[{"damage":0.0,"enemies":"2 Louse","floor":1.0,"turns":2.0},{"damage":42,"enemies":"Gremlin Nob","floor":7,"turns":6}],"seed_played":"-7557111425327420815","potions_obtained":[],"is_trial":false,"path_per_floor":["M","?","?","?","?","R","E"],"character_chosen":"THE_SILENT","items_purchased":[],"campfire_rested":0,"item_purchase_floors":[],"current_hp_per_floor":[70,70,56,56,45,45,3,3],"gold":190,"neow_bonus":"BOSS_RELIC","is_daily":false,"chose_seed":false,"campfire_upgraded":1,"win_rate":0.0,"timestamp":1614034904,"path_taken":["M","?","?","?","?","R","E"],"items_purchased_type":[],"build_version":"2020-12-18","purchased_purges":0,"victory":false,"max_hp_per_floor":[70,70,70,70,70,70,70,70],"relic_stats":{"counters":[2,8],"obtain_stats":[{"Replay:Bronze Core":0,"Ring of the Snake":0},{"Replay:Bronze Core":0,"Ring of the Snake":0},{"Replay:Bronze Core":0,"Ring of the Snake":0}]},"card_choices":[{"not_picked":["Deadly Poison","Caltrops"],"picked":"Blade Dance","floor":1.0}],"player_experience":783282,"relics_obtained":[],"event_choices":[{"damage_healed":0.0,"max_hp_gain":0.0,"max_hp_loss":0.0,"gold_gain":0.0,"event_name":"Shining Light","player_choice":"Entered Light","floor":3.0,"gold_loss":0.0,"damage_taken":14.0,"cards_upgraded":["Defend_G","Defend_G"]},{"damage_healed":0.0,"max_hp_gain":0.0,"max_hp_loss":0.0,"gold_gain":75.0,"event_name":"World of Goop","player_choice":"Gather Gold","floor":5.0,"gold_loss":0.0,"damage_taken":11.0}],"is_beta":true,"boss_relics":[],"items_purged_floors":[],"is_endless":false,"potions_floor_spawned":[],"killed_by":"Gremlin Nob","ascension_level":1}}