{"host":"b9id4afcchnn1rfb","time":1614009354,"event":{"mods":["Act Like it!","BaseMod","Better Note","Colored Map","Colored Powertips","Hallownest","Hermit","Infinite Spire","Minty Spire (QoL Compilation)","StSLib","SuperFastMode","The Death Knight","The Necromancer"],"gold_per_floor":[366,75,89,89,89,119,119,131,131,151,151,179,198,198,198,303,303,323,338,351,368,368,368,368],"floor_reached":23,"language":"ENG","playtime":890,"items_purged":["Defend_W"],"score":267,"play_id":"1b25d1be-ac30-4aff-aebf-372ad7fa14f5","local_time":"20210222165554","is_ascension_mode":true,"campfire_choices":[{"data":"Bone_Prison","floor":7,"key":"SMITH"},{"floor":11,"key":"REST"},{"data":"Finger_Of_Death","floor":15,"key":"SMITH"}],"circlet_count":0,"master_deck":["Strike_W","Strike_W","Strike_W","Defend_W","Defend_W","Negative_Energy_Arrows","Bone_Wall","Bone_Prison+1","Bone_Prison","Grasp_Heart","Finger_Of_Death+1","Spectral_Armor","Skeleton_Dragon","Spectral_Armor+1"],"relics":["Vampire_Amulet","Strange Spoon","Question Card","Hallownest:DreamNailRelic","Regal Pillow","Anchor","Tiny Chest","Empty Cage"],"acts_visited":["Exordium","Hallownest:Greenpath"],"potions_floor_usage":[6,21,23,23],"damage_taken":[{"damage":0,"enemies":"Hallownest:monsterHuskWarrior","floor":1,"turns":6},{"damage":3,"enemies":"2_ Uuma","floor":3,"turns":8},{"damage":10,"enemies":"Hallownest:eliteMossKnight","floor":6,"turns":11},{"damage":5,"enemies":"Hallownest:2_Baldur","floor":8,"turns":3},{"damage":11,"enemies":"Hallownest:2_Tiktiks_1_Baldur_1_Crawlid","floor":10,"turns":9},{"damage":11,"enemies":"Hallownest:eliteCrystalGuardian","floor":12,"turns":5},{"damage":0,"enemies":"Hallownest:monsterFoolEater","floor":13,"turns":3},{"damage":31,"enemies":"Hallownest:BossHornet","floor":16,"turns":11},{"damage":18,"enemies":"Hallownest:3_Youths","floor":18,"turns":7},{"damage":3,"enemies":"Hallownest:2_Mistakes","floor":19,"turns":7},{"damage":6,"enemies":"Hallownest:monsterShrumalOgre","floor":20,"turns":4},{"damage":36,"enemies":"Hallownest:2_Flukemon","floor":21,"turns":8},{"damage":81,"enemies":"Hallownest:eliteWatcherKnight","floor":23,"turns":14}],"seed_played":"1420781449292750072","potions_obtained":[{"floor":3,"key":"SkillPotion"},{"floor":10,"key":"DuplicationPotion"},{"floor":12,"key":"BlessingOfTheForge"},{"floor":16,"key":"Dexterity Potion"},{"floor":18,"key":"AttackPotion"},{"floor":21,"key":"AttackPotion"}],"is_trial":false,"path_per_floor":["M","$","M","T","?","E","R","M","T","M","R","E","M","?","R","B",null,"M","M","M","M","?","E"],"character_chosen":"NECROMANCER","items_purchased":["Bone_Prison","Strange Spoon"],"campfire_rested":1,"item_purchase_floors":[2,2],"current_hp_per_floor":[52,52,53,53,53,47,47,46,46,43,75,66,68,68,68,39,66,54,55,51,19,75,0,0],"gold":368,"neow_bonus":"TWO_FIFTY_GOLD","is_daily":false,"chose_seed":false,"campfire_upgraded":2,"win_rate":0.0,"timestamp":1614009354,"path_taken":["M","$","M","?","?","E","R","M","T","M","R","E","?","?","R","BOSS","M","M","M","M","?","E"],"items_purchased_type":["Card","Relic"],"build_version":"2020-12-22","purchased_purges":1,"victory":false,"max_hp_per_floor":[75,75,75,75,75,75,75,75,75,75,75,75,75,75,75,75,75,75,75,75,75,75,75,75],"card_choices":[{"not_picked":["Negative_Energy_Shield","Blood_Curse","Bone_Spikes"],"picked":"SKIP","floor":1},{"not_picked":["Thousand_Bone_Knives","Blood_for_Blood"],"picked":"Bone_Prison","floor":3},{"not_picked":["Negative_Energy_Sphere","Finger_Of_Death","Siphon_Strength"],"picked":"Grasp_Heart","floor":6},{"not_picked":["Bone_Bullets","Negative_Energy_Mist","Death_March_Dance"],"picked":"Finger_Of_Death","floor":8},{"not_picked":["Necrotic_Claws","Plague_Bolt","Shackles_Of_Pain","Negative_Energy_Mist"],"picked":"SKIP","floor":10},{"not_picked":["Corrupt","Blood_Curse","Bone_Shift"],"picked":"Spectral_Armor","floor":12},{"not_picked":["Bone_Shift","Detonate_Bones","Bones_to_Steel","Chill_Blood"],"picked":"SKIP","floor":13},{"not_picked":["Negative_Energy_Bomb","Blood_Magic","Reap_The_Weak"],"picked":"Hellfire","floor":16},{"not_picked":["Blood_Curse","Vampiric_Strike","Blood_Whip","Negative_Energy_Sphere"],"picked":"SKIP","floor":18},{"not_picked":["Strike_from_Beyond","Death_March_Dance","Blood_Curse+1"],"picked":"Skeleton_Dragon","floor":19},{"not_picked":["Blood_for_Blood","Consume_Illness","Bone_Bullets","Bones_to_Steel"],"picked":"SKIP","floor":20},{"not_picked":["Bone_Spikes","Bone_Shift+1","Death_Coil"],"picked":"Spectral_Armor+1","floor":21}],"player_experience":503385,"relics_obtained":[{"floor":4,"key":"Question Card"},{"floor":6,"key":"Regal Pillow"},{"floor":9,"key":"Anchor"},{"floor":12,"key":"Tiny Chest"}],"event_choices":[],"is_beta":false,"boss_relics":[{"not_picked":["Calling Bell","Coffee Dripper"],"picked":"Empty Cage"}],"items_purged_floors":[2],"is_endless":false,"potions_floor_spawned":[3,10,12,16,18,19,21],"killed_by":"Hallownest:eliteWatcherKnight","ascension_level":7}}