{"host":"7jbuhzz8yy5cuou7","time":1614031252,"event":{"mods":["AchievementEnabler","Act Like it!","BaseMod","Better Third Choice","Bossed Relics","Colored Map","Colored Powertips","Dark Map","DeckTracker","Minty Spire (QoL Compilation)","Permanent Neow","Quick Restart","Ruina","StSLib","The Cursed","The Hierophant","Weighted Paths"],"gold_per_floor":[115,115,131,141,157,157,157],"floor_reached":6,"language":"ENG","playtime":231,"items_purged":[],"score":68,"play_id":"fbcdf2e0-59cc-470d-81d4-3a7156b3cf87","local_time":"20210222150052","is_ascension_mode":true,"campfire_choices":[],"circlet_count":0,"master_deck":["AscendersBane","Strike_B+1","Strike_B","Strike_B","Strike_B","Defend_B","Defend_B","Defend_B","Defend_B+1","Zap","Dualcast","Beam Cell","Go for the Eyes"],"relics":["Cracked Core","Girya"],"acts_visited":["Exordium"],"potions_floor_usage":[6,6],"damage_taken":[{"damage":8,"enemies":"2 Louse","floor":1,"turns":3},{"damage":2,"enemies":"Jaw Worm","floor":3,"turns":3},{"damage":4,"enemies":"Small Slimes","floor":4,"turns":3},{"damage":3,"enemies":"Looter","floor":5,"turns":3},{"damage":35,"enemies":"Lagavulin","floor":6,"turns":3}],"seed_played":"3987373960992132899","potions_obtained":[{"floor":1,"key":"GamblersBrew"},{"floor":3,"key":"FearPotion"}],"is_trial":false,"path_per_floor":["M","?","M","M","M","E"],"character_chosen":"DEFECT","items_purchased":[],"campfire_rested":0,"item_purchase_floors":[],"current_hp_per_floor":[56,37,35,31,28,0,0],"gold":157,"neow_bonus":"ONE_RARE_RELIC","is_daily":false,"chose_seed":false,"campfire_upgraded":0,"win_rate":0.0,"timestamp":1614031252,"path_taken":["M","?","M","M","M","E"],"items_purchased_type":[],"build_version":"2020-12-22","purchased_purges":0,"victory":false,"max_hp_per_floor":[64,64,64,64,64,64,64],"card_choices":[{"not_picked":["Auto Shields","Go for the Eyes"],"picked":"Beam Cell","floor":1},{"not_picked":["Tempest","Consume","Rebound"],"picked":"SKIP","floor":3},{"not_picked":["Sunder","Conserve Battery"],"picked":"Go for the Eyes","floor":4},{"not_picked":["Leap","Force Field","Multi-Cast"],"picked":"SKIP","floor":5}],"player_experience":435858,"relics_obtained":[],"event_choices":[{"damage_healed":56,"gold_gain":0,"player_choice":"Upgrade","damage_taken":19,"max_hp_gain":0,"max_hp_loss":64,"event_name":"betterThird:BetterShining","floor":2,"gold_loss":0,"cards_upgraded":["Strike_B","Defend_B"]}],"is_beta":false,"boss_relics":[],"items_purged_floors":[],"is_endless":false,"potions_floor_spawned":[1,3,4],"killed_by":"Lagavulin","ascension_level":16}}