{"host":"q6ff4ns2kep02ti6","time":1614026700,"event":{"mods":["AchievementEnabler","BaseMod","Minty Spire (QoL Compilation)","Relic Stats","StSLib","Unceasing Turn Reminder"],"gold_per_floor":[113,113,123,133,133,133,176,176,176,197,197,122,136,179,179,275,275,299,299,349,75,96,96,130,149,173,173,73,111,124,143,143,143,143],"floor_reached":33,"language":"ENG","playtime":1717,"items_purged":["Decay","Strike_R"],"score":590,"play_id":"d5444912-372a-479d-b848-061e700d1b27","local_time":"20210222214500","is_ascension_mode":true,"campfire_choices":[{"data":"Carnage","floor":6,"key":"SMITH"},{"data":"Mayhem","floor":8,"key":"SMITH"},{"data":"Fire Breathing","floor":11,"key":"SMITH"},{"data":"Clothesline","floor":15,"key":"SMITH"},{"floor":23,"key":"REST"},{"floor":27,"key":"RECALL"},{"floor":32,"key":"REST"}],"circlet_count":0,"master_deck":["AscendersBane","Strike_R","Strike_R","Strike_R","Strike_R+1","Defend_R","Defend_R","Defend_R+1","Defend_R","Bash","Mayhem+1","Carnage+1","Fire Breathing+1","Thunderclap","Headbutt","Clothesline+1","Barricade","Shrug It Off","Ghostly","Ghostly","Ghostly","Reckless Charge+1","Shrug It Off"],"relics":["Burning Blood","Golden Idol","Anchor","Gremlin Horn","Orichalcum","Fusion Hammer","Self Forming Clay","Frozen Egg 2","Omamori","Bag of Preparation"],"acts_visited":["Exordium","TheCity"],"potions_floor_usage":[7,16,24,24,29,33],"damage_taken":[{"damage":7,"enemies":"Small Slimes","floor":1,"turns":5},{"damage":4,"enemies":"Jaw Worm","floor":3,"turns":3},{"damage":0,"enemies":"2 Louse","floor":4,"turns":3},{"damage":26,"enemies":"Lagavulin","floor":7,"turns":6},{"damage":0,"enemies":"2 Fungi Beasts","floor":10,"turns":2},{"damage":0,"enemies":"Lots of Slimes","floor":13,"turns":2},{"damage":7,"enemies":"3 Sentries","floor":14,"turns":4},{"damage":11,"enemies":"Slime Boss","floor":16,"turns":7},{"damage":20,"enemies":"Shell Parasite","floor":18,"turns":7},{"damage":18,"enemies":"3 Byrds","floor":22,"turns":6},{"damage":8,"enemies":"Gremlin Leader","floor":24,"turns":6},{"damage":0,"enemies":"Centurion and Healer","floor":25,"turns":6},{"damage":15,"enemies":"Book of Stabbing","floor":29,"turns":6},{"damage":20,"enemies":"Cultist and Chosen","floor":30,"turns":6},{"damage":0,"enemies":"3 Cultists","floor":31,"turns":5},{"damage":40,"enemies":"Champ","floor":33,"turns":13}],"seed_played":"-244546555819186697","potions_obtained":[{"floor":1,"key":"GamblersBrew"},{"floor":4,"key":"DuplicationPotion"},{"floor":10,"key":"Energy Potion"},{"floor":13,"key":"Block Potion"},{"floor":22,"key":"LiquidBronze"},{"floor":24,"key":"Explosive Potion"},{"floor":25,"key":"Explosive Potion"}],"is_trial":false,"path_per_floor":["M","?","M","M","?","R","E","R","T","M","R","$","M","E","R","B",null,"M","?","?","$","M","R","E","M","T","R","$","E","M","M","R","B"],"character_chosen":"IRONCLAD","items_purchased":["Self Forming Clay"],"campfire_rested":2,"item_purchase_floors":[21],"current_hp_per_floor":[67,44,46,52,52,52,32,32,32,38,38,38,44,43,43,38,61,47,34,34,34,22,32,30,34,34,34,34,25,11,17,27,0,0],"gold":143,"neow_bonus":"RANDOM_COLORLESS_2","is_daily":false,"chose_seed":false,"campfire_upgraded":4,"win_rate":0.0,"timestamp":1614026700,"path_taken":["M","?","M","M","?","R","E","R","T","M","R","?","M","E","R","BOSS","M","?","?","$","M","R","E","M","T","R","$","E","M","M","R","BOSS"],"items_purchased_type":["Relic"],"build_version":"2020-12-22","purchased_purges":2,"victory":false,"max_hp_per_floor":[75,75,75,75,68,68,68,68,68,68,68,68,68,68,68,68,68,68,34,34,34,34,34,34,34,34,34,34,34,34,34,34,34,34],"relic_stats":{"Gremlin Horn":[20,20],"counters":[16,87],"Golden Idol":79,"Self Forming Clay":[72],"Bag of Preparation":[6],"Orichalcum":[48],"obtain_stats":[{"Anchor":7,"Gremlin Horn":9,"Golden Idol":5,"Self Forming Clay":21,"Fusion Hammer":17,"Omamori":26,"Bag of Preparation":29,"Orichalcum":14,"Frozen Egg 2":24,"Burning Blood":0},{"Anchor":4,"Gremlin Horn":4,"Golden Idol":3,"Self Forming Clay":9,"Fusion Hammer":8,"Omamori":12,"Bag of Preparation":13,"Orichalcum":7,"Frozen Egg 2":11,"Burning Blood":0},{"Anchor":17,"Gremlin Horn":17,"Golden Idol":11,"Self Forming Clay":39,"Fusion Hammer":32,"Omamori":57,"Bag of Preparation":63,"Orichalcum":25,"Frozen Egg 2":51,"Burning Blood":0}],"Burning Blood":88},"card_choices":[{"not_picked":["Violence","Sadistic Nature"],"picked":"Mayhem","floor":0},{"not_picked":["Warcry","Sentinel"],"picked":"Carnage","floor":1},{"not_picked":["Reckless Charge","Headbutt"],"picked":"Fire Breathing","floor":3},{"not_picked":["Sword Boomerang","Havoc"],"picked":"Thunderclap","floor":4},{"not_picked":["Pommel Strike","Havoc"],"picked":"Headbutt","floor":7},{"not_picked":["Wild Strike","Sword Boomerang","Clash"],"picked":"SKIP","floor":10},{"not_picked":["True Grit","Twin Strike","Flex"],"picked":"SKIP","floor":13},{"not_picked":["Bloodletting","Warcry"],"picked":"Clothesline","floor":14},{"not_picked":["Fiend Fire","Offering"],"picked":"Barricade","floor":16},{"not_picked":["Searing Blow","True Grit"],"picked":"Shrug It Off","floor":18},{"not_picked":["Perfected Strike","Sever Soul+1"],"picked":"Reckless Charge+1","floor":22},{"not_picked":["Rage","Clothesline"],"picked":"Shrug It Off","floor":24},{"not_picked":["Fire Breathing+1","Hemokinesis","Uppercut"],"picked":"SKIP","floor":25},{"not_picked":["Searing Blow","Clothesline","Iron Wave"],"picked":"SKIP","floor":29},{"not_picked":["Shrug It Off","Perfected Strike","Iron Wave"],"picked":"SKIP","floor":30},{"not_picked":["Pummel","Warcry","Combust+1"],"picked":"SKIP","floor":31}],"player_experience":1090165,"relics_obtained":[{"floor":7,"key":"Anchor"},{"floor":9,"key":"Gremlin Horn"},{"floor":14,"key":"Orichalcum"},{"floor":24,"key":"Frozen Egg 2"},{"floor":26,"key":"Omamori"},{"floor":29,"key":"Bag of Preparation"}],"event_choices":[{"damage_healed":0,"gold_gain":0,"player_choice":"Entered Light","damage_taken":23,"max_hp_gain":0,"max_hp_loss":0,"event_name":"Shining Light","floor":2,"gold_loss":0,"cards_upgraded":["Defend_R","Strike_R"]},{"damage_healed":0,"gold_gain":0,"player_choice":"Lose Max HP","damage_taken":0,"relics_obtained":["Golden Idol"],"max_hp_gain":0,"max_hp_loss":7,"event_name":"Golden Idol","floor":5,"gold_loss":0},{"damage_healed":0,"gold_gain":0,"player_choice":"Became a Ghost","damage_taken":0,"max_hp_gain":0,"max_hp_loss":34,"event_name":"Ghosts","floor":19,"gold_loss":0,"cards_obtained":["Ghostly","Ghostly","Ghostly"]},{"damage_healed":0,"gold_gain":50,"player_choice":"Stole From Cult","damage_taken":0,"max_hp_gain":0,"max_hp_loss":0,"event_name":"Nest","floor":20,"gold_loss":0}],"is_beta":false,"boss_relics":[{"not_picked":["Philosopher\u0027s Stone","Sozu"],"picked":"Fusion Hammer"}],"items_purged_floors":[12,28],"is_endless":false,"potions_floor_spawned":[1,4,10,13,22,24,25],"killed_by":"Champ","ascension_level":20}}