{"host":"xumidyqji6pg2yy3","time":1614007900,"event":{"mods":["ATMod(°¢èªMod)","BaseMod","Colored Map","GungeonMod","Minty Spire (QoL Compilation)","MostiFishMod","Quick Restart","StSLib","[IsaacMod]ÒÔÈö¼âËþ"],"gold_per_floor":[114,161,9,9,38,71,78,78,78,119,119,145,145,165,165,265,265,265],"floor_reached":17,"language":"ZHS","playtime":912,"items_purged":["DemoMod:Strike_Huntress"],"score":226,"play_id":"627dd770-1f71-43b0-a85f-f010facc3947","local_time":"20210222233140","is_ascension_mode":true,"campfire_choices":[{"data":"DemoMod:ConditionalReflex","floor":8.0,"key":"SMITH"},{"data":"DemoMod:ManualReload","floor":11.0,"key":"SMITH"},{"data":"DemoMod:FastSwitch","floor":13.0,"key":"SMITH"},{"data":"DemoMod:PotionOfGunFriendShip","floor":15,"key":"SMITH"}],"circlet_count":0,"master_deck":["DemoMod:Strike_Huntress","DemoMod:Strike_Huntress","DemoMod:Defend_Huntress","DemoMod:Defend_Huntress","DemoMod:Defend_Huntress","DemoMod:Defend_Huntress","DemoMod:Roll","DemoMod:ManualReload+1","DemoMod:RustySidearm","DemoMod:CrossBow","AT_FamilyPortrait","DemoMod:Elimentaler","DemoMod:PotionOfGunFriendShip+1","DemoMod:HungryBullets","DemoMod:ConditionalReflex+1","DemoMod:Evolver","DemoMod:Elimentaler","DemoMod:FastSwitch+1"],"relics":["DemoMod:Dog","HushsDoor","AT_ATBox","DaveBox","SalivaCoin","MostiFishMod:Haymaker","SynthV:TestCard","Civilization","Tiny Chest","DemoMod:DecoyRelic","YumHeart","DemoMod:Wolf","GuppysHead"],"acts_visited":["Exordium","TheCity"],"potions_floor_usage":[16],"damage_taken":[{"damage":0.0,"enemies":"2 Louse","floor":1.0,"turns":2.0},{"damage":6.0,"enemies":"Small Slimes","floor":2.0,"turns":2.0},{"damage":8.0,"enemies":"Jaw Worm","floor":5.0,"turns":3.0},{"damage":12.0,"enemies":"Lagavulin","floor":6.0,"turns":7.0},{"damage":8.0,"enemies":"Gremlin Nob","floor":10.0,"turns":3.0},{"damage":4.0,"enemies":"3 Louse","floor":12.0,"turns":4.0},{"damage":1,"enemies":"Exordium Wildlife","floor":14,"turns":3},{"damage":0,"enemies":"Hexaghost","floor":16,"turns":8}],"seed_played":"7800855078001127359","potions_obtained":[{"floor":5.0,"key":"SpeedPotion"},{"floor":12.0,"key":"CultistPotion"},{"floor":16,"key":"DistilledChaos"}],"is_trial":false,"path_per_floor":["M","M","$","?","M","E","?","R","T","E","R","M","R","M","R","B",null],"character_chosen":"HUNTRESS","items_purchased":["Civilization","GuppysHead"],"campfire_rested":0,"item_purchase_floors":[3,17],"current_hp_per_floor":[70,64,64,69,62,52,42,42,42,37,37,63,63,67,67,72,81,81],"gold":265,"neow_bonus":"ONE_RANDOM_RARE_CARD","is_daily":false,"chose_seed":false,"campfire_upgraded":4,"win_rate":0.0,"timestamp":1614007900,"path_taken":["M","M","$","?","M","E","?","R","T","E","R","?","R","M","R","BOSS"],"items_purchased_type":["Relic","Relic"],"build_version":"2020-12-22","purchased_purges":1,"victory":false,"max_hp_per_floor":[70,70,70,75,76,78,78,78,78,81,81,86,86,91,91,96,81,81],"card_choices":[{"not_picked":["DemoMod:GunstockTap","DemoMod:BattleInHaste"],"picked":"DemoMod:PotionOfGunFriendShip","floor":1.0},{"not_picked":["DemoMod:MachoBrace","DemoMod:CursedBullets","DemoMod:AWP","DemoMod:Polaris"],"picked":"DemoMod:HungryBullets","floor":2.0},{"not_picked":["DemoMod:BattleInHaste","DemoMod:AC15","DemoMod:ZorGun","DemoMod:ChanceBullets"],"picked":"DemoMod:ConditionalReflex","floor":5.0},{"not_picked":["DemoMod:BSG","DemoMod:SAA","DemoMod:HighKaliber","DemoMod:AC15"],"picked":"DemoMod:Evolver","floor":6.0},{"not_picked":["DemoMod:Purify","DemoMod:GunShield","DemoMod:HungryBullets","DemoMod:Unity"],"picked":"DemoMod:Elimentaler","floor":10.0},{"not_picked":["DemoMod:HuntsMan","DemoMod:Polaris","DemoMod:StickyCrossBow","DemoMod:MachoBrace"],"picked":"DemoMod:FastSwitch","floor":12.0},{"not_picked":["DemoMod:HighKaliber","DemoMod:DirectionalPad","DemoMod:ConditionalReflex","DemoMod:DoubleSwitch","DemoMod:CursedBullets"],"picked":"SKIP","floor":14}],"player_experience":103767,"relics_obtained":[{"floor":1.0,"key":"SynthV:TestCard"},{"floor":6.0,"key":"Tiny Chest"},{"floor":9.0,"key":"DemoMod:DecoyRelic"},{"floor":10.0,"key":"YumHeart"}],"event_choices":[{"damage_healed":0.0,"max_hp_gain":5.0,"max_hp_loss":0.0,"gold_gain":0.0,"event_name":"Big Fish","player_choice":"Donut","floor":4.0,"gold_loss":0.0,"damage_taken":0.0}],"is_beta":false,"boss_relics":[{"not_picked":["RhineCircuit","Snecko Eye"],"picked":"DemoMod:Wolf"},{"not_picked":[]}],"items_purged_floors":[17],"is_endless":false,"potions_floor_spawned":[5,12,16],"ascension_level":1}}