{"host":"dlqyscxstsnu98l1","time":1614032516,"event":{"mods":["AchievementEnabler","BaseMod","Colored Map","Colored Powertips","GifTheSpireLib","Highlight Path","Minty Spire (QoL Compilation)","Random Character Button","SacredBarkPlus","StSLib","everything is the same but u backflip on backflip"],"gold_per_floor":[119,139,152,327,327,327,34,69,69,105,128,97,118,140,140,247,247,271,292,310,68,95,95,119,163,163,204,239,272,284,316,328,452,464,498,218,230,254,254,285,285,322,322,322,672,687,718,736,736,736,736],"floor_reached":50,"language":"ENG","playtime":3029,"items_purged":["Doubt","Strike_P"],"score":817,"play_id":"f38cfc3b-b1e2-4575-8624-155fea512a24","local_time":"20210222162156","is_ascension_mode":true,"campfire_choices":[{"data":"Protect","floor":6.0,"key":"SMITH"},{"floor":15.0,"key":"REST"},{"data":"Tantrum","floor":23.0,"key":"SMITH"},{"floor":30,"key":"REST"},{"data":"Ragnarok","floor":32,"key":"SMITH"},{"floor":41,"key":"RECALL"},{"floor":44,"key":"REST"},{"floor":49,"key":"REST"}],"circlet_count":0,"master_deck":["Strike_P","Defend_P","Defend_P","Defend_P","Defend_P","Eruption+1","Vigilance+1","FollowUp","Protect+1","Sanctity","Wallop","Protect","CutThroughFate","FlyingSleeves","Tantrum+1","Brilliance","Prostrate+1","ReachHeaven","PathToVictory","WindmillStrike","Halt","ClearTheMind+1","Prostrate+1","Ragnarok+1","Vault","Study+1","Worship","ThirdEye","DevaForm+1","EmptyBody+1","ThirdEye+1","Meditate+1","Madness","Madness"],"relics":["PureWater","Centennial Puzzle","Blood Vial","StrikeDummy","CeramicFish","Akabeko","Philosopher\u0027s Stone","ClockworkSouvenir","Bag of Preparation","Frozen Egg 2","MawBank","Busted Crown","Membership Card","Bag of Marbles","InkBottle","War Paint","Kunai","Old Coin","Potion Belt"],"acts_visited":["Exordium","TheCity","TheBeyond"],"potions_floor_usage":[27,27,35,42,50,50],"damage_taken":[{"damage":0.0,"enemies":"Jaw Worm","floor":1.0,"turns":3.0},{"damage":2.0,"enemies":"2 Louse","floor":2.0,"turns":2.0},{"damage":1.0,"enemies":"Small Slimes","floor":3.0,"turns":3.0},{"damage":15.0,"enemies":"3 Sentries","floor":8.0,"turns":8.0},{"damage":25.0,"enemies":"Lagavulin","floor":10.0,"turns":7.0},{"damage":1.0,"enemies":"Exordium Wildlife","floor":11.0,"turns":3.0},{"damage":0.0,"enemies":"Gremlin Gang","floor":13.0,"turns":3.0},{"damage":6.0,"enemies":"Blue Slaver","floor":14.0,"turns":3.0},{"damage":8.0,"enemies":"Slime Boss","floor":16.0,"turns":6.0},{"damage":9.0,"enemies":"Chosen","floor":18.0,"turns":2.0},{"damage":0.0,"enemies":"Spheric Guardian","floor":19.0,"turns":2.0},{"damage":6.0,"enemies":"Snecko","floor":22.0,"turns":3.0},{"damage":4.0,"enemies":"3 Cultists","floor":24.0,"turns":4.0},{"damage":3.0,"enemies":"Gremlin Leader","floor":25.0,"turns":5.0},{"damage":15,"enemies":"Book of Stabbing","floor":27,"turns":3},{"damage":10,"enemies":"Shelled Parasite and Fungi","floor":28,"turns":5},{"damage":0,"enemies":"Sentry and Sphere","floor":29,"turns":2},{"damage":0,"enemies":"Chosen and Byrds","floor":31,"turns":3},{"damage":1,"enemies":"Automaton","floor":33,"turns":6},{"damage":0,"enemies":"3 Shapes","floor":35,"turns":2},{"damage":0,"enemies":"Orb Walker","floor":37,"turns":1},{"damage":0,"enemies":"Spire Growth","floor":38,"turns":3},{"damage":0,"enemies":"Reptomancer","floor":40,"turns":4},{"damage":33,"enemies":"Nemesis","floor":42,"turns":5},{"damage":0,"enemies":"Mind Bloom Boss Battle","floor":45,"turns":2},{"damage":4,"enemies":"Transient","floor":46,"turns":6},{"damage":6,"enemies":"Reptomancer","floor":47,"turns":5},{"damage":69,"enemies":"Donu and Deca","floor":50,"turns":7}],"seed_played":"-7137822121685455816","potions_obtained":[{"floor":1.0,"key":"PowerPotion"},{"floor":10.0,"key":"DistilledChaos"},{"floor":13.0,"key":"Block Potion"},{"floor":14.0,"key":"Ancient Potion"},{"floor":18.0,"key":"Block Potion"},{"floor":24.0,"key":"CultistPotion"},{"floor":27,"key":"FearPotion"},{"floor":31,"key":"EssenceOfSteel"},{"floor":33,"key":"Swift Potion"},{"floor":35,"key":"GamblersBrew"}],"is_trial":false,"path_per_floor":["M","M","M","?","?","R","$","E","T","E","M","?","M","M","R","B",null,"M","M","?","$","M","R","M","E","T","E","M","M","R","M","R","B",null,"M","$","M","M","?","E","R","E","T","R","?","M","E","?","R","B"],"character_chosen":"WATCHER","items_purchased":["Blood Vial","Sanctity","Halt","ClockworkSouvenir","Fire Potion","Membership Card","Bag of Marbles","Block Potion"],"campfire_rested":4,"item_purchase_floors":[7,7,21,21,21,36,36,36],"current_hp_per_floor":[65,63,62,62,62,62,62,49,49,26,27,27,29,25,46,40,64,57,59,59,59,55,55,53,52,52,39,31,33,54,56,56,57,68,70,70,72,72,62,64,64,33,33,54,56,54,50,41,62,0,0],"gold":736,"neow_bonus":"RANDOM_COMMON_RELIC","is_daily":false,"chose_seed":false,"campfire_upgraded":3,"win_rate":0.0,"timestamp":1614032516,"path_taken":["M","M","M","?","?","R","$","E","T","E","?","?","M","M","R","BOSS","M","M","?","$","M","R","M","E","T","E","M","M","R","M","R","BOSS","M","$","M","M","?","E","R","E","T","R","?","M","E","?","R","BOSS"],"items_purchased_type":["Relic","Card","Card","Relic","Potion","Relic","Relic","Potion"],"build_version":"2020-12-22","purchased_purges":2,"victory":false,"max_hp_per_floor":[72,72,72,72,72,72,72,72,72,72,72,72,72,72,72,72,72,72,72,72,72,72,72,72,72,72,72,72,72,72,72,72,72,72,72,72,72,72,72,72,72,72,72,72,72,72,72,72,72,72,72],"card_choices":[{"not_picked":["Vengeance","WaveOfTheHand"],"picked":"FollowUp","floor":1.0},{"not_picked":["WindmillStrike","FollowUp"],"picked":"Protect","floor":2.0},{"not_picked":["CrushJoints","EmptyMind","SashWhip"],"picked":"SKIP","floor":3.0},{"not_picked":["Swivel","Study"],"picked":"Wallop","floor":8.0},{"not_picked":["Establishment","ForeignInfluence"],"picked":"Protect","floor":10.0},{"not_picked":["ClearTheMind","EmptyBody"],"picked":"CutThroughFate","floor":11.0},{"not_picked":["Study","Wireheading"],"picked":"FlyingSleeves","floor":13.0},{"not_picked":["Vengeance","Halt"],"picked":"Tantrum","floor":14.0},{"not_picked":["Omniscience","SpiritShield"],"picked":"Brilliance","floor":16.0},{"not_picked":["CarveReality","PathToVictory"],"picked":"Prostrate+1","floor":18.0},{"not_picked":["ThirdEye","EmptyBody"],"picked":"ReachHeaven","floor":19.0},{"not_picked":["Crescendo","TalkToTheHand"],"picked":"ClearTheMind+1","floor":22.0},{"not_picked":["CutThroughFate+1","BattleHymn+1"],"picked":"Prostrate","floor":24.0},{"not_picked":["Protect","ClearTheMind+1"],"picked":"Ragnarok","floor":25.0},{"not_picked":["ClearTheMind","SandsOfTime+1"],"picked":"Vault","floor":27},{"not_picked":["SashWhip","FlurryOfBlows+1"],"picked":"Study+1","floor":28},{"not_picked":["Study+1","CutThroughFate"],"picked":"Worship","floor":29},{"not_picked":["SandsOfTime","FlurryOfBlows"],"picked":"ThirdEye","floor":31},{"not_picked":["DeusExMachina","Brilliance"],"picked":"DevaForm+1","floor":33},{"not_picked":[],"picked":"EmptyBody+1","floor":35},{"not_picked":["ForeignInfluence+1"],"picked":"SKIP","floor":37},{"not_picked":[],"picked":"ThirdEye+1","floor":38},{"not_picked":["Consecrate"],"picked":"SKIP","floor":40},{"not_picked":[],"picked":"Meditate+1","floor":42},{"not_picked":["FlyingSleeves"],"picked":"SKIP","floor":46},{"not_picked":["JustLucky+1"],"picked":"SKIP","floor":47}],"player_experience":268387,"relics_obtained":[{"floor":8.0,"key":"StrikeDummy"},{"floor":9.0,"key":"CeramicFish"},{"floor":10.0,"key":"Akabeko"},{"floor":25.0,"key":"Bag of Preparation"},{"floor":26.0,"key":"Frozen Egg 2"},{"floor":27,"key":"MawBank"},{"floor":40,"key":"InkBottle"},{"floor":42,"key":"War Paint"},{"floor":43,"key":"Kunai"},{"floor":45,"key":"Old Coin"},{"floor":47,"key":"Potion Belt"}],"event_choices":[{"damage_healed":0.0,"max_hp_gain":0.0,"max_hp_loss":0.0,"gold_gain":175.0,"event_name":"Liars Game","player_choice":"AGREE","floor":4.0,"gold_loss":0.0,"damage_taken":0.0,"cards_obtained":["Doubt"]},{"damage_healed":0.0,"max_hp_gain":0.0,"max_hp_loss":0.0,"gold_gain":0.0,"event_name":"Living Wall","player_choice":"Grow","floor":5.0,"gold_loss":0.0,"damage_taken":0.0,"cards_upgraded":["Eruption"]},{"damage_healed":0.0,"max_hp_gain":0.0,"max_hp_loss":0.0,"gold_gain":0.0,"event_name":"World of Goop","player_choice":"Left Gold","floor":12.0,"gold_loss":31.0,"damage_taken":0.0},{"damage_healed":0.0,"max_hp_gain":0.0,"max_hp_loss":0.0,"gold_gain":0.0,"cards_transformed":["Strike_P","Strike_P"],"event_name":"Drug Dealer","player_choice":"Became Test Subject","floor":20.0,"gold_loss":0.0,"damage_taken":0.0,"cards_obtained":["PathToVictory","WindmillStrike"]},{"damage_healed":0,"gold_gain":0,"player_choice":"Memory 3","damage_taken":10,"max_hp_gain":0,"max_hp_loss":0,"event_name":"SensoryStone","floor":39,"gold_loss":0},{"damage_healed":0,"gold_gain":0,"player_choice":"Fight","damage_taken":0,"max_hp_gain":0,"max_hp_loss":0,"event_name":"MindBloom","floor":45,"gold_loss":0},{"damage_healed":0,"gold_gain":0,"player_choice":"Embrace Madness","damage_taken":9,"max_hp_gain":0,"max_hp_loss":0,"event_name":"Winding Halls","floor":48,"gold_loss":0,"cards_obtained":["Madness","Madness"]}],"is_beta":false,"boss_relics":[{"not_picked":["SacredBark","VioletLotus"],"picked":"Philosopher\u0027s Stone"},{"not_picked":["HolyWater","Pandora\u0027s Box"],"picked":"Busted Crown"}],"items_purged_floors":[7,36],"is_endless":false,"potions_floor_spawned":[1,10,13,14,18,24,27,31,33,35,37,38],"killed_by":"Donu and Deca","ascension_level":6}}