{"host":"kv06jx36eid0zw4n","time":1614032001,"event":{"mods":["AchievementEnabler","Act Like it!","Aspiration","BaseMod","Beaked The Cultist","Better Note","Better Skull","Better Third Choice","BetterRewards","Block Reminder","Bossed Relics","CCEM2","Colored Map","Conspire","Curses Come First","Dota2Spire","Elementarium","Energized Spire","Fox Events","Friendly Minions","Gensokyo","GifTheSpireLib","Glutton Mod","GungeonMod","Halation","Hallownest","Hermit","Hubris","Infinite Spire","Key Reminder","KomeijiMod","Lobotomy","LobotomyExtend","Menagerie","Mimic Mod","Minty Spire (QoL Compilation)","MostiFishMod","Pale of the Ancients","Quarter Circle Forward PUNCH!","Rare Cards Sparkle","Reliquary","Replay The Spire","Ruina","RumiaBox-????????","Small Relic Pack","Spicy Shops","StSLib","Stuff the Spire","The Blue Laboratory","The Cursed","Trackpad","Uncapped","Wandering Minibosses","Wide Potions","[IsaacMod]????"],"gold_per_floor":[364,380,21,21,21,55,55,86,86,86,113,113,148,66,98,98,98,175,175,194,194,194,211,228,258,258,284,284,284,304,319,329,341,352,352,352,352],"floor_reached":36,"language":"ENG","playtime":2401,"items_purged":[],"score":766,"play_id":"31d531a4-7c05-4626-b9f8-bc7071d57305","local_time":"20210222231321","is_ascension_mode":true,"campfire_choices":[{"floor":7.0,"key":"RECALL"},{"data":"DoctorFetus","floor":12.0,"key":"SMITH"},{"data":"hubris:DuctTapeCard","floor":17,"key":"SMITH"},{"data":"StuffTheSpire:BumpUp","floor":26,"key":"SMITH"},{"data":"Terror","floor":29,"key":"SMITH"},{"data":"Infinite Blades","floor":35,"key":"SMITH"}],"circlet_count":0,"master_deck":["StuffTheSpire:BumpUp+1","Underhanded Strike","Terror+1","Phantasmal Killer","Blade Dance+1","MostiFishMod:InvigoratingSolution","Noxious Fumes","Deadly Poison+1","Infinite Blades+1"],"relics":["Ring of the Snake","DaveBox","HushsDoor","BirthdayGift-Icosahedron","BelialBook","SynthV:TestCard","LetterFromLob","StuffTheSpire:RedRose","halation:PinkSoulGem","CCEMRelics:LatexGloves","keyreminder:keyreminder","hubris:TenFootPole","Oddly Smooth Stone","Dead Branch","hubris:DuctTape","Painkiller Herb","DemoMod:GlassGuonStoneRelic","trackpad:SappingStone","CCEMRelics:HeliumBalloon"],"acts_visited":["Exordium","Hallownest:CityofTears","DemoMod:Maze"],"potions_floor_usage":[18,25,31,36],"damage_taken":[{"damage":0.0,"enemies":"Jaw Worm","floor":1.0,"turns":3.0},{"damage":0.0,"enemies":"2 Louse","floor":2.0,"turns":3.0},{"damage":4.0,"enemies":"3 Sentries","floor":6.0,"turns":3.0},{"damage":2.0,"enemies":"Lagavulin","floor":8.0,"turns":4.0},{"damage":13.0,"enemies":"Gremlin Nob","floor":13.0,"turns":3.0},{"damage":0.0,"enemies":"Replay:BlueRogue","floor":15.0,"turns":2.0},{"damage":0,"enemies":"The Guardian","floor":18,"turns":5},{"damage":0,"enemies":"Hallownest:Guard_and_Sentry","floor":20,"turns":2},{"damage":9,"enemies":"Hallownest:2_Mistakes","floor":23,"turns":3},{"damage":0,"enemies":"Hallownest:Master_and_Novice","floor":24,"turns":1},{"damage":11,"enemies":"Hallownest:eliteSoulWarrior","floor":25,"turns":2},{"damage":0,"enemies":"Hallownest:Nosk","floor":27,"turns":3},{"damage":0,"enemies":"DemoMod:Veteran_shot_gun_kin_and_bullet_kin","floor":30,"turns":3},{"damage":0,"enemies":"DemoMod:Red_and_blue_shotgun_kin","floor":31,"turns":2},{"damage":0,"enemies":"DemoMod:Veteran_shot_gun_kin_and_red_shotgun_kin_with_gunsinger","floor":32,"turns":2},{"damage":0,"enemies":"DemoMod:Veteran_shot_gun_kin_and_blue_shotgun_kin_with_gunsinger","floor":33,"turns":2},{"damage":0,"enemies":"DemoMod:Red_and_blue_shotgun_kin_with_gunsinger","floor":34,"turns":1},{"damage":0,"enemies":"DemoMod:ResourcefulRat","floor":36,"turns":4}],"seed_played":"-1288253777469577678","potions_obtained":[{"floor":8.0,"key":"blueLaboratory:ImpenetrablePotion"},{"floor":23,"key":"blueLaboratory:PhilterOfMotion"},{"floor":30,"key":"blueLaboratory:FruitPunch"},{"floor":32,"key":"Dexterity Potion"}],"is_trial":false,"path_per_floor":["M","M","$","?","?","E","R","E","PTL","PTL","T","R","E","$","E","?","R","B",null,"?","?","?","?","?","E","T","E","T","T","?","?","?","?","?","T","B"],"character_chosen":"THE_SILENT","items_purchased":["StuffTheSpire:Python","DemoMod:GnawedKey","MostiFishMod:InvigoratingSolution","MostiFishMod:VineMother","Footwork"],"campfire_rested":0,"item_purchase_floors":[3,3,3,14,19],"current_hp_per_floor":[45,46,46,46,46,43,43,42,42,42,42,42,30,30,31,24,24,25,54,55,55,55,47,48,38,38,39,58,58,59,62,63,64,65,65,65,65],"gold":352,"neow_bonus":"TWO_FIFTY_GOLD","is_daily":false,"chose_seed":false,"campfire_upgraded":5,"win_rate":0.0,"timestamp":1614032001,"path_taken":["M","M","$","?","?","E","R","E","PTL","PTL","T","R","E","$","E","?","R","BOSS","?","?","?","?","?","E","T","E","T","T","?","?","?","?","?","T","BOSS"],"items_purchased_type":["Card","Relic","Card","Card","Card"],"build_version":"2020-12-22","purchased_purges":0,"victory":false,"max_hp_per_floor":[66,66,66,66,66,66,66,66,66,66,66,66,66,66,66,66,66,66,64,64,64,64,64,64,64,64,64,64,64,64,66,66,66,66,66,66,66],"card_choices":[{"not_picked":[],"picked":"DoctorFetus","floor":0.0},{"not_picked":["Sucker Punch","hubris:SlightOfHand"],"picked":"Replay:Poison Smokescreen","floor":1.0},{"not_picked":["Deadly Poison","Prepared","Deflect","hubris:SlightOfHand"],"picked":"Terror","floor":2.0},{"not_picked":["Dagger Throw","Quick Slash","Tools of the Trade","Underhanded Strike"],"picked":"PiercingWail","floor":6.0},{"not_picked":["StuffTheSpire:ClusterCrunch","Blade Dance","Poisoned Stab","Dodge and Roll"],"picked":"All Out Attack","floor":8.0},{"not_picked":["Bane","hubris:SlightOfHand","Poisoned Stab","StuffTheSpire:BumpUp"],"picked":"MostiFishMod:InvigoratingSolution","floor":13.0},{"not_picked":["MostiFishMod:PerfectParry","Backflip","Adrenaline","StuffTheSpire:Injection"],"picked":"Dagger Spray","floor":15.0},{"not_picked":["ReplayTheSpireMod:Haul","infinitespire:SealOfDarkness+"],"picked":"infinitespire:NeuralNetwork","floor":16.0},{"not_picked":["MostiFishMod:HiddenBlade","MostiFishMod:LethalBlade","Glass Knife","MostiFishMod:Opportunism"],"picked":"Venomology","floor":18},{"not_picked":["Poisoned Stab","StuffTheSpire:Injection","Prepared","StuffTheSpire:ClusterCrunch"],"picked":"Outmaneuver","floor":20},{"not_picked":["Underhanded Strike","Calculated Gamble","MostiFishMod:PerfectParry","Well Laid Plans"],"picked":"StuffTheSpire:BumpUp","floor":23},{"not_picked":["All Out Attack","Dagger Throw","Bane","Deflect"],"picked":"Underhanded Strike","floor":24},{"not_picked":["MostiFishMod:Listen","StuffTheSpire:BrimstoneBlast","hubris:Counter","StuffTheSpire:Injection"],"picked":"Terror","floor":25},{"not_picked":["Quick Slash","Hidden Blade","StuffTheSpire:FinalStruggle","Backflip"],"picked":"Phantasmal Killer","floor":27},{"not_picked":["conspire:DoublingDagger","Accuracy","ReplayTheSpireMod:Shiv Toss","StuffTheSpire:Repulse"],"picked":"Blade Dance+1","floor":30},{"not_picked":["Flying Knee","Dagger Throw+1","Prepared","Wraith Form v2"],"picked":"MostiFishMod:InvigoratingSolution","floor":31},{"not_picked":["hubris:SlightOfHand+1","Dagger Throw","Bane+1","Outmaneuver"],"picked":"Noxious Fumes","floor":32},{"not_picked":["Flying Knee","StuffTheSpire:BrimstoneBlast","Poisoned Stab","Heel Hook"],"picked":"Deadly Poison+1","floor":33},{"not_picked":["StuffTheSpire:ClusterCrunch","Flying Knee","Hidden Blade+1","Backflip"],"picked":"Infinite Blades","floor":34}],"player_experience":1677929,"relics_obtained":[{"floor":1.0,"key":"SynthV:TestCard"},{"floor":1.0,"key":"LetterFromLob"},{"floor":6.0,"key":"CCEMRelics:LatexGloves"},{"floor":8.0,"key":"hubris:TenFootPole"},{"floor":11.0,"key":"Oddly Smooth Stone"},{"floor":13.0,"key":"Dead Branch"},{"floor":15.0,"key":"hubris:DuctTape"},{"floor":25,"key":"trackpad:SappingStone"},{"floor":27,"key":"CCEMRelics:HeliumBalloon"}],"event_choices":[],"is_beta":false,"boss_relics":[{"not_picked":["BloodWine","Empty Cage"],"picked":"Painkiller Herb"},{"not_picked":[]}],"items_purged_floors":[],"is_endless":false,"potions_floor_spawned":[6,8,23,30,32],"killed_by":"DemoMod:ResourcefulRat","ascension_level":15}}