{"host":"jngeqill3bw7azzz","time":1614038351,"event":{"mods":["BaseMod","Highlight Path","Minty Spire (QoL Compilation)","Permanent Neow","Relic Stats"],"gold_per_floor":[149,424,439,458,140,140,174,174,174,194,204,233,233,233,233,308,308,328,328,122,122,133,133,165,165,165,192,192,209,209,226,226,226],"floor_reached":32,"language":"ENG","playtime":1794,"items_purged":["Regret"],"score":676,"play_id":"7547324c-2037-4e97-a8dc-d75d47d0d51d","local_time":"20210222185911","is_ascension_mode":true,"campfire_choices":[{"data":"Eruption","floor":6.0,"key":"SMITH"},{"data":"Tantrum","floor":8.0,"key":"SMITH"},{"data":"Crescendo","floor":13,"key":"SMITH"},{"floor":15,"key":"REST"},{"data":"Vault","floor":23,"key":"SMITH"},{"data":"Scrawl","floor":25,"key":"SMITH"},{"data":"Prostrate","floor":28,"key":"SMITH"},{"data":"Prostrate","floor":30,"key":"SMITH"},{"floor":32,"key":"RECALL"}],"circlet_count":0,"master_deck":["AscendersBane","Eruption+1","Vigilance","CutThroughFate","Tantrum+1","EmptyBody","Wallop","TalkToTheHand","JustLucky","Crescendo+1","Swivel","Prostrate+1","Scrawl+1","Prostrate+1","CarveReality","DevaForm","Wireheading","Halt","FlurryOfBlows","Vault+1","ThirdEye","MentalFortress","WheelKick","FearNoEvil"],"relics":["Tiny House","Akabeko","Ornamental Fan","Bag of Preparation","Strawberry","Pandora\u0027s Box","GremlinMask","Blue Candle","Happy Flower"],"acts_visited":["Exordium","TheCity"],"potions_floor_usage":[16,24],"damage_taken":[{"damage":0.0,"enemies":"Small Slimes","floor":1.0,"turns":2.0},{"damage":6.0,"enemies":"Cultist","floor":3.0,"turns":4.0},{"damage":9.0,"enemies":"2 Louse","floor":4.0,"turns":3.0},{"damage":4.0,"enemies":"Gremlin Nob","floor":7.0,"turns":3.0},{"damage":22.0,"enemies":"Exordium Thugs","floor":10.0,"turns":5.0},{"damage":0.0,"enemies":"Red Slaver","floor":11.0,"turns":3.0},{"damage":0,"enemies":"Lagavulin","floor":12,"turns":2},{"damage":8,"enemies":"The Guardian","floor":16,"turns":9},{"damage":0,"enemies":"Spheric Guardian","floor":18,"turns":1},{"damage":0,"enemies":"2 Thieves","floor":22,"turns":3},{"damage":39,"enemies":"Slavers","floor":24,"turns":6},{"damage":0,"enemies":"Gremlin Leader","floor":27,"turns":6},{"damage":1,"enemies":"Snecko","floor":29,"turns":5},{"damage":4,"enemies":"Chosen and Byrds","floor":31,"turns":4}],"seed_played":"-5566324531106401009","potions_obtained":[{"floor":0.0,"key":"SmokeBomb"},{"floor":3.0,"key":"LiquidBronze"},{"floor":10.0,"key":"Fire Potion"},{"floor":22,"key":"Block Potion"},{"floor":27,"key":"LiquidMemories"}],"is_trial":false,"path_per_floor":["M","?","M","M","$","R","E","R","T","M","M","E","R","?","R","B",null,"M","?","$","?","M","R","E","R","T","E","R","M","R","M","R"],"character_chosen":"WATCHER","items_purchased":["Akabeko","EmptyBody","AttackPotion","FlurryOfBlows","Vault"],"campfire_rested":1,"item_purchase_floors":[5,5,5,20,20],"current_hp_per_floor":[66,66,60,51,51,51,47,47,47,25,25,32,32,8,32,24,66,66,66,66,66,66,66,27,27,27,27,27,26,26,22,22,22],"gold":226,"neow_bonus":"BOSS_RELIC","is_daily":false,"chose_seed":false,"campfire_upgraded":7,"win_rate":0.0,"timestamp":1614038351,"path_taken":["M","?","?","M","$","R","E","R","T","M","M","E","R","?","R","BOSS","M","?","$","?","M","R","E","R","T","E","R","M","R","?","R"],"items_purchased_type":["Relic","Card","Potion","Card","Card"],"build_version":"2020-12-22","purchased_purges":1,"victory":false,"max_hp_per_floor":[73,73,73,73,73,73,73,73,73,73,73,80,80,80,80,80,80,80,80,80,80,80,80,80,80,80,80,80,80,80,80,80,80],"relic_stats":{"Happy Flower":[3],"counters":[14,56],"Ornamental Fan":[72],"Blue Candle":[0],"Pandora\u0027s Box":["Swivel","Prostrate","Scrawl","Prostrate","WreathOfFlame","CarveReality","DevaForm","Wireheading"],"Bag of Preparation":[20],"obtain_stats":[{"Tiny House":0,"Happy Flower":27,"Ornamental Fan":7,"Strawberry":12,"Blue Candle":24,"Pandora\u0027s Box":17,"GremlinMask":21,"Bag of Preparation":9,"PureWater":0,"Akabeko":5},{"Tiny House":0,"Happy Flower":12,"Ornamental Fan":4,"Strawberry":7,"Blue Candle":11,"Pandora\u0027s Box":8,"GremlinMask":9,"Bag of Preparation":4,"PureWater":0,"Akabeko":3},{"Tiny House":0,"Happy Flower":47,"Ornamental Fan":12,"Strawberry":22,"Blue Candle":41,"Pandora\u0027s Box":31,"GremlinMask":32,"Bag of Preparation":12,"PureWater":0,"Akabeko":9}]},"card_choices":[{"not_picked":["ThirdEye","FlyingSleeves"],"picked":"CutThroughFate","floor":0.0},{"not_picked":["Protect","Evaluate","PathToVictory"],"picked":"SKIP","floor":3.0},{"not_picked":["FlyingSleeves","DeceiveReality"],"picked":"Tantrum","floor":4.0},{"not_picked":["ThirdEye","Perseverance"],"picked":"Wallop","floor":7.0},{"not_picked":["EmptyBody","FlyingSleeves"],"picked":"TalkToTheHand","floor":10.0},{"not_picked":["ForeignInfluence","Protect"],"picked":"JustLucky","floor":11},{"not_picked":["Wish","ClearTheMind"],"picked":"Crescendo","floor":12},{"not_picked":["EmptyBody","FlyingSleeves"],"picked":"Halt","floor":18},{"not_picked":["SashWhip","EmptyBody"],"picked":"ThirdEye","floor":22},{"not_picked":["Crescendo","BowlingBash"],"picked":"MentalFortress","floor":24},{"not_picked":["BowlingBash","PathToVictory"],"picked":"WheelKick","floor":27},{"not_picked":["WheelKick","BowlingBash","SashWhip"],"picked":"SKIP","floor":29},{"not_picked":["Sanctity","Wallop"],"picked":"FearNoEvil","floor":31}],"player_experience":2688209,"relics_obtained":[{"floor":7.0,"key":"Ornamental Fan"},{"floor":9.0,"key":"Bag of Preparation"},{"floor":12,"key":"Strawberry"},{"floor":24,"key":"Blue Candle"},{"floor":27,"key":"Happy Flower"}],"event_choices":[{"damage_healed":0.0,"max_hp_gain":0.0,"max_hp_loss":0.0,"gold_gain":275.0,"event_name":"Golden Shrine","player_choice":"Desecrate","floor":2.0,"gold_loss":0.0,"damage_taken":0.0,"cards_obtained":["Regret"]},{"damage_healed":0,"gold_gain":0,"player_choice":"Entered Light","damage_taken":24,"max_hp_gain":0,"max_hp_loss":0,"event_name":"Shining Light","floor":14,"gold_loss":0,"cards_upgraded":["Defend_P","Strike_P"]},{"cards_removed":["WreathOfFlame"],"damage_healed":0,"gold_gain":0,"player_choice":"Elegance","damage_taken":0,"max_hp_gain":0,"max_hp_loss":0,"event_name":"Back to Basics","floor":19,"gold_loss":0},{"damage_healed":0,"gold_gain":0,"player_choice":"Trade","damage_taken":0,"relics_obtained":["GremlinMask"],"max_hp_gain":0,"max_hp_loss":0,"event_name":"FaceTrader","floor":21,"gold_loss":0}],"is_beta":false,"boss_relics":[{"not_picked":["SacredBark","Black Star"],"picked":"Pandora\u0027s Box"}],"items_purged_floors":[5],"is_endless":false,"potions_floor_spawned":[3,10,11,22,27,31],"ascension_level":20}}