{"host":"6ggzka4dag2kvku2","time":1614005792,"event":{"mods":["AchievementEnabler","BaseMod","DeckTracker","Minty Spire (QoL Compilation)","Permanent Neow","Quick Restart","SuperFastMode"],"gold_per_floor":[365,7,7,17,92,92,118,118,118,148,160,160,210,245,245,349,349,361,361,361,378,392,419,433,459,459,471,471,189,229,78,78,191,254,280,303,321,321,321,321,355,395,449,479,503,520,107,127,127,127,127,127,65,94,94],"floor_reached":56,"language":"KOR","playtime":6381,"items_purged":["Regret","Parasite"],"score":1718,"play_id":"15cb86e4-d860-43a9-ac32-3df52383b41d","local_time":"20210222235632","is_ascension_mode":true,"campfire_choices":[{"data":"Defragment","floor":6,"key":"SMITH"},{"data":"Dualcast","floor":8,"key":"SMITH"},{"data":"Defragment","floor":12,"key":"SMITH"},{"data":"Fusion","floor":15,"key":"SMITH"},{"floor":28,"key":"REST"},{"data":"Capacitor","floor":32,"key":"SMITH"},{"floor":40,"key":"RECALL"},{"data":"Reboot","floor":49,"key":"SMITH"},{"data":"Coolheaded","floor":52,"key":"SMITH"}],"circlet_count":0,"master_deck":["Zap","Dualcast+1","Cold Snap+1","Defragment+1","Coolheaded+1","Beam Cell","Conserve Battery","Defragment+1","Fusion+1","Reboot+1","Defragment+1","Sunder","Amplify+1","Skim+1","Double Energy+1","White Noise+1","Madness+1","Blizzard","Capacitor+1","Reboot+1","Meteor Strike+1","Creative AI","White Noise+1","Consume+1","Tempest+1","Storm","Double Energy+1","Chill+1","Heatsinks+1","Hologram+1","Mayhem","Enlightenment+1","Glacier+1","Aggregate+1","Double Energy+1","Creative AI","Deep Breath+1","Capacitor"],"relics":["Cracked Core","Lantern","PreservedInsect","HornCleat","Mummified Hand","InkBottle","DataDisk","Bag of Preparation","SlaversCollar","Toxic Egg 2","Anchor","Darkstone Periapt","CeramicFish","Pandora\u0027s Box","Toy Ornithopter","Whetstone","Lee\u0027s Waffle","Incense Burner"],"acts_visited":["Exordium","TheCity","TheBeyond","TheEnding"],"potions_floor_usage":[14,24,54,55,55,55],"damage_taken":[{"damage":4,"enemies":"Jaw Worm","floor":1,"turns":3},{"damage":7,"enemies":"Small Slimes","floor":4,"turns":2},{"damage":17,"enemies":"Lagavulin","floor":7,"turns":6},{"damage":1,"enemies":"3 Sentries","floor":10,"turns":6},{"damage":1,"enemies":"Cultist","floor":11,"turns":3},{"damage":1,"enemies":"Gremlin Nob","floor":14,"turns":3},{"damage":17,"enemies":"The Guardian","floor":16,"turns":13},{"damage":4,"enemies":"Shell Parasite","floor":18,"turns":5},{"damage":5,"enemies":"3 Byrds","floor":21,"turns":6},{"damage":15,"enemies":"Centurion and Healer","floor":22,"turns":6},{"damage":5,"enemies":"Book of Stabbing","floor":23,"turns":5},{"damage":0,"enemies":"Snecko","floor":24,"turns":3},{"damage":17,"enemies":"Slavers","floor":25,"turns":5},{"damage":2,"enemies":"Cultist and Chosen","floor":27,"turns":6},{"damage":0,"enemies":"Gremlin Leader","floor":30,"turns":5},{"damage":26,"enemies":"Champ","floor":33,"turns":13},{"damage":0,"enemies":"Orb Walker","floor":35,"turns":2},{"damage":5,"enemies":"3 Darklings","floor":36,"turns":3},{"damage":0,"enemies":"Writhing Mass","floor":41,"turns":2},{"damage":0,"enemies":"Giant Head","floor":42,"turns":3},{"damage":0,"enemies":"Nemesis","floor":44,"turns":2},{"damage":0,"enemies":"Maw","floor":45,"turns":3},{"damage":0,"enemies":"Spire Growth","floor":46,"turns":1},{"damage":0,"enemies":"3 Darklings","floor":48,"turns":1},{"damage":0,"enemies":"Time Eater","floor":50,"turns":3},{"damage":0,"enemies":"Shield and Spear","floor":54,"turns":4},{"damage":0,"enemies":"The Heart","floor":55,"turns":3}],"seed_played":"-27502225434076804","potions_obtained":[{"floor":1,"key":"Weak Potion"},{"floor":4,"key":"Fruit Juice"},{"floor":18,"key":"ColorlessPotion"},{"floor":21,"key":"Ancient Potion"},{"floor":22,"key":"Fire Potion"},{"floor":35,"key":"PowerPotion"},{"floor":41,"key":"Dexterity Potion"},{"floor":42,"key":"FocusPotion"},{"floor":54,"key":"Swift Potion"}],"is_trial":false,"path_per_floor":["M","$","?","M","?","R","E","R","T","E","M","R","T","E","R","B",null,"M","?","?","M","M","E","M","E","T","M","R","$","E","$","R","B",null,"M","M","?","?","?","R","M","E","T","E","M","M","$","M","R","B",null,"R","$","E","B",null],"character_chosen":"DEFECT","items_purchased":["Defragment","Lantern","Coolheaded","Flash of Steel","White Noise+1","Madness+1","Blizzard","Reboot+1","Creative AI","Deep Breath+1","Lee\u0027s Waffle","Capacitor"],"campfire_rested":1,"item_purchase_floors":[2,2,2,2,29,29,29,31,47,47,47,53],"current_hp_per_floor":[64,64,64,57,46,46,29,29,29,28,27,27,27,31,31,14,73,69,69,69,64,49,44,44,27,27,25,46,46,46,46,46,20,73,73,68,63,63,63,63,69,69,69,69,69,69,83,83,83,83,83,83,83,83,83],"gold":94,"neow_bonus":"TWO_FIFTY_GOLD","is_daily":false,"chose_seed":false,"campfire_upgraded":7,"win_rate":0.0,"timestamp":1614005792,"path_taken":["M","$","?","M","?","R","E","R","T","E","M","R","?","E","R","BOSS","M","?","?","M","?","E","M","E","T","M","R","$","E","?","R","BOSS","M","M","?","?","?","R","M","E","T","E","M","?","$","?","R","BOSS","R","$","E","BOSS"],"items_purchased_type":["Card","Relic","Card","Card","Card","Card","Card","Card","Card","Card","Relic","Card"],"build_version":"2020-12-22","purchased_purges":2,"victory":true,"max_hp_per_floor":[68,68,68,68,68,68,68,68,68,68,68,68,68,73,73,73,73,73,73,73,73,73,73,73,73,73,73,73,73,73,73,73,73,73,73,73,73,73,73,73,79,79,79,79,79,79,83,83,83,83,83,83,83,83,83],"card_choices":[{"not_picked":["Compile Driver","Rebound"],"picked":"Cold Snap","floor":1},{"not_picked":["Rebound","Compile Driver"],"picked":"Beam Cell","floor":4},{"not_picked":["Sweeping Beam","Auto Shields"],"picked":"Conserve Battery","floor":7},{"not_picked":["Lockon","Coolheaded","Turbo"],"picked":"SKIP","floor":10},{"not_picked":["Chill","Thunder Strike"],"picked":"Defragment","floor":11},{"not_picked":["Turbo","Compile Driver"],"picked":"Fusion","floor":14},{"not_picked":["Multi-Cast","Biased Cognition"],"picked":"Reboot","floor":16},{"not_picked":["Turbo+1","Coolheaded","Rebound+1"],"picked":"SKIP","floor":18},{"not_picked":["Streamline+1","Fusion","Reinforced Body"],"picked":"SKIP","floor":21},{"not_picked":["Barrage","Rebound"],"picked":"Sunder","floor":22},{"not_picked":["Steam+1","Auto Shields+1"],"picked":"Amplify+1","floor":23},{"not_picked":["Auto Shields+1","Leap+1","Streamline"],"picked":"SKIP","floor":24},{"not_picked":["Streamline","Cold Snap"],"picked":"Skim+1","floor":25},{"not_picked":["Streamline","Compile Driver+1"],"picked":"Double Energy+1","floor":27},{"not_picked":["Stack+1","Turbo+1"],"picked":"Capacitor","floor":30},{"not_picked":["All For One","Buffer"],"picked":"Meteor Strike","floor":33},{"not_picked":["Barrage","Steam+1"],"picked":"Heatsinks+1","floor":35},{"not_picked":["Leap+1","Ball Lightning"],"picked":"Hologram+1","floor":36},{"not_picked":["Swift Strike","Deep Breath+1"],"picked":"Mayhem","floor":37},{"not_picked":["Flash of Steel","PanicButton+1"],"picked":"Enlightenment+1","floor":37},{"not_picked":["BootSequence+1","Redo+1"],"picked":"Glacier+1","floor":41},{"not_picked":["Redo+1","Turbo+1"],"picked":"Aggregate+1","floor":42},{"not_picked":["Sweeping Beam","Sunder","Hologram+1"],"picked":"SKIP","floor":44},{"not_picked":["Static Discharge","Cold Snap+1"],"picked":"Double Energy+1","floor":45},{"not_picked":["Undo+1","Compile Driver+1","Steam Power+1"],"picked":"SKIP","floor":46},{"not_picked":["Streamline+1","Hologram+1","Blizzard"],"picked":"SKIP","floor":48},{"not_picked":["Compile Driver","Turbo+1","Sweeping Beam+1"],"picked":"SKIP","floor":54}],"player_experience":136690,"relics_obtained":[{"floor":7,"key":"HornCleat"},{"floor":9,"key":"Mummified Hand"},{"floor":10,"key":"InkBottle"},{"floor":13,"key":"DataDisk"},{"floor":14,"key":"Bag of Preparation"},{"floor":23,"key":"Toxic Egg 2"},{"floor":25,"key":"Anchor"},{"floor":26,"key":"Darkstone Periapt"},{"floor":30,"key":"CeramicFish"},{"floor":42,"key":"Toy Ornithopter"},{"floor":44,"key":"Whetstone"},{"floor":54,"key":"Incense Burner"}],"event_choices":[{"damage_healed":0,"gold_gain":0,"player_choice":"Box","damage_taken":0,"relics_obtained":["PreservedInsect"],"max_hp_gain":0,"max_hp_loss":0,"event_name":"Big Fish","floor":3,"gold_loss":0,"cards_obtained":["Regret"]},{"damage_healed":0,"gold_gain":75,"player_choice":"Gather Gold","damage_taken":11,"max_hp_gain":0,"max_hp_loss":0,"event_name":"World of Goop","floor":5,"gold_loss":0},{"cards_removed":["Strike_B"],"damage_healed":0,"gold_gain":0,"player_choice":"Elegance","damage_taken":0,"max_hp_gain":0,"max_hp_loss":0,"event_name":"Back to Basics","floor":19,"gold_loss":0},{"damage_healed":0,"gold_gain":0,"player_choice":"Copied","damage_taken":0,"max_hp_gain":0,"max_hp_loss":0,"event_name":"Duplicator","floor":20,"gold_loss":0,"cards_obtained":["Defragment"]},{"damage_healed":0,"gold_gain":0,"player_choice":"Memory 2","damage_taken":5,"max_hp_gain":0,"max_hp_loss":0,"event_name":"SensoryStone","floor":37,"gold_loss":0},{"damage_healed":0,"gold_gain":0,"player_choice":"Ignored","damage_taken":0,"max_hp_gain":0,"max_hp_loss":0,"event_name":"Tomb of Lord Red Mask","floor":38,"gold_loss":0},{"cards_removed":["Flash of Steel"],"damage_healed":0,"gold_gain":0,"player_choice":"Removed Attack","damage_taken":0,"max_hp_gain":0,"max_hp_loss":0,"event_name":"Falling","floor":39,"gold_loss":0}],"is_beta":false,"boss_relics":[{"not_picked":["Velvet Choker","Runic Dome"],"picked":"SlaversCollar"},{"not_picked":["Busted Crown","Calling Bell"],"picked":"Pandora\u0027s Box"}],"items_purged_floors":[29,47],"is_endless":false,"potions_floor_spawned":[1,4,18,21,22,35,41,42,44,48,54],"ascension_level":3}}