{"host":"yn5u65xaxuhqfd3k","time":1614022728,"event":{"mods":["BaseMod","Downfall","Minty Spire (QoL Compilation)","Relic Stats","StSLib"],"gold_per_floor":[99,110,120,295,311,311,311,330,330,330,356,368,382,382,394,491,491,491,491,509,519,532,30,83,83,83,83,83],"floor_reached":26,"language":"ENG","playtime":2835,"items_purged":[],"score":235,"play_id":"a7d189d1-afdf-43a4-b507-85b4b251e4c3","local_time":"20210222143848","is_ascension_mode":false,"campfire_choices":[{"data":"hexamod:Sear","floor":1.0,"key":"SMITH"},{"data":"hexamod:FastForward","floor":10.0,"key":"SMITH"},{"data":"hexamod:HexaLevel","floor":18.0,"key":"SMITH"}],"circlet_count":0,"master_deck":["hexamod:Sear+1","hexamod:Float+1","hexamod:HauntingEcho+1","hexamod:ShieldOfDarkness","Doubt","hexamod:FastForward+1","downfall:Malfunctioning","hexamod:HeatMetal","hexamod:Sear+1","hexamod:HauntingEcho+1","Regret","hexamod:HexaLevel+1","hexamod:BurningTouch","hexamod:FirstSeal","hexamod:HeatShield","hexamod:SearingWound","hexamod:BurningTouch+1","hexamod:RadiantFlame+1","hexamod:InspiringFlames","expansioncontent:PolyBeam","hexamod:CouncilsJustice","hexamod:CouncilsJustice","hexamod:CouncilsJustice","Ghostly","Ghostly","Ghostly"],"relics":["hexamod:UnbrokenSoul","Eternal Feather","hexamod:SoulConsumer","Bronze Scales","Meat on the Bone","Lee\u0027s Waffle","Tiny Chest"],"acts_visited":["Exordium","TheCity"],"potions_floor_usage":[],"damage_taken":[{"damage":5.0,"enemies":"Small Slimes","floor":2.0,"turns":3.0},{"damage":8.0,"enemies":"2 Louse","floor":3.0,"turns":3.0},{"damage":0.0,"enemies":"Cultist","floor":5.0,"turns":3.0},{"damage":13.0,"enemies":"Large Slime","floor":8.0,"turns":6.0},{"damage":0.0,"enemies":"Gremlin Nob","floor":11.0,"turns":3.0},{"damage":33.0,"enemies":"3 Louse","floor":12.0,"turns":4.0},{"damage":6.0,"enemies":"Blue Slaver","floor":13.0,"turns":3.0},{"damage":10.0,"enemies":"Red Slaver","floor":15.0,"turns":5.0},{"damage":13.0,"enemies":"IC_STATUS_ARCHETYPE","floor":16.0,"turns":6.0},{"damage":33.0,"enemies":"Shell Parasite","floor":20.0,"turns":6.0},{"damage":16.0,"enemies":"Chosen","floor":21.0,"turns":5.0},{"damage":31.0,"enemies":"Snecko","floor":22.0,"turns":6.0},{"damage":8,"enemies":"downfall:FleeingMerchant","floor":23,"turns":4},{"damage":47,"enemies":"Gremlin Leader","floor":26,"turns":3}],"seed_played":"7916721434491115955","potions_obtained":[{"floor":3.0,"key":"Explosive Potion"},{"floor":5.0,"key":"hexamod:EctoCoolerPotion"},{"floor":12.0,"key":"hexamod:DoubleChargePotion"},{"floor":13.0,"key":"SpeedPotion"},{"floor":20.0,"key":"LiquidMemories"},{"floor":22,"key":"LiquidBronze"}],"is_trial":false,"path_per_floor":["R","M","M","?","M","?","T","M","?","R","E","M","M","?","M","B",null,"R","?","M","M","M","$","T","?","E"],"character_chosen":"THE_SPIRIT","items_purchased":["Meat on the Bone","Lee\u0027s Waffle","expansioncontent:PolyBeam"],"campfire_rested":0,"item_purchase_floors":[23,23,23],"current_hp_per_floor":[77,72,64,64,64,64,64,51,51,60,60,31,29,29,30,21,77,77,77,55,50,30,84,84,42,0,0,0],"gold":83,"neow_bonus":"TEN_PERCENT_HP_BONUS","is_daily":false,"chose_seed":false,"campfire_upgraded":3,"win_rate":0.0,"timestamp":1614022728,"path_taken":["R","M","M","?","M","?","T","M","?","R","E","M","?","?","M","BOSS","R","?","M","M","M","$","T","?","E"],"items_purchased_type":["Relic","Relic","Card"],"build_version":"2020-12-22","purchased_purges":0,"victory":false,"max_hp_per_floor":[77,77,77,77,77,77,77,77,77,77,77,77,77,77,77,77,77,77,77,77,77,77,84,84,42,42,42,42],"relic_stats":{"Lee\u0027s Waffle":58,"counters":[14,60],"Bronze Scales":[96],"Eternal Feather":9,"Tiny Chest":0,"obtain_stats":[{"Lee\u0027s Waffle":23,"hexamod:UnbrokenSoul":17,"Bronze Scales":14,"Eternal Feather":7,"Tiny Chest":24,"hexamod:SoulConsumer":11,"hexamod:SpiritBrand":0,"Meat on the Bone":23},{"Lee\u0027s Waffle":13,"hexamod:UnbrokenSoul":9,"Bronze Scales":7,"Eternal Feather":3,"Tiny Chest":13,"hexamod:SoulConsumer":5,"hexamod:SpiritBrand":0,"Meat on the Bone":13},{"Lee\u0027s Waffle":57,"hexamod:UnbrokenSoul":36,"Bronze Scales":25,"Eternal Feather":9,"Tiny Chest":57,"hexamod:SoulConsumer":18,"hexamod:SpiritBrand":0,"Meat on the Bone":57}],"Meat on the Bone":0},"card_choices":[{"not_picked":["hexamod:BacktrackSmack","hexamod:Hexaguard"],"picked":"hexamod:HauntingEcho","floor":2.0},{"not_picked":["hexamod:FastForward","hexamod:HeatMetal"],"picked":"hexamod:ShieldOfDarkness","floor":3.0},{"not_picked":["hexamod:Firestarter","hexamod:AdvancingGuard"],"picked":"hexamod:FastForward","floor":5.0},{"not_picked":["hexamod:Firestarter","hexamod:ShieldOfDarkness"],"picked":"hexamod:HeatMetal","floor":8.0},{"not_picked":["hexamod:HeatCrush","hexamod:NightmareStrike"],"picked":"hexamod:HexaLevel","floor":11.0},{"not_picked":["hexamod:AdvancingGuard","hexamod:Firestarter"],"picked":"hexamod:BurningTouch","floor":12.0},{"not_picked":["hexamod:HeatShield","hexamod:BurningTouch"],"picked":"hexamod:FirstSeal","floor":13.0},{"not_picked":["hexamod:SpectralAdrenaline","hexamod:HeatMetal"],"picked":"hexamod:HeatShield","floor":15.0},{"not_picked":["hexamod:GhostOfSpirePresent","hexamod:UnlimitedPower"],"picked":"hexamod:SearingWound","floor":16.0},{"not_picked":["hexamod:GhostLash","hexamod:ThermalTransfer"],"picked":"hexamod:BurningTouch+1","floor":20.0},{"not_picked":["hexamod:NightmareGuise","hexamod:CatchUp"],"picked":"hexamod:RadiantFlame+1","floor":21.0},{"not_picked":["hexamod:GhostLash","hexamod:NightmareStrike+1"],"picked":"hexamod:InspiringFlames","floor":22},{"not_picked":["hexamod:FastForward","hexamod:NecessarySacrifice","hexamod:BacktrackSmack+1"],"picked":"SKIP","floor":23}],"player_experience":1046643,"relics_obtained":[{"floor":7.0,"key":"Eternal Feather"},{"floor":11.0,"key":"hexamod:SoulConsumer"},{"floor":24,"key":"Tiny Chest"}],"event_choices":[],"is_beta":false,"boss_relics":[{"not_picked":["Fusion Hammer","Coffee Dripper"],"picked":"hexamod:UnbrokenSoul"}],"items_purged_floors":[],"is_endless":false,"potions_floor_spawned":[3,5,12,13,20,22],"killed_by":"Gremlin Leader","ascension_level":0}}