{"host":"121m0oxswv9tg9hk","time":1614014747,"event":{"mods":["BaseMod","Better Altar","Better Third Choice","Hubris","Ironclad Rager","MarisaÅiñ∂âJÅ@ñÇóùçπÅj","Minty Spire (QoL Compilation)","Replay The Spire","StSLib","The Cursed","The Gatherer","The Hierophant"],"gold_per_floor":[112,132,132,149,164,33,33,66,66,96,9,9,9,20,20,95,95,110,125,145,157,176,176,176],"floor_reached":23,"language":"ENG","playtime":1976,"items_purged":["ICR:DragonStrike"],"score":472,"play_id":"524bc261-ef4c-4467-9439-a71f50fa5d20","local_time":"20210222182547","is_ascension_mode":true,"campfire_choices":[{"floor":7,"key":"REST"},{"data":"Replay:DivineShield","floor":12,"key":"SMITH"}],"circlet_count":0,"master_deck":["AscendersBane","Eruption","Vigilance","ICR:DragonStrike","ICR:DragonStrike","ICR:DragonStrike","ICR:CraneWing","ICR:CraneWing","ICR:CraneWing","ICR:CraneWing","Fasting2","Replay:DivineShield+1","Eruption","FlurryOfBlows","Halt","FollowUp","BattleHymn+1","FlurryOfBlows","Replay:LoomingThreat","ClearTheMind","Nirvana+1"],"relics":["PureWater","Pen Nib","InkBottle","Art of War","Replay:Rubber Ducky","hubris:GrandSneckoEye"],"acts_visited":["Exordium","TheCity"],"potions_floor_usage":[10,16,19],"damage_taken":[{"damage":0,"enemies":"Small Slimes","floor":1,"turns":1},{"damage":5,"enemies":"Cultist","floor":2,"turns":6},{"damage":0,"enemies":"2 Louse","floor":4,"turns":4},{"damage":24,"enemies":"Lots of Slimes","floor":5,"turns":4},{"damage":6,"enemies":"Replay:BlueRogue","floor":8,"turns":7},{"damage":5,"enemies":"3 Sentries","floor":10,"turns":14},{"damage":0,"enemies":"Large Slime","floor":14,"turns":3},{"damage":0,"enemies":"Slime Boss","floor":16,"turns":4},{"damage":9,"enemies":"2 Thieves","floor":18,"turns":3},{"damage":3,"enemies":"3 Byrds","floor":19,"turns":5},{"damage":6,"enemies":"Centurion and Healer","floor":20,"turns":4},{"damage":30,"enemies":"Shelled Parasite and Fungi","floor":21,"turns":5},{"damage":0,"enemies":"Chosen and Byrds","floor":22,"turns":3},{"damage":20,"enemies":"Gremlin Leader","floor":23,"turns":2}],"seed_played":"160588894672244012","potions_obtained":[{"floor":1,"key":"EssenceOfSteel"},{"floor":10,"key":"Languid Potion"},{"floor":14,"key":"Dexterity Potion"},{"floor":18,"key":"SteroidPotion"}],"is_trial":false,"path_per_floor":["M","M","?","M","M","$","R","E","T","E","$","R","?","M","R","B",null,"M","M","M","M","M","E"],"character_chosen":"WATCHER","items_purchased":["Halt","BattleHymn"],"campfire_rested":1,"item_purchase_floors":[6,11],"current_hp_per_floor":[61,56,56,56,32,32,52,46,46,41,41,41,41,41,61,61,66,57,54,48,18,18,0,0],"gold":176,"neow_bonus":"WATCHER_MONK","is_daily":false,"chose_seed":false,"campfire_upgraded":1,"win_rate":0.0,"timestamp":1614014747,"path_taken":["M","M","?","M","M","$","R","E","T","E","?","R","?","?","R","BOSS","M","M","M","M","M","E"],"items_purchased_type":["Card","Card"],"build_version":"2020-12-22","purchased_purges":1,"victory":false,"max_hp_per_floor":[68,68,68,68,68,68,68,68,68,68,68,68,68,68,68,68,68,68,68,68,68,68,68,68],"card_choices":[{"not_picked":["JustLucky","Halt"],"picked":"Fasting2","floor":1},{"not_picked":["Perseverance","Halt"],"picked":"Replay:DivineShield","floor":2},{"not_picked":["Replay:Battleflow","Halt"],"picked":"FlurryOfBlows","floor":4},{"not_picked":["Replay:DivineShield","Replay:Vibes","BowlingBash"],"picked":"SKIP","floor":5},{"not_picked":["Conclude","ThirdEye"],"picked":"FollowUp","floor":8},{"not_picked":["Crescendo","Halt","ClearTheMind"],"picked":"SKIP","floor":10},{"not_picked":["ForeignInfluence","Evaluate"],"picked":"FlurryOfBlows","floor":14},{"not_picked":["Omniscience","Wish"],"picked":"Replay:LoomingThreat","floor":16},{"not_picked":["CrushJoints","Fasting2","Halt"],"picked":"SKIP","floor":18},{"not_picked":["Crescendo","Replay:AtTheReady"],"picked":"ClearTheMind","floor":19},{"not_picked":["WreathOfFlame+1","Protect","Prostrate+1"],"picked":"SKIP","floor":20},{"not_picked":["Replay:DivineShield","FollowUp","CutThroughFate+1"],"picked":"SKIP","floor":21},{"not_picked":["Replay:Battleflow","CutThroughFate+1"],"picked":"Nirvana+1","floor":22}],"player_experience":2469795,"relics_obtained":[{"floor":8,"key":"Pen Nib"},{"floor":9,"key":"InkBottle"},{"floor":10,"key":"Art of War"},{"floor":13,"key":"Replay:Rubber Ducky"}],"event_choices":[{"damage_healed":0,"gold_gain":0,"player_choice":"1 cards matched","damage_taken":0,"max_hp_gain":0,"max_hp_loss":0,"event_name":"Match and Keep!","floor":3,"gold_loss":0,"cards_obtained":["Eruption"]},{"damage_healed":0,"gold_gain":0,"player_choice":"Relic","damage_taken":0,"max_hp_gain":0,"max_hp_loss":0,"event_name":"Wheel of Change","floor":13,"gold_loss":0}],"is_beta":false,"boss_relics":[{"not_picked":["hubris:CrackedHourglass","Replay:Drink Me"],"picked":"hubris:GrandSneckoEye"}],"items_purged_floors":[6],"is_endless":false,"potions_floor_spawned":[1,10,14,18],"killed_by":"Gremlin Leader","ascension_level":17}}