{"host":"gzz35fplm60aw28t","time":1614023920,"event":{"mods":["AchievementEnabler","BaseMod","Colored Powertips","DeckTracker","Minty Spire (QoL Compilation)","SuperFastMode"],"gold_per_floor":[109,129,146,156,169,203,203,221,221,221,240,267,267,282,282,377,377,387,387,405,425,65,65,85,85,130,157,190,190,206,218,218,315,315,325,344,344,344,367,367,393,407,431,431,447,478,478,488,488,488],"floor_reached":51,"language":"ENG","playtime":4015,"items_purged":["Strike_B"],"score":868,"play_id":"7c27a958-ef94-4820-8fb3-cb37a6afab76","local_time":"20210222205840","is_ascension_mode":false,"campfire_choices":[{"data":"Dramatic Entrance","floor":7.0,"key":"SMITH"},{"data":"Echo Form","floor":10.0,"key":"SMITH"},{"floor":15.0,"key":"REST"},{"data":"Metamorphosis","floor":23.0,"key":"SMITH"},{"floor":25.0,"key":"REST"},{"floor":29,"key":"REST"},{"floor":32,"key":"REST"},{"data":"Defragment","floor":40,"key":"SMITH"},{"data":"Defragment","floor":47,"key":"SMITH"},{"data":"Mind Blast","floor":49,"key":"SMITH"}],"circlet_count":0,"master_deck":["Defend_B","Defend_B","Defend_B","Zap+1","Dualcast","Dramatic Entrance+1","Conserve Battery","Coolheaded","Go for the Eyes","FTL","Hologram","Defragment+1","Echo Form+1","Defragment+1","Capacitor","Seek","Seek+1","Reboot+1","Thunder Strike+1","Aggregate","Double Energy","Conserve Battery+1","Glacier","Compile Driver","Metamorphosis+1","Mind Blast+1","White Noise","Gash","Coolheaded","Double Energy+1","Skim","Redo+1","All For One","Scrape","Chill+1","Hologram+1","Undo+1","Madness","Madness","Bandage Up","Panacea","Dramatic Entrance","Injury","Chill+1","Double Energy+1","Darkness+1","Writhe","Double Energy+1","Buffer","Leap+1","Glacier+1"],"relics":["Cracked Core","Nunchaku","Pear","Prayer Wheel","Astrolabe","Tiny Chest","Ice Cream","Red Mask","Cursed Key","Blood Vial","Toxic Egg 2","Orichalcum","Lantern"],"acts_visited":["Exordium","TheCity","TheBeyond"],"potions_floor_usage":[27,28,41,41,41,42,45],"damage_taken":[{"damage":1.0,"enemies":"2 Louse","floor":1.0,"turns":2.0},{"damage":0.0,"enemies":"Small Slimes","floor":2.0,"turns":3.0},{"damage":1.0,"enemies":"Jaw Worm","floor":3.0,"turns":2.0},{"damage":5.0,"enemies":"Blue Slaver","floor":4.0,"turns":4.0},{"damage":5.0,"enemies":"Looter","floor":5.0,"turns":3.0},{"damage":18.0,"enemies":"3 Sentries","floor":6.0,"turns":7.0},{"damage":3.0,"enemies":"2 Fungi Beasts","floor":8.0,"turns":3.0},{"damage":9.0,"enemies":"Large Slime","floor":11.0,"turns":3.0},{"damage":38.0,"enemies":"Gremlin Nob","floor":12.0,"turns":5.0},{"damage":0.0,"enemies":"3 Louse","floor":14.0,"turns":2.0},{"damage":13.0,"enemies":"The Guardian","floor":16.0,"turns":10.0},{"damage":3.0,"enemies":"3 Byrds","floor":18.0,"turns":4.0},{"damage":21.0,"enemies":"Shell Parasite","floor":20.0,"turns":6.0},{"damage":50.0,"enemies":"Cultist and Chosen","floor":21.0,"turns":9.0},{"damage":9.0,"enemies":"Shelled Parasite and Fungi","floor":24.0,"turns":5.0},{"damage":14,"enemies":"Slavers","floor":27,"turns":4},{"damage":9,"enemies":"Masked Bandits","floor":28,"turns":3},{"damage":13,"enemies":"Snecko","floor":30,"turns":5},{"damage":9,"enemies":"Cultist and Chosen","floor":31,"turns":4},{"damage":0,"enemies":"Champ","floor":33,"turns":8},{"damage":14,"enemies":"3 Shapes","floor":35,"turns":5},{"damage":1,"enemies":"3 Darklings","floor":36,"turns":5},{"damage":20,"enemies":"Reptomancer","floor":41,"turns":5},{"damage":13,"enemies":"Transient","floor":42,"turns":5},{"damage":18,"enemies":"Maw","floor":45,"turns":7},{"damage":0,"enemies":"Giant Head","floor":46,"turns":10},{"damage":32,"enemies":"Writhing Mass","floor":48,"turns":7},{"damage":18,"enemies":"Time Eater","floor":50,"turns":14}],"seed_played":"-405463128853939066","potions_obtained":[{"floor":1.0,"key":"GamblersBrew"},{"floor":2.0,"key":"Strength Potion"},{"floor":5.0,"key":"Ancient Potion"},{"floor":12.0,"key":"BlessingOfTheForge"},{"floor":16.0,"key":"Explosive Potion"},{"floor":20.0,"key":"Dexterity Potion"},{"floor":27,"key":"AttackPotion"},{"floor":30,"key":"FearPotion"},{"floor":33,"key":"EntropicBrew"},{"floor":42,"key":"Fire Potion"},{"floor":46,"key":"Explosive Potion"}],"is_trial":false,"path_per_floor":["M","M","M","M","M","E","R","M","T","R","M","E","?","M","R","B",null,"M","?","M","M","$","R","M","R","T","E","?","R","M","M","R","B",null,"M","M","?","?","T","R","E","M","T","?","M","E","R","M","R","B",null],"character_chosen":"DEFECT","items_purchased":["Metamorphosis","Mind Blast"],"campfire_rested":4,"item_purchase_floors":[22,22],"current_hp_per_floor":[74,74,73,68,63,45,45,42,52,52,43,5,5,5,30,17,85,82,82,61,11,11,11,2,27,27,13,4,29,16,7,32,32,85,71,70,59,49,49,49,35,28,28,74,60,66,66,40,40,28],"gold":488,"neow_bonus":"RANDOM_COLORLESS","is_daily":false,"chose_seed":false,"campfire_upgraded":6,"win_rate":0.0,"timestamp":1614023920,"path_taken":["M","M","M","M","M","E","R","M","T","R","M","E","?","M","R","BOSS","M","?","M","M","$","R","M","R","T","E","?","R","M","M","R","BOSS","M","M","?","?","?","R","E","M","T","?","M","E","R","M","R","BOSS"],"items_purchased_type":["Card","Card"],"build_version":"2020-12-22","purchased_purges":1,"victory":true,"max_hp_per_floor":[75,75,75,75,75,75,75,75,85,85,85,85,85,85,85,85,85,85,85,85,85,85,85,85,85,85,85,85,85,85,85,85,85,85,85,85,85,85,85,85,85,85,85,74,74,74,74,74,74,74],"card_choices":[{"not_picked":["Forethought","Deep Breath"],"picked":"Dramatic Entrance","floor":0.0},{"not_picked":["Barrage","Hologram"],"picked":"Conserve Battery","floor":1.0},{"not_picked":["Conserve Battery","Gash"],"picked":"Coolheaded","floor":2.0},{"not_picked":["Tempest","Hologram"],"picked":"Go for the Eyes","floor":3.0},{"not_picked":["Ball Lightning","Leap"],"picked":"FTL","floor":4.0},{"not_picked":["Stack","Undo"],"picked":"Hologram","floor":5.0},{"not_picked":["Beam Cell","Rebound"],"picked":"Defragment","floor":6.0},{"not_picked":["Streamline","Compile Driver"],"picked":"Echo Form","floor":8.0},{"not_picked":["Sweeping Beam","Go for the Eyes","Compile Driver"],"picked":"SKIP","floor":11.0},{"not_picked":["Go for the Eyes","Streamline","Storm"],"picked":"SKIP","floor":12.0},{"not_picked":["Double Energy","Consume"],"picked":"Defragment","floor":14.0},{"not_picked":["Reinforced Body","Sweeping Beam"],"picked":"Capacitor","floor":14.0},{"not_picked":["Amplify","Thunder Strike"],"picked":"Seek","floor":16.0},{"not_picked":["Compile Driver","Undo+1"],"picked":"Aggregate","floor":18.0},{"not_picked":["Compile Driver","Sweeping Beam"],"picked":"Double Energy","floor":18.0},{"not_picked":["Barrage+1","Rebound+1"],"picked":"Conserve Battery+1","floor":20.0},{"not_picked":["Barrage","Hologram","Cold Snap"],"picked":"SKIP","floor":20.0},{"not_picked":["Steam","Consume+1"],"picked":"Glacier","floor":21.0},{"not_picked":["Leap","All For One"],"picked":"Compile Driver","floor":21.0},{"not_picked":["Gash","Barrage+1"],"picked":"White Noise","floor":24.0},{"not_picked":["Beam Cell","Barrage","Hologram"],"picked":"SKIP","floor":24.0},{"not_picked":["Reboot","FTL"],"picked":"Gash","floor":27},{"not_picked":["Gash","Beam Cell"],"picked":"Coolheaded","floor":30},{"not_picked":["Aggregate","Beam Cell+1"],"picked":"Double Energy+1","floor":30},{"not_picked":["White Noise","Melter"],"picked":"Skim","floor":31},{"not_picked":["Fusion+1","Steam"],"picked":"Redo+1","floor":31},{"not_picked":["Electrodynamics","Biased Cognition"],"picked":"All For One","floor":33},{"not_picked":["Auto Shields","Undo+1"],"picked":"Scrape","floor":35},{"not_picked":["Cold Snap+1","Blizzard"],"picked":"Chill+1","floor":35},{"not_picked":["Compile Driver","Reprogram+1"],"picked":"Hologram+1","floor":36},{"not_picked":["Genetic Algorithm","Consume+1"],"picked":"Undo+1","floor":36},{"not_picked":["Trip","Deep Breath"],"picked":"Bandage Up","floor":38},{"not_picked":["Mayhem","Deep Breath"],"picked":"Panacea","floor":38},{"not_picked":["Madness","Swift Strike"],"picked":"Dramatic Entrance","floor":38},{"not_picked":["Compile Driver","Beam Cell+1"],"picked":"Chill+1","floor":41},{"not_picked":["Lockon+1","Hologram+1"],"picked":"Double Energy+1","floor":42},{"not_picked":["Loop","Compile Driver+1"],"picked":"Darkness+1","floor":42},{"not_picked":["Chill+1","Rebound+1"],"picked":"Double Energy+1","floor":45},{"not_picked":["Coolheaded+1","Tempest+1"],"picked":"Buffer","floor":45},{"not_picked":["Rip and Tear","Streamline+1"],"picked":"Leap+1","floor":46},{"not_picked":["Sweeping Beam+1","Reinforced Body+1"],"picked":"Glacier+1","floor":48},{"not_picked":["Steam+1","Doom and Gloom+1","Compile Driver"],"picked":"SKIP","floor":48}],"player_experience":51044,"relics_obtained":[{"floor":6.0,"key":"Nunchaku"},{"floor":9.0,"key":"Pear"},{"floor":12.0,"key":"Prayer Wheel"},{"floor":26.0,"key":"Tiny Chest"},{"floor":27,"key":"Ice Cream"},{"floor":28,"key":"Red Mask"},{"floor":39,"key":"Blood Vial"},{"floor":41,"key":"Toxic Egg 2"},{"floor":43,"key":"Orichalcum"},{"floor":46,"key":"Lantern"}],"event_choices":[{"damage_healed":0.0,"max_hp_gain":0.0,"max_hp_loss":0.0,"gold_gain":0.0,"event_name":"Living Wall","player_choice":"Grow","floor":13.0,"gold_loss":0.0,"damage_taken":0.0,"cards_upgraded":["Zap"]},{"cards_removed":["Strike_B"],"damage_healed":0.0,"max_hp_gain":0.0,"max_hp_loss":0.0,"gold_gain":0.0,"event_name":"Back to Basics","player_choice":"Elegance","floor":19.0,"gold_loss":0.0,"damage_taken":0.0},{"damage_healed":0,"gold_gain":0,"player_choice":"Fought Bandits","damage_taken":0,"max_hp_gain":0,"max_hp_loss":0,"event_name":"Masked Bandits","floor":28,"gold_loss":0},{"damage_healed":0,"gold_gain":0,"player_choice":"Embrace Madness","damage_taken":11,"max_hp_gain":0,"max_hp_loss":0,"event_name":"Winding Halls","floor":37,"gold_loss":0,"cards_obtained":["Madness","Madness"]},{"damage_healed":0,"gold_gain":0,"player_choice":"Memory 3","damage_taken":10,"max_hp_gain":0,"max_hp_loss":0,"event_name":"SensoryStone","floor":38,"gold_loss":0},{"damage_healed":74,"gold_gain":0,"player_choice":"Heal","damage_taken":0,"max_hp_gain":0,"max_hp_loss":11,"event_name":"The Moai Head","floor":44,"gold_loss":0}],"is_beta":false,"boss_relics":[{"not_picked":["FrozenCore","Velvet Choker"],"picked":"Astrolabe"},{"not_picked":["Philosopher\u0027s Stone","Black Star"],"picked":"Cursed Key"}],"items_purged_floors":[22],"is_endless":false,"potions_floor_spawned":[1,2,5,12,16,20,24,27,30,33,42,46],"ascension_level":0}}