{"host":"nug5xkek4sujf8as","time":1614014956,"event":{"mods":["Act Like it!","Aspiration","BaseMod","Booster Modes","CapriCore","Colored Powertips","Conspire","Energized Spire","Gensokyo","Minty Spire (QoL Compilation)","Permanent Neow","Quick Restart","Reimu£®≤©¿ˆ¡È√Œ£©","Replay The Spire","Shop Mod","Spicy Shops","StSLib","°æπ¶ƒ‹Mod°øªÏ„Á÷Æª∑–ﬁ∏¥≤π∂°","°æ“≈ŒÔø®≈∆°øREMEMod","ÛÙª÷∏ƒœ"],"gold_per_floor":[111,131,131,181,191,191,191],"floor_reached":6,"language":"ZHS","playtime":231,"items_purged":[],"score":72,"play_id":"70f113cc-7b67-46ac-866d-6e0592865211","local_time":"20210223012916","is_ascension_mode":true,"campfire_choices":[],"circlet_count":0,"master_deck":["AscendersBane","Strike_R","Strike_R","Strike_R","Strike_R","Strike_R","Defend_R","Defend_R","Defend_R","Defend_R","Bash","Gensokyo:RisingWorld+1","Flex","Self Repair+1","WeaponsOverheat"],"relics":["REME_ComplimentaryCards","Iron Core"],"acts_visited":["Exordium"],"potions_floor_usage":[],"damage_taken":[{"damage":3.0,"enemies":"conspire:RoseBush","floor":1.0,"turns":3.0},{"damage":1.0,"enemies":"2 Louse","floor":2.0,"turns":4.0},{"damage":19,"enemies":"Jaw Worm","floor":5,"turns":5},{"damage":51,"enemies":"Gremlin Nob","floor":6,"turns":4}],"seed_played":"-7466087378861480556","potions_obtained":[{"floor":2.0,"key":"Elixir"}],"is_trial":false,"path_per_floor":["M","M","?","?","M","E"],"character_chosen":"IRONCLAD","items_purchased":[],"campfire_rested":0,"item_purchase_floors":[],"current_hp_per_floor":[71,75,75,68,59,8,8],"gold":191,"neow_bonus":"RANDOM_EVENT","is_daily":false,"chose_seed":false,"campfire_upgraded":0,"win_rate":0.0,"timestamp":1614014956,"path_taken":["M","M","?","?","M","E"],"items_purchased_type":[],"build_version":"2020-12-22","purchased_purges":0,"victory":false,"max_hp_per_floor":[75,75,75,75,75,75,75],"card_choices":[{"not_picked":["Clothesline","Heavy Blade","Hemokinesis"],"picked":"SKIP","floor":1.0},{"not_picked":["Heavy Blade","Thunderclap"],"picked":"Flex","floor":2.0},{"not_picked":["Run Through","Infernal Blade"],"picked":"WeaponsOverheat","floor":5}],"player_experience":988127,"relics_obtained":[],"event_choices":[{"damage_healed":0.0,"max_hp_gain":0.0,"max_hp_loss":0.0,"gold_gain":0.0,"event_name":"Living Wall","player_choice":"Grow","floor":0.0,"gold_loss":0.0,"damage_taken":0.0,"cards_upgraded":["Gensokyo:RisingWorld"]},{"damage_healed":0,"gold_gain":50,"player_choice":"Touch","damage_taken":7,"max_hp_gain":0,"max_hp_loss":0,"event_name":"FaceTrader","floor":4,"gold_loss":0}],"is_beta":false,"boss_relics":[],"items_purged_floors":[],"is_endless":false,"potions_floor_spawned":[2],"killed_by":"Gremlin Nob","ascension_level":20}}