{"host":"r4aerl4ckfvw1dw3","time":1614026479,"event":{"mods":["BaseMod","BetterRewards","Minty Spire (QoL Compilation)","Quick Restart","StSLib"],"gold_per_floor":[14,32,44,61,81,113,113,127,127,127,138,166,266,277,277,277,277],"floor_reached":16,"language":"ENG","playtime":1332,"items_purged":[],"score":180,"play_id":"7f8a9981-60fb-4825-a365-6045e8ef2ba1","local_time":"20210222124119","is_ascension_mode":true,"campfire_choices":[{"data":"Noxious Fumes","floor":7,"key":"SMITH"},{"floor":10,"key":"REST"},{"floor":15,"key":"REST"}],"circlet_count":0,"master_deck":["AscendersBane","Strike_G","Strike_G","Strike_G","Defend_G","Defend_G","Defend_G","Defend_G","Defend_G","Survivor","Neutralize","Dagger Spray","Quick Slash","Well Laid Plans","Corpse Explosion","Noxious Fumes+1","Escape Plan","Acrobatics","Tactician","Flying Knee","Acrobatics"],"relics":["Ring of the Snake","Oddly Smooth Stone","Lantern"],"acts_visited":["Exordium"],"potions_floor_usage":[12,16,16],"damage_taken":[{"damage":8,"enemies":"Cultist","floor":1,"turns":7},{"damage":0,"enemies":"2 Louse","floor":2,"turns":2},{"damage":0,"enemies":"Small Slimes","floor":3,"turns":4},{"damage":4,"enemies":"Red Slaver","floor":4,"turns":4},{"damage":4,"enemies":"Blue Slaver","floor":5,"turns":6},{"damage":25,"enemies":"Lagavulin","floor":6,"turns":7},{"damage":0,"enemies":"Looter","floor":8,"turns":4},{"damage":12,"enemies":"Large Slime","floor":11,"turns":6},{"damage":13,"enemies":"3 Sentries","floor":12,"turns":5},{"damage":0,"enemies":"2 Fungi Beasts","floor":14,"turns":2},{"damage":44,"enemies":"Hexaghost","floor":16,"turns":11}],"seed_played":"3729382824161958801","potions_obtained":[{"floor":5,"key":"Dexterity Potion"},{"floor":8,"key":"EssenceOfSteel"},{"floor":12,"key":"AttackPotion"}],"is_trial":false,"path_per_floor":["M","M","M","M","M","E","R","M","T","R","M","E","?","M","R","B"],"character_chosen":"THE_SILENT","items_purchased":[],"campfire_rested":2,"item_purchase_floors":[],"current_hp_per_floor":[55,55,55,51,47,22,22,22,22,43,31,18,18,18,39,0,0],"gold":277,"neow_bonus":"REMOVE_TWO","is_daily":false,"chose_seed":false,"campfire_upgraded":1,"win_rate":0.0,"timestamp":1614026479,"path_taken":["M","M","M","M","M","E","R","?","T","R","M","E","?","M","R","BOSS"],"items_purchased_type":[],"build_version":"2020-12-22","purchased_purges":0,"victory":false,"max_hp_per_floor":[70,70,70,70,70,70,70,70,70,70,70,70,70,70,70,70,70],"card_choices":[{"not_picked":["Backflip","Poisoned Stab"],"picked":"Dagger Spray","floor":1},{"not_picked":["Deflect","Underhanded Strike"],"picked":"Quick Slash","floor":2},{"not_picked":["Prepared","Leg Sweep"],"picked":"Well Laid Plans","floor":3},{"not_picked":["Flechettes","Outmaneuver"],"picked":"Corpse Explosion","floor":4},{"not_picked":["PiercingWail","Calculated Gamble"],"picked":"Noxious Fumes","floor":5},{"not_picked":["Masterful Stab","PiercingWail"],"picked":"Escape Plan","floor":6},{"not_picked":["Calculated Gamble","Predator"],"picked":"Acrobatics","floor":8},{"not_picked":["Flying Knee","Accuracy"],"picked":"Tactician","floor":11},{"not_picked":["Caltrops","Tactician"],"picked":"Flying Knee","floor":12},{"not_picked":["Poisoned Stab","Sucker Punch"],"picked":"Acrobatics","floor":14}],"player_experience":667640,"relics_obtained":[{"floor":6,"key":"Oddly Smooth Stone"},{"floor":12,"key":"Lantern"}],"event_choices":[{"damage_healed":0,"gold_gain":100,"player_choice":"Pray","damage_taken":0,"max_hp_gain":0,"max_hp_loss":0,"event_name":"Golden Shrine","floor":13,"gold_loss":0}],"is_beta":false,"boss_relics":[],"items_purged_floors":[],"is_endless":false,"potions_floor_spawned":[5,8,11,12,14],"killed_by":"Hexaghost","ascension_level":11}}