{"host":"d9tpyi6mde8z2n96","time":1614035685,"event":{"mods":["100% Spire Juice","2.2 Compatiblity","A Penny For Your Troubles","AchievementEnabler","Act Like it!","AlwaysNeverKeys","Aspiration","BaseMod","Beaked The Cultist","Better Altar","Better Note","Bossed Relics","CapriCore","Challenge The Spire","Colored Map","Colored Powertips","Conspire","Dark Map","Defuse TimeMaze Blight","Dota2Spire","Elementarium","Energized Spire","Fox Events","Friendly Minions","Gensokyo","GifTheSpireLib","Gold Saver","Halation","Hermit","HololiveMod","Hubris","Hyrulean Relics","Infinite Spire","Jess\u0027s Bottle","Jorbs\u0027s Wanderer Trilogy","Marisa????????","Melee Mod","Minty Spire (QoL Compilation)","MostiFishMod","Pale of the Ancients","Permanent Neow","Potionbrewer","Quick Restart","Railgun Mod","Reimu??????","Reliquary","Replay The Spire","Robot Space Explorer","Ruina","RumiaBox-????????","Shop Mod","Spikes Relics","StS++","StSLib","SuperFastMode","TestMod","The Alterego","The Animator","The Blue Laboratory","The Cursed","The Death Knight","The Fake Hero","The Marked","The Servant 0.9.4","The Spell Scribe","Trackpad","Transform Curses","Uncapped","Virulent Crown","Waifu the Spire","Wandering Minibosses","WarShipGirlsR/????R mod","Wide Potions","Yakumo Yukari mod"],"gold_per_floor":[101482,101497,100915,100915,100927,100961,100980,100450,100502,100520,100520,100520,100520,100520,100520,100520,100520],"floor_reached":16,"language":"ENG","playtime":541,"items_purged":["Moonworks:Defend"],"score":102,"play_id":"8c105831-544e-4481-b084-85d4ffd01a48","local_time":"20210222181445","is_ascension_mode":false,"campfire_choices":[{"floor":11,"key":"REST"},{"data":"Moonworks:SweetBattle","floor":13,"key":"SMITH"},{"floor":15,"key":"REST"}],"circlet_count":0,"master_deck":["Moonworks:JonathanRush+1","Moonworks:Strike","Moonworks:Strike","Moonworks:Strike","Moonworks:Strike","Moonworks:Defend","Moonworks:Defend","Moonworks:Defend","Moonworks:Ambush","Moonworks:LongDistanceShot","Moonworks:JonathanRush","Moonworks:JonathanRush","Moonworks:EvilSpyWorkPreparation","Moonworks:WindyEnchantment","Moonworks:SweetBattle+1","Moonworks:ExtendedPhotonRifle+1"],"relics":["Moonworks:BrokenBomb","Moonworks:Homemark","Ring of Chaos","testmod-TestBox","DaveBox","SynthV:TestCard","Toy Ornithopter","Blood Vial","Strange Spoon","MerchantsRug","reliquary:RoseTintedGlasses","reliquary:Aerogel"],"acts_visited":["Gensokyo:Gensokyo"],"potions_floor_usage":[6,16],"damage_taken":[{"damage":0,"enemies":"Gensokyo:Gryphon","floor":1,"turns":3},{"damage":11,"enemies":"Gensokyo:Python","floor":2,"turns":3},{"damage":0,"enemies":"Gensokyo:2_Kodama","floor":3,"turns":3},{"damage":0,"enemies":"Gensokyo:LivingMonolith","floor":5,"turns":3},{"damage":39,"enemies":"Gensokyo:Cirno","floor":6,"turns":7},{"damage":5,"enemies":"Gensokyo:5_Fairies","floor":7,"turns":4},{"damage":11,"enemies":"Gensokyo:CorruptedTreant","floor":10,"turns":3},{"damage":61,"enemies":"Gensokyo:Reimu","floor":16,"turns":9}],"seed_played":"-1337666977411509283","potions_obtained":[{"floor":1,"key":"SpeedPotion"},{"floor":2,"key":"blueLaboratory:TrueEctoplasm"}],"is_trial":true,"path_per_floor":["M","M","M","?","M","E","M","$","T","M","R","?","R","T","R","B"],"character_chosen":"THE_STARBREAKER","items_purchased":["Blood Vial","Strange Spoon","MerchantsRug"],"campfire_rested":2,"item_purchase_floors":[8,8,8],"current_hp_per_floor":[60,49,49,55,55,16,11,11,11,2,20,20,20,20,38,0,0],"gold":100520,"neow_bonus":"","is_daily":false,"chose_seed":false,"campfire_upgraded":1,"win_rate":0.0,"timestamp":1614035685,"path_taken":["M","?","M","?","?","E","M","?","T","M","R","?","R","?","R","BOSS"],"items_purchased_type":["Relic","Relic","Relic"],"build_version":"2020-12-22","purchased_purges":1,"victory":false,"max_hp_per_floor":[60,60,60,60,60,60,60,60,60,60,60,60,60,60,60,60,60],"card_choices":[{"not_picked":["Moonworks:CloudOfSeagulls","Moonworks:Assault","Moonworks:LulusLuckyEgg"],"picked":"SKIP","floor":1},{"not_picked":["Moonworks:CloudOfSeagulls","Moonworks:BindingChains","Moonworks:TreasureThief","Moonworks:DeployBits"],"picked":"Moonworks:JonathanRush","floor":2},{"not_picked":["Moonworks:ImmovableObject","Moonworks:BigMagnum","Moonworks:DeployBits","Moonworks:ImOnFire"],"picked":"Moonworks:EvilSpyWorkPreparation","floor":3},{"not_picked":["Moonworks:CloudOfSeagulls","Moonworks:UnpaidWork","Moonworks:SakisCookie","Moonworks:EvilSpyWorkPreparation","Moonworks:Assault"],"picked":"SKIP","floor":5},{"not_picked":["Moonworks:ShieldCounter","Moonworks:ImOnFire","Moonworks:LulusLuckyEgg","Moonworks:DeployBits","Moonworks:MetallicMonocoque"],"picked":"SKIP","floor":6},{"not_picked":["Moonworks:NicePresent","Moonworks:BigMagnum","Moonworks:IndiscriminateFireSupport","Moonworks:CloudOfSeagulls"],"picked":"Moonworks:WindyEnchantment","floor":7},{"not_picked":["Moonworks:Assault","Moonworks:LuckyCharm","Moonworks:MixPhenomenon","Moonworks:CompletionReward"],"picked":"Moonworks:SweetBattle","floor":10}],"player_experience":1127357,"relics_obtained":[{"floor":1,"key":"SynthV:TestCard"},{"floor":6,"key":"Toy Ornithopter"},{"floor":9,"key":"reliquary:RoseTintedGlasses"},{"floor":14,"key":"reliquary:Aerogel"}],"event_choices":[],"is_beta":false,"boss_relics":[],"items_purged_floors":[8],"is_endless":false,"potions_floor_spawned":[1,2,10],"killed_by":"Gensokyo:Reimu","ascension_level":0}}