{"host":"lv7etzzgwahaenh9","time":1614037973,"event":{"mods":["AchievementEnabler","BaseMod","Colored Map","Colored Powertips","Highlight Path","Minty Spire (QoL Compilation)","Permanent Neow","Quick Restart","Random Character Button","StSLib"],"gold_per_floor":[17,34,34,45,45,45,74,74,142,155,186,197,197,216,216,288,288,307,318,318,335,345,345,345],"floor_reached":23,"language":"ENG","playtime":912,"items_purged":[],"score":349,"play_id":"24dcb0dc-1911-4c2e-bc01-b53610b26170","local_time":"20210222155253","is_ascension_mode":true,"campfire_choices":[{"data":"Anger","floor":6.0,"key":"SMITH"},{"data":"Havoc","floor":8.0,"key":"SMITH"},{"data":"Sword Boomerang","floor":13.0,"key":"SMITH"},{"data":"Combust","floor":15.0,"key":"SMITH"}],"circlet_count":0,"master_deck":["AscendersBane","Strike_R","Strike_R","Defend_R","Defend_R","Defend_R","Bash","Corruption","Anger+1","Headbutt","Uppercut+1","Combust+1","Havoc+1","Warcry","Cleave","Sword Boomerang+1","Shrug It Off","Demon Form","Flame Barrier","Whirlwind","Pummel"],"relics":["Burning Blood","Centennial Puzzle","Shuriken","Akabeko","Mark of Pain"],"acts_visited":["Exordium","TheCity"],"potions_floor_usage":[23],"damage_taken":[{"damage":9.0,"enemies":"2 Louse","floor":1.0,"turns":3.0},{"damage":1.0,"enemies":"Cultist","floor":2.0,"turns":3.0},{"damage":5.0,"enemies":"Small Slimes","floor":4.0,"turns":3.0},{"damage":19.0,"enemies":"3 Sentries","floor":7.0,"turns":6.0},{"damage":9.0,"enemies":"Red Slaver","floor":10.0,"turns":2.0},{"damage":25.0,"enemies":"Gremlin Nob","floor":11.0,"turns":4.0},{"damage":6.0,"enemies":"Looter","floor":12.0,"turns":2.0},{"damage":4.0,"enemies":"Gremlin Gang","floor":14.0,"turns":4.0},{"damage":19.0,"enemies":"Slime Boss","floor":16.0,"turns":7.0},{"damage":2.0,"enemies":"Chosen","floor":18.0,"turns":2.0},{"damage":10.0,"enemies":"Shell Parasite","floor":19.0,"turns":2.0},{"damage":27.0,"enemies":"3 Cultists","floor":21.0,"turns":5.0},{"damage":14.0,"enemies":"Snake Plant","floor":22.0,"turns":4.0},{"damage":48,"enemies":"Book of Stabbing","floor":23,"turns":4}],"seed_played":"-4766331208516314484","potions_obtained":[{"floor":4.0,"key":"Explosive Potion"},{"floor":7.0,"key":"Swift Potion"},{"floor":11.0,"key":"Swift Potion"},{"floor":19.0,"key":"SpeedPotion"},{"floor":22,"key":"SpeedPotion"}],"is_trial":false,"path_per_floor":["M","M","?","M","?","R","E","R","T","M","E","M","R","M","R","B",null,"M","M","?","M","M","E"],"character_chosen":"IRONCLAD","items_purchased":[],"campfire_rested":0,"item_purchase_floors":[],"current_hp_per_floor":[65,70,70,71,71,71,58,58,58,55,36,36,36,38,38,25,63,67,63,63,42,34,0,0],"gold":345,"neow_bonus":"TRANSFORM_TWO_CARDS","is_daily":false,"chose_seed":false,"campfire_upgraded":4,"win_rate":0.0,"timestamp":1614037973,"path_taken":["M","M","?","M","?","R","E","R","T","M","E","M","R","?","R","BOSS","M","M","?","?","M","E"],"items_purchased_type":[],"build_version":"2020-12-22","purchased_purges":0,"victory":false,"max_hp_per_floor":[75,75,75,75,75,75,75,75,75,75,75,75,75,75,75,75,75,75,75,75,75,75,75,75],"card_choices":[{"not_picked":["Rupture","Heavy Blade"],"picked":"Headbutt","floor":1.0},{"not_picked":["Body Slam","Dropkick"],"picked":"Uppercut","floor":2.0},{"not_picked":["Headbutt","Rupture"],"picked":"Havoc","floor":4.0},{"not_picked":["Sword Boomerang","Flex"],"picked":"Warcry","floor":7.0},{"not_picked":["Limit Break","Whirlwind"],"picked":"Cleave","floor":10.0},{"not_picked":["Sentinel","Metallicize"],"picked":"Sword Boomerang","floor":11.0},{"not_picked":["True Grit","Clothesline"],"picked":"Shrug It Off","floor":12.0},{"not_picked":["Anger","Clothesline","Twin Strike"],"picked":"SKIP","floor":14.0},{"not_picked":["Corruption","Impervious"],"picked":"Demon Form","floor":16.0},{"not_picked":["Warcry","Sentinel"],"picked":"Flame Barrier","floor":18.0},{"not_picked":["Reckless Charge","Rampage+1"],"picked":"Whirlwind","floor":19.0},{"not_picked":["Thunderclap","Metallicize"],"picked":"Pummel","floor":21.0},{"not_picked":["Headbutt+1","Infernal Blade","Pommel Strike"],"picked":"SKIP","floor":22}],"player_experience":512574,"relics_obtained":[{"floor":7.0,"key":"Centennial Puzzle"},{"floor":9.0,"key":"Shuriken"},{"floor":11.0,"key":"Akabeko"}],"event_choices":[{"damage_healed":0.0,"max_hp_gain":0.0,"max_hp_loss":0.0,"gold_gain":0.0,"cards_transformed":["Strike_R"],"event_name":"Living Wall","player_choice":"Change","floor":3.0,"gold_loss":0.0,"damage_taken":0.0,"cards_obtained":["Combust"]},{"damage_healed":0.0,"max_hp_gain":0.0,"max_hp_loss":0.0,"gold_gain":0.0,"event_name":"Upgrade Shrine","player_choice":"Upgraded","floor":5.0,"gold_loss":0.0,"damage_taken":0.0,"cards_upgraded":["Uppercut"]},{"cards_removed":["Strike_R"],"damage_healed":0.0,"max_hp_gain":0.0,"max_hp_loss":0.0,"gold_gain":0.0,"event_name":"Purifier","player_choice":"Purged","floor":20.0,"gold_loss":0.0,"damage_taken":0.0}],"is_beta":false,"boss_relics":[{"not_picked":["Philosopher\u0027s Stone","Cursed Key"],"picked":"Mark of Pain"}],"items_purged_floors":[],"is_endless":false,"potions_floor_spawned":[4,7,11,19,21,22],"killed_by":"Book of Stabbing","ascension_level":14}}