{"host":"sim2kxx81cjsn49b","time":1614011915,"event":{"mods":["ATMod(阿瑾Mod)","BaseMod","Minty Spire (QoL Compilation)","RumiaBox-露米娅的神秘盒子","StSLib","TestMod","【功能Mod】混沌之环修复补丁","【遗物卡牌】REMEMod"],"gold_per_floor":[113,113,38,49,49,79,79,479,479,479,479,496,521,533,533,605,605,617,532,178,195,195,195,195],"floor_reached":23,"language":"ZHS","playtime":724,"items_purged":["Defend_P"],"score":544,"play_id":"b6e9ace9-fbf6-4c91-9964-6710eec14f05","local_time":"20210223003835","is_ascension_mode":true,"campfire_choices":[{"data":"Eruption","floor":7.0,"key":"SMITH"},{"data":"Rampage","floor":10.0,"key":"SMITH"},{"data":"Indignation","floor":15.0,"key":"SMITH"}],"circlet_count":0,"master_deck":["AscendersBane","Strike_P","Strike_P","Strike_P","Strike_P","Defend_P","Defend_P","Eruption+1","Vigilance","Rampage+1","AT_FamilyPortrait","BowlingBash","Indignation+1","TalkToTheHand","AT_LightSaberMaster+1"],"relics":["PureWater","AT_ATBox","testmod-TestBox","REME_ComplimentaryCards","testmod-ArcanaOfDestiny","NeowsBlessing","Sundial","AT_DeathDance","The Courier","AT_ChloranthyRing","AddBug","Yang","Frozen Egg 2","AT_DeathDance"],"acts_visited":["Exordium","TheCity"],"potions_floor_usage":[23],"damage_taken":[{"damage":0.0,"enemies":"Cultist","floor":1.0,"turns":1.0},{"damage":0.0,"enemies":"Small Slimes","floor":4.0,"turns":1.0},{"damage":0.0,"enemies":"Lagavulin","floor":6.0,"turns":1.0},{"damage":0.0,"enemies":"2 Louse","floor":12.0,"turns":3.0},{"damage":37.0,"enemies":"Gremlin Nob","floor":13.0,"turns":4.0},{"damage":2.0,"enemies":"2 Fungi Beasts","floor":14.0,"turns":2.0},{"damage":0.0,"enemies":"Hexaghost","floor":16.0,"turns":4.0},{"damage":16,"enemies":"3 Byrds","floor":18,"turns":3},{"damage":0,"enemies":"Spheric Guardian","floor":21,"turns":2},{"damage":36,"enemies":"Slavers","floor":23,"turns":5}],"seed_played":"-4678912135833523504","potions_obtained":[{"floor":4.0,"key":"Weak Potion"},{"floor":13.0,"key":"testmod-TestPotion"},{"floor":16.0,"key":"BottledMiracle"}],"is_trial":false,"path_per_floor":["M","T","?","M","?","E","R","?","T","R","?","M","E","M","R","B",null,"M","?","$","M","?","E"],"character_chosen":"WATCHER","items_purchased":["Frozen Egg 2","AT_LightSaberMaster+1"],"campfire_rested":0,"item_purchase_floors":[20,20],"current_hp_per_floor":[61,61,61,61,56,56,56,56,56,56,56,56,19,17,17,17,55,39,39,39,39,35,0,0],"gold":195,"neow_bonus":"THREE_ENEMY_KILL","is_daily":false,"chose_seed":false,"campfire_upgraded":3,"win_rate":0.0,"timestamp":1614011915,"path_taken":["M","?","?","M","?","E","R","?","T","R","?","M","E","M","R","BOSS","M","?","$","M","?","E"],"items_purchased_type":["Relic","Card"],"build_version":"2020-12-22","purchased_purges":1,"victory":false,"max_hp_per_floor":[68,68,68,68,68,68,68,68,68,68,68,68,68,68,68,68,68,68,68,68,68,73,73,73],"card_choices":[{"not_picked":["PathToVictory","Crescendo","ClearTheMind"],"picked":"SKIP","floor":1.0},{"not_picked":["CrushJoints","Halt","DeceiveReality"],"picked":"SKIP","floor":4.0},{"not_picked":["TalkToTheHand","AT_SoftenMuscles"],"picked":"BowlingBash","floor":6.0},{"not_picked":["BowlingBash","ThirdEye"],"picked":"Indignation","floor":12.0},{"not_picked":["ForeignInfluence","Vengeance","Fasting2"],"picked":"SKIP","floor":13.0},{"not_picked":["CrushJoints","FlyingSleeves","Prostrate"],"picked":"SKIP","floor":14.0},{"not_picked":["AT_DivineConfetti","Consecrate"],"picked":"TalkToTheHand","floor":18},{"not_picked":["Indignation+1","AT_RealFormLess","JustLucky"],"picked":"SKIP","floor":21}],"player_experience":631653,"relics_obtained":[{"floor":1.0,"key":"Baka"},{"floor":4.0,"key":"Baka2"},{"floor":6.0,"key":"AT_DeathDance"},{"floor":9.0,"key":"The Courier"},{"floor":13.0,"key":"AT_ChloranthyRing"},{"floor":21,"key":"AT_DeathDance"}],"event_choices":[{"cards_removed":["Defend_P"],"damage_healed":0.0,"max_hp_gain":0.0,"max_hp_loss":0.0,"gold_gain":0.0,"event_name":"The Cleric","player_choice":"Card Removal","floor":3.0,"gold_loss":75.0,"damage_taken":0.0},{"damage_healed":0.0,"max_hp_gain":0.0,"max_hp_loss":0.0,"gold_gain":0.0,"event_name":"Scrap Ooze","player_choice":"Success","floor":5.0,"gold_loss":0.0,"damage_taken":5.0,"relics_obtained":["Sundial"]},{"damage_healed":0.0,"max_hp_gain":0.0,"max_hp_loss":0.0,"gold_gain":400.0,"event_name":"恩洛斯的盘子","player_choice":"Sell","floor":8.0,"relics_lost":["Baka2"],"gold_loss":0.0,"damage_taken":0.0},{"damage_healed":0.0,"max_hp_gain":0.0,"max_hp_loss":0.0,"gold_gain":0.0,"event_name":"Liars Game","player_choice":"Ignored","floor":11.0,"gold_loss":0.0,"damage_taken":0.0},{"damage_healed":0,"gold_gain":0,"player_choice":"Obtained Relic","damage_taken":0,"relics_obtained":["Yang"],"max_hp_gain":0,"max_hp_loss":0,"event_name":"Addict","floor":19,"gold_loss":85},{"damage_healed":0,"gold_gain":0,"player_choice":"Shed Blood","damage_taken":24,"max_hp_gain":5,"max_hp_loss":0,"event_name":"Forgotten Altar","floor":22,"gold_loss":0}],"is_beta":false,"boss_relics":[{"not_picked":["Fusion Hammer","testmod-TimeTraveler"],"picked":"AddBug"}],"items_purged_floors":[20],"is_endless":false,"potions_floor_spawned":[4,13,16,21],"killed_by":"Slavers","ascension_level":20}}