{"host":"xu0zbcebhy6w9mdv","time":1614024723,"event":{"mods":["AchievementEnabler","Act Like it!","Aspiration","BaseMod","Better Match","Better Third Choice","BetterRewards","Colored Powertips","Downfall","Duelist Mod","Friendly Minions","Gensokyo","Hallownest","Hubris","Infinite Spire","Marisa????????","Minty Spire (QoL Compilation)","Potionbrewer","Quick Restart","READ ME - Guardian Mod","READ ME - Snecko Mod","Rare Cards Sparkle","Replay The Spire","Shop Mod","StSLib","The Animator","The Blackbeard","The Bug Knight","The Cursed","The Hierophant","The Necromancer","The Runesmith","The Servant 0.9.4"],"gold_per_floor":[142,159,159,176,176,209,209,213,213],"floor_reached":8,"language":"ENG","playtime":662,"items_purged":[],"score":112,"play_id":"cba498d0-18f5-4bc8-81c7-94d7df9ab713","local_time":"20210222151203","is_ascension_mode":true,"campfire_choices":[{"data":"theDuelist:ClearKuriboh","floor":7,"key":"SMITH"}],"circlet_count":0,"master_deck":["AscendersBane","theDuelist:CastleWalls","theDuelist:CastleWalls","theDuelist:DunamesDarkWitch","theDuelist:Eva","theDuelist:Hayate","theDuelist:RainbowFlower","theDuelist:RainbowKuribohBasic","theDuelist:RainbowNeos","theDuelist:Sparks","theDuelist:Sparks","theDuelist:TributeDoomed","theDuelist:RainbowFlower","theDuelist:RainbowFlower","theDuelist:WanderingKing","Regret","theDuelist:ClearKuriboh+1"],"relics":["theDuelist:MillenniumPuzzle","theDuelist:ChallengePuzzle","theDuelist:CardPoolRelic","theDuelist:CardPoolBasicRelic","theDuelist:BoosterPackPoolRelic","theDuelist:CardPoolAddRelic","theDuelist:CardPoolMinusRelic","theDuelist:CardPoolSaveRelic","theDuelist:CardPoolOptionsRelic","Blood Vial","theDuelist:MerchantPendant","hubris:TenFootPole","hubris:Icosahedron","infinitespire:Midas Blood"],"acts_visited":["Exordium"],"potions_floor_usage":[],"damage_taken":[{"damage":2,"enemies":"Small Slimes","floor":1,"turns":3},{"damage":0,"enemies":"Jaw Worm","floor":2,"turns":3},{"damage":0,"enemies":"Cultist","floor":4,"turns":3},{"damage":21,"enemies":"Lagavulin","floor":6,"turns":5},{"damage":69,"enemies":"Gremlin Nob","floor":8,"turns":3}],"seed_played":"364784292634787822","potions_obtained":[{"floor":4,"key":"sneckomod:MuddlingPotion"},{"floor":6,"key":"Guardian:BlockOnCardUsePotion"}],"is_trial":false,"path_per_floor":["M","M","?","M","?","E","R","E"],"character_chosen":"THE_DUELIST","items_purchased":["Blood Vial","theDuelist:MerchantPendant","theDuelist:TributeDoomed","theDuelist:RainbowFlower"],"campfire_rested":0,"item_purchase_floors":[0,0,0,0],"current_hp_per_floor":[63,65,65,67,67,48,48,0,0],"gold":213,"neow_bonus":"","is_daily":false,"chose_seed":false,"campfire_upgraded":1,"win_rate":0.0,"timestamp":1614024723,"path_taken":["M","M","?","M","?","E","R","E"],"items_purchased_type":["Relic","Relic","Card","Card"],"build_version":"2020-12-22","purchased_purges":0,"victory":false,"max_hp_per_floor":[70,70,70,70,70,70,70,70,70],"card_choices":[{"not_picked":["theDuelist:PatricianDarkness","theDuelist:BetaMagnet","theDuelist:BlizzardThunderbird","theDuelist:CatShark","theDuelist:BlacklandFireDragon"],"picked":"SKIP","floor":1},{"not_picked":["theDuelist:IronDraw","theDuelist:AmphibiousBugroth","theDuelist:SevenColoredFish","theDuelist:FrillerRabca"],"picked":"theDuelist:WanderingKing","floor":2},{"not_picked":["theDuelist:MysticalElf","theDuelist:SangaEarth","theDuelist:SpiritHarp","theDuelist:DarkMagician","theDuelist:Eva"],"picked":"SKIP","floor":4},{"not_picked":["theDuelist:Gernia","theDuelist:BlizzardDefender"],"picked":"theDuelist:ClearKuriboh","floor":6}],"player_experience":673686,"relics_obtained":[{"floor":6,"key":"infinitespire:Midas Blood"}],"event_choices":[{"damage_healed":0,"gold_gain":0,"player_choice":"Box","damage_taken":0,"relics_obtained":["hubris:TenFootPole"],"max_hp_gain":0,"max_hp_loss":0,"event_name":"Big Fish","floor":3,"gold_loss":0,"cards_obtained":["Regret"]}],"is_beta":false,"boss_relics":[],"items_purged_floors":[],"is_endless":false,"potions_floor_spawned":[4,6],"killed_by":"Gremlin Nob","ascension_level":20}}