{"host":"qmdmcz5nn4dzus5k","time":1614026476,"event":{"mods":["AchievementEnabler","BaseMod","Bestiary","BetterRewards","Card Filter","Displayed Cursed Tome","Minty Spire (QoL Compilation)","Quick Restart","Relic Filter","Remove Card Discount Mod","Replay The Spire","Spicy Shops","StSLib","The Marked","TheHero","Uncapped"],"gold_per_floor":[117,117,131,131,143,143,177,177,177,177,252,123,123,123,123,123,123],"floor_reached":16,"language":"ENG","playtime":649,"items_purged":["theMarked:Strike","theMarked:Defend"],"score":96,"play_id":"2251167d-61bb-44f9-864d-c4de7db9ea5c","local_time":"20210222154116","is_ascension_mode":false,"campfire_choices":[{"data":"theMarked:SoldierOfQuellstein","floor":6,"key":"SMITH"},{"floor":8,"key":"REST"},{"floor":10,"key":"REST"},{"floor":15,"key":"REST"}],"circlet_count":0,"master_deck":["theMarked:Strike","theMarked:Strike","theMarked:Strike","theMarked:Strike","theMarked:Defend+1","theMarked:Defend+1","theMarked:Defend","theMarked:SoldierOfQuellstein+1","theMarked:Aftermath"],"relics":["theMarked:ArtifactOfAir","Question Card","War Paint","Matryoshka","Ancient Tea Set"],"acts_visited":["Exordium"],"potions_floor_usage":[16],"damage_taken":[{"damage":0,"enemies":"2 Louse","floor":1,"turns":3},{"damage":1,"enemies":"Cultist","floor":3,"turns":3},{"damage":5,"enemies":"Small Slimes","floor":5,"turns":3},{"damage":49,"enemies":"Lagavulin","floor":7,"turns":6},{"damage":79,"enemies":"Hexaghost","floor":16,"turns":14}],"seed_played":"-5909991535774536041","potions_obtained":[{"floor":7,"key":"Dexterity Potion"}],"is_trial":false,"path_per_floor":["M","?","M","$","M","R","E","R","T","R","?","$","?","?","R","B"],"character_chosen":"THE_DEFAULT","items_purchased":["Matryoshka"],"campfire_rested":3,"item_purchase_floors":[12],"current_hp_per_floor":[77,77,76,76,71,71,22,45,45,68,57,57,57,50,73,0,0],"gold":123,"neow_bonus":"TEN_PERCENT_HP_BONUS","is_daily":false,"chose_seed":false,"campfire_upgraded":1,"win_rate":0.0,"timestamp":1614026476,"path_taken":["M","?","?","$","M","R","E","R","T","R","?","$","?","?","R","BOSS"],"items_purchased_type":["Relic"],"build_version":"2020-12-22","purchased_purges":2,"victory":false,"max_hp_per_floor":[77,77,77,77,77,77,77,77,77,77,77,77,77,77,77,77,77],"card_choices":[{"not_picked":["theMarked:RepellingDischarge","theMarked:KeepCalmAndFight","theMarked:ContemptForTheProud"],"picked":"SKIP","floor":1},{"not_picked":["theMarked:TakeCover","theMarked:WastefulAttack"],"picked":"theMarked:Aftermath","floor":3},{"not_picked":["theMarked:Levitate","theMarked:Panic","theMarked:Aftermath"],"picked":"SKIP","floor":5},{"not_picked":["theMarked:Maelstrom","theMarked:Static","theMarked:LightningStrikesTwice"],"picked":"SKIP","floor":7}],"player_experience":84080,"relics_obtained":[{"floor":7,"key":"Question Card"},{"floor":9,"key":"War Paint"}],"event_choices":[{"damage_healed":0,"gold_gain":0,"player_choice":"Full Heal","damage_taken":0,"max_hp_gain":0,"max_hp_loss":0,"event_name":"Wheel of Change","floor":2,"gold_loss":0},{"damage_healed":0,"gold_gain":75,"player_choice":"Gather Gold","damage_taken":11,"max_hp_gain":0,"max_hp_loss":0,"event_name":"World of Goop","floor":11,"gold_loss":0},{"damage_healed":0,"gold_gain":0,"player_choice":"Ignored","damage_taken":0,"max_hp_gain":0,"max_hp_loss":0,"event_name":"Golden Wing","floor":13,"gold_loss":0},{"damage_healed":0,"gold_gain":0,"player_choice":"Success","damage_taken":7,"relics_obtained":["Ancient Tea Set"],"max_hp_gain":0,"max_hp_loss":0,"event_name":"Scrap Ooze","floor":14,"gold_loss":0}],"is_beta":false,"boss_relics":[],"items_purged_floors":[12,12],"is_endless":false,"potions_floor_spawned":[7],"killed_by":"Hexaghost","ascension_level":0}}