{"host":"vfjw5z5u57sxa51v","time":1614012756,"event":{"mods":["AchievementEnabler","Act Like it!","Aspiration","BaseMod","Bestiary","Better Altar","Better Match","Better Note","Better Sensory Stone","Better Skull","Better Synergies","Better Third Choice","BetterRewards","CCEM2","Colored Map","Conspire","Dota2Spire","Downfall","GifTheSpireLib","GungeonMod","Halation","Highlight Path","Hubris","Infinite Spire","Jedi Mod","Minty Spire (QoL Compilation)","Permanent Neow","Reliquary","Replay The Spire","Shop Mod","Spicy Shops","StSLib","Stuff the Spire","The Cursed","The Disciple","The Gatherer","Unceasing Turn Reminder","everything is the same but u backflip on backflip"],"gold_per_floor":[99,111,121,121,31,60,60,77,97,97,112,22,33,49,60,157,157,157,172,172,172,189,207,233,233,303,2,22,22,11,42,60,160,160,160,176,188,207,57,75,126,126,176,476,476,486,512,512,531,531],"floor_reached":51,"language":"DEU","playtime":5379,"items_purged":["Regret","hexamod:Strike","hexamod:Strike"],"score":828,"play_id":"a1533c00-0537-4a53-a0de-9a0fd76f6c58","local_time":"20210222175236","is_ascension_mode":false,"campfire_choices":[{"data":"hexamod:ForkedFlame","floor":1.0,"key":"SMITH"},{"data":"hexamod:Float","floor":10.0,"key":"SMITH"},{"floor":18,"key":"RECALL"},{"data":"hexamod:RecurringNightmare","floor":29,"key":"SMITH"},{"data":"hexamod:FastForward","floor":35,"key":"SMITH"},{"data":"hexamod:HexaLevel","floor":45,"key":"SMITH"},{"data":"hexamod:GhostLash","floor":48,"key":"SMITH"}],"circlet_count":0,"master_deck":["hexamod:Strike","hexamod:Strike","hexamod:Defend","hexamod:Defend","hexamod:Defend","hexamod:Defend","hexamod:Sear","hexamod:Float+1","hexamod:ForkedFlame+1","hexamod:Haunt","hexamod:GhostLash+1","hexamod:GhostOfSpirePast","hexamod:Incineration","hexamod:Hexaguard","hexamod:Hexaguard","hexamod:Haunt","hexamod:GhostOfSpirePresent","hexamod:GhostShield","hexamod:RecurringNightmare+1","hexamod:HexaLevel+1","hexamod:RecurringNightmare+1","hexamod:RadiantFlame","hexamod:InspiringFlames","hexamod:PhantomFireball","hexamod:HexaLevel+1","hexamod:FastForward+1","hexamod:FastForward+1","hexamod:TimeWarp","hexamod:Firestarter+1","hexamod:TimeWarp"],"relics":["hexamod:SpiritBrand","Kunai","Dota2Spire:MonkeyKingBar","Honey Jar","DemoMod:SerJunkan","DemoMod:Junk","ReplayTheSpireMod:TigerMarble","Quantum Egg","DemoMod:GlassGuonStoneRelic","DemoMod:MeatBun","halation:Sosunser","CCEMRelics:ModularBuildingCube","aspiration:SecretTechniqueScroll","Juzu Bracelet","halation:WeightlessCrab","reliquary:ThirdArm"],"acts_visited":["Exordium","TheCity","TheBeyond"],"potions_floor_usage":[28,31,33,33,33,37,37,47,50,50],"damage_taken":[{"damage":0.0,"enemies":"conspire:RoseBush","floor":2.0,"turns":3.0},{"damage":0.0,"enemies":"Jaw Worm","floor":3.0,"turns":4.0},{"damage":4.0,"enemies":"downfall:FleeingMerchant","floor":5.0,"turns":4.0},{"damage":14.0,"enemies":"Lagavulin","floor":6.0,"turns":5.0},{"damage":0.0,"enemies":"Cultist","floor":8.0,"turns":2.0},{"damage":3.0,"enemies":"conspire:2 RoseBushes","floor":9.0,"turns":3.0},{"damage":0.0,"enemies":"Blue Slaver","floor":11.0,"turns":2.0},{"damage":4.0,"enemies":"downfall:FleeingMerchant","floor":12.0,"turns":4.0},{"damage":0.0,"enemies":"2 Fungi Beasts","floor":13.0,"turns":2.0},{"damage":0.0,"enemies":"conspire:2 RoseBushes","floor":14.0,"turns":3.0},{"damage":0.0,"enemies":"downfall:LooterAlt","floor":15.0,"turns":3.0},{"damage":11.0,"enemies":"WA_ARCHETYPE_RETAIN","floor":16.0,"turns":5.0},{"damage":0,"enemies":"Chosen","floor":19,"turns":3},{"damage":0,"enemies":"Shell Parasite","floor":22,"turns":3},{"damage":0,"enemies":"conspire:HollyBat","floor":23,"turns":4},{"damage":1,"enemies":"downfall:FleeingMerchant","floor":27,"turns":4},{"damage":0,"enemies":"Chosen and Byrds","floor":28,"turns":3},{"damage":0,"enemies":"downfall:FleeingMerchant","floor":30,"turns":1},{"damage":0,"enemies":"Replay:Snechameleon","floor":31,"turns":3},{"damage":0,"enemies":"Cultist and Chosen","floor":32,"turns":2},{"damage":0,"enemies":"DF_ARCHETYPE_CLAW","floor":33,"turns":4},{"damage":0,"enemies":"Orb Walker","floor":36,"turns":2},{"damage":0,"enemies":"3 Shapes","floor":37,"turns":2},{"damage":0,"enemies":"Transient","floor":38,"turns":5},{"damage":0,"enemies":"Writhing Mass","floor":40,"turns":3},{"damage":0,"enemies":"Writhing Mass","floor":43,"turns":2},{"damage":0,"enemies":"Maw","floor":46,"turns":3},{"damage":0,"enemies":"Nemesis","floor":47,"turns":5},{"damage":0,"enemies":"Transient","floor":49,"turns":5},{"damage":21,"enemies":"SI_POISON_ARCHETYPE","floor":50,"turns":6}],"seed_played":"-4795379714749698793","potions_obtained":[{"floor":2.0,"key":"LiquidMemories"},{"floor":9.0,"key":"Milkshake"},{"floor":11.0,"key":"jedi:wingpotion"},{"floor":13.0,"key":"Energy Potion"},{"floor":14.0,"key":"Dexterity Potion"},{"floor":22,"key":"EssenceOfSteel"},{"floor":23,"key":"Block Potion"},{"floor":28,"key":"Toxic Potion"},{"floor":32,"key":"jedi:StrikingPotion"},{"floor":33,"key":"hexamod:EctoCoolerPotion"},{"floor":37,"key":"Slimebound:ThreeZeroPotion"},{"floor":40,"key":"Guardian:BlockOnCardUsePotion"},{"floor":43,"key":"Dota2Spire:HealingSalve"},{"floor":46,"key":"Weak Potion"},{"floor":49,"key":"AttackPotion"}],"is_trial":false,"path_per_floor":["R_BF","M","M","?","$","E","T","M","M","R","M","$","M","M","M","B",null,"R_BF","M","?","?","M","M","T","?","T","$","M","R","$","E","M","B",null,"R","M","M","M","$","M","T","AVR","?","?","R","M","E","R","M","B",null],"character_chosen":"THE_SPIRIT","items_purchased":["hexamod:GhostShield","DemoMod:MeatBun","halation:Sosunser","CCEMRelics:ModularBuildingCube","hexamod:FastForward","Juzu Bracelet"],"campfire_rested":0,"item_purchase_floors":[12,27,27,30,30,39],"current_hp_per_floor":[70,70,70,70,66,52,52,52,49,49,49,45,45,45,45,34,70,70,70,70,70,70,70,70,70,70,70,70,70,70,70,70,70,70,70,70,70,70,70,70,70,70,70,70,70,70,70,70,70,61],"gold":531,"neow_bonus":"ONE_RANDOM_RARE_CARD","is_daily":false,"chose_seed":false,"campfire_upgraded":6,"win_rate":0.0,"timestamp":1614012756,"path_taken":["R_BF","M","M","?","$","E","T","M","M","R","M","?","?","M","M","BOSS","R_BF","M","?","?","M","M","T","?","?","?","?","R","$","E","M","BOSS","R","M","M","M","$","M","T","AVR","?","?","R","M","E","R","M","BOSS"],"items_purchased_type":["Card","Relic","Relic","Relic","Card","Relic"],"build_version":"2020-12-22","purchased_purges":3,"victory":true,"max_hp_per_floor":[70,70,70,70,70,70,70,70,70,70,70,70,70,70,70,70,70,70,70,70,70,70,70,70,70,70,70,70,70,70,70,70,70,70,70,70,70,70,70,70,70,70,70,70,70,70,70,70,70,70],"card_choices":[{"not_picked":["hexamod:RetreatToShadows","hexamod:Rewind"],"picked":"hexamod:Haunt","floor":2.0},{"not_picked":["hexamod:ChargedBarrage","hexamod:Haunt"],"picked":"hexamod:GhostLash","floor":3.0},{"not_picked":["hexamod:SecondSeal","hexamod:NightmareStrike"],"picked":"hexamod:GhostOfSpirePast","floor":5.0},{"not_picked":["hexamod:SixthSeal","hexamod:PhantomCloak"],"picked":"hexamod:Incineration","floor":6.0},{"not_picked":["hexamod:SwordOfDarkness","hexamod:RecurringNightmare"],"picked":"hexamod:Hexaguard","floor":8.0},{"not_picked":["hexamod:BacktrackSmack","hexamod:SwordOfDarkness"],"picked":"hexamod:Hexaguard","floor":9.0},{"not_picked":["hexamod:ShieldOfDarkness","hexamod:HeatCrush"],"picked":"hexamod:Haunt","floor":11.0},{"not_picked":["hexamod:ExtraCrispy","hexamod:NightmareStrike"],"picked":"hexamod:GhostOfSpirePresent","floor":12.0},{"not_picked":["hexamod:NightmareStrike","hexamod:SecondSeal","hexamod:HeatShield"],"picked":"SKIP","floor":13.0},{"not_picked":["hexamod:RainOfEmbers","hexamod:NightmareGuise"],"picked":"hexamod:RecurringNightmare","floor":14.0},{"not_picked":["hexamod:CatchUp","hexamod:UnlimitedPower","hexamod:FourthSeal"],"picked":"SKIP","floor":15.0},{"not_picked":["hexamod:UnlimitedPower","hexamod:SixthSeal"],"picked":"hexamod:HexaLevel","floor":16.0},{"not_picked":["hexamod:NightmareGuise","hexamod:DynamicBlow","hexamod:HeatMetal"],"picked":"hexamod:RecurringNightmare+1","floor":19},{"not_picked":["hexamod:BacktrackSmack+1","hexamod:AdvancingGuard","hexamod:ThirdSeal"],"picked":"hexamod:RadiantFlame","floor":22},{"not_picked":["hexamod:BacktrackSmack","hexamod:BurningTouch","hexamod:FourthSeal"],"picked":"hexamod:InspiringFlames","floor":23},{"not_picked":["hexamod:NecessarySacrifice","hexamod:Again","hexamod:SpectralAdrenaline"],"picked":"hexamod:PhantomFireball","floor":27},{"not_picked":["hexamod:GhostShield","hexamod:GhostLash","hexamod:NightmareStrike"],"picked":"hexamod:HexaLevel","floor":28},{"not_picked":["hexamod:ThirdSeal","hexamod:ThermalTransfer","hexamod:BacktrackSmack+1"],"picked":"hexamod:FastForward+1","floor":30},{"not_picked":["hexamod:Again","hexamod:Haunt","hexamod:FourthSeal"],"picked":"hexamod:TimeWarp","floor":31},{"not_picked":["hexamod:HauntingEcho","hexamod:HeatMetal","hexamod:ThirdSeal"],"picked":"hexamod:Firestarter+1","floor":32},{"not_picked":["hexamod:SixthSeal","hexamod:TimeOfNeed","hexamod:HexaLevel"],"picked":"hexamod:TimeWarp","floor":33},{"not_picked":["hexamod:GhostLash+1","hexamod:BurningTouch+1","hexamod:NightmareGuise+1","hexamod:AdvancingGuard"],"picked":"SKIP","floor":36},{"not_picked":["hexamod:Hexaguard","hexamod:ThirdSeal","hexamod:HauntingEcho","hexamod:SwordOfDarkness"],"picked":"SKIP","floor":37},{"not_picked":["hexamod:GhostLash+1","hexamod:ThermalTransfer","hexamod:InspiringFlames+1","hexamod:HauntingEcho"],"picked":"SKIP","floor":38},{"not_picked":["hexamod:NightmareGuise+1","hexamod:SpectersWail","hexamod:NightmareStrike+1","hexamod:BurningTouch+1"],"picked":"SKIP","floor":40},{"not_picked":["hexamod:InspiringFlames","hexamod:NecessarySacrifice","hexamod:HeatMetal","hexamod:NightmareGuise"],"picked":"SKIP","floor":46},{"not_picked":["hexamod:NecessarySacrifice","hexamod:GhostflameBarrier+1","hexamod:NightmareStrike","hexamod:SearingWound"],"picked":"SKIP","floor":47},{"not_picked":["hexamod:HeatCrush+1","hexamod:ThermalTransfer","hexamod:Hexaguard","hexamod:FirstSeal"],"picked":"SKIP","floor":49}],"player_experience":27272,"relics_obtained":[{"floor":6.0,"key":"Dota2Spire:MonkeyKingBar"},{"floor":24,"key":"DemoMod:Junk"},{"floor":25,"key":"ReplayTheSpireMod:TigerMarble"},{"floor":26,"key":"Quantum Egg"},{"floor":31,"key":"DemoMod:Junk"},{"floor":41,"key":"DemoMod:Junk"},{"floor":43,"key":"DemoMod:Junk"},{"floor":47,"key":"DemoMod:Junk"}],"event_choices":[{"damage_healed":0.0,"max_hp_gain":0.0,"max_hp_loss":0.0,"gold_gain":0.0,"event_name":"Big Fish","player_choice":"Box","floor":4.0,"gold_loss":0.0,"damage_taken":0.0,"relics_obtained":["Kunai"],"cards_obtained":["Regret"]},{"damage_healed":0,"gold_gain":0,"player_choice":"Relic","damage_taken":0,"max_hp_gain":0,"max_hp_loss":0,"event_name":"Wheel of Change","floor":25,"gold_loss":0},{"damage_healed":0,"gold_gain":300,"player_choice":"Gold","damage_taken":0,"max_hp_gain":0,"max_hp_loss":0,"event_name":"Wheel of Change","floor":44,"gold_loss":0}],"is_beta":false,"boss_relics":[{"not_picked":["Empty Cage","reliquary:KinkedSpring"],"picked":"Honey Jar"},{"not_picked":["Snecko Eye","Cursed Key"],"picked":"aspiration:SecretTechniqueScroll"}],"items_purged_floors":[5,30,30],"is_endless":false,"potions_floor_spawned":[2,9,11,13,14,16,22,23,28,32,33,37,40,43,46,49],"ascension_level":0}}