{"host":"nsc6ozq3atyrdr3m","time":1614023444,"event":{"mods":["BaseMod","Colored Map","Minty Spire (QoL Compilation)"],"gold_per_floor":[16,16,36,36,36,64,79,79,161,176,70,82,82,82,82,82,82],"floor_reached":16,"language":"FRA","playtime":381,"items_purged":[],"score":140,"play_id":"01491e05-1827-4d4d-a782-8be771ee6a73","local_time":"20210222205044","is_ascension_mode":true,"campfire_choices":[{"data":"Hologram","floor":8,"key":"SMITH"},{"floor":15,"key":"REST"}],"circlet_count":0,"master_deck":["Strike_B","Strike_B","Strike_B","Defend_B","Defend_B","Defend_B","Defend_B","Zap","Dualcast","All For One+1","Leap","Go for the Eyes","Hologram+1","Genetic Algorithm","Gash","Self Repair","Melter","BootSequence"],"relics":["Cracked Core","Boot","Shuriken","DataDisk"],"acts_visited":["Exordium"],"potions_floor_usage":[6,6,16,16],"damage_taken":[{"damage":1,"enemies":"2 Louse","floor":1,"turns":2},{"damage":6,"enemies":"Cultist","floor":3,"turns":3},{"damage":8,"enemies":"3 Sentries","floor":6,"turns":7},{"damage":0,"enemies":"Small Slimes","floor":7,"turns":4},{"damage":26,"enemies":"Exordium Thugs","floor":10,"turns":7},{"damage":3,"enemies":"3 Louse","floor":12,"turns":3},{"damage":63,"enemies":"Slime Boss","floor":16,"turns":11}],"seed_played":"2503031875073158468","potions_obtained":[{"floor":1,"key":"BlessingOfTheForge"},{"floor":3,"key":"ColorlessPotion"},{"floor":6,"key":"Dexterity Potion"},{"floor":12,"key":"Energy Potion"}],"is_trial":false,"path_per_floor":["M","?","M","?","$","E","M","R","T","M","$","M","?","?","R","B"],"character_chosen":"DEFECT","items_purchased":["Self Repair","Melter"],"campfire_rested":1,"item_purchase_floors":[11,11],"current_hp_per_floor":[67,67,61,61,61,53,53,53,53,27,27,24,49,37,59,0,0],"gold":82,"neow_bonus":"THREE_RARE_CARDS","is_daily":false,"chose_seed":false,"campfire_upgraded":1,"win_rate":0.0,"timestamp":1614023444,"path_taken":["M","?","?","?","?","E","M","R","T","M","$","M","?","?","R","BOSS"],"items_purchased_type":["Card","Card"],"build_version":"2020-12-22","purchased_purges":0,"victory":false,"max_hp_per_floor":[75,75,75,75,75,75,75,75,75,75,75,75,75,75,75,75,75],"card_choices":[{"not_picked":["Seek","Reboot"],"picked":"All For One","floor":0},{"not_picked":["Auto Shields","Coolheaded"],"picked":"Leap","floor":1},{"not_picked":["Streamline","Blizzard"],"picked":"Go for the Eyes","floor":3},{"not_picked":["Beam Cell","Core Surge"],"picked":"Hologram","floor":6},{"not_picked":["Glacier","Barrage"],"picked":"Genetic Algorithm","floor":7},{"not_picked":["Redo","Compile Driver"],"picked":"Gash","floor":10},{"not_picked":["Loop","Sweeping Beam"],"picked":"BootSequence","floor":12}],"player_experience":443615,"relics_obtained":[{"floor":6,"key":"Boot"},{"floor":9,"key":"Shuriken"}],"event_choices":[{"cards_removed":["Strike_B"],"damage_healed":0,"gold_gain":0,"player_choice":"Purged","damage_taken":0,"max_hp_gain":0,"max_hp_loss":0,"event_name":"Purifier","floor":2,"gold_loss":0},{"damage_healed":0,"gold_gain":0,"player_choice":"Forge","damage_taken":0,"max_hp_gain":0,"max_hp_loss":0,"event_name":"Accursed Blacksmith","floor":4,"gold_loss":0,"cards_upgraded":["All For One"]},{"damage_healed":25,"gold_gain":0,"player_choice":"Banana","damage_taken":0,"max_hp_gain":0,"max_hp_loss":0,"event_name":"Big Fish","floor":13,"gold_loss":0},{"damage_healed":0,"gold_gain":0,"player_choice":"Success","damage_taken":12,"relics_obtained":["DataDisk"],"max_hp_gain":0,"max_hp_loss":0,"event_name":"Scrap Ooze","floor":14,"gold_loss":0}],"is_beta":false,"boss_relics":[],"items_purged_floors":[],"is_endless":false,"potions_floor_spawned":[1,3,6,12],"killed_by":"Slime Boss","ascension_level":8}}