{"host":"f5gffvlv6a66yqkd","time":1614029972,"event":{"mods":["2.2 Compatiblity","BaseMod","Colored Map","Custom Start","DeckTracker","Keyboard Shortcuts","Minty Spire (QoL Compilation)","Permanent Neow","Quick Restart","Relic Stats","StSLib","SuperFastMode"],"gold_per_floor":[109,109,109,122,136,136,166,166,166,193,193,208,224,234,234,234,234],"floor_reached":16,"language":"KOR","playtime":387,"items_purged":[],"score":224,"play_id":"1ad5df3c-55d0-462a-9439-974588968263","local_time":"20210223063932","is_ascension_mode":true,"campfire_choices":[{"data":"Heel Hook","floor":6.0,"key":"SMITH"},{"data":"Dagger Throw","floor":8,"key":"SMITH"},{"data":"Acrobatics","floor":11,"key":"SMITH"},{"data":"Footwork","floor":15,"key":"SMITH"}],"circlet_count":0,"master_deck":["AscendersBane","Strike_G","Strike_G","Strike_G","Strike_G","Strike_G","Defend_G","Defend_G","Defend_G","Defend_G","Defend_G","Survivor","Neutralize+1","Heel Hook+1","Dagger Throw+1","Backstab","Escape Plan","Acrobatics+1","Accuracy","Footwork+1"],"relics":["Ring of the Snake","Shuriken","Mummified Hand","WingedGreaves"],"acts_visited":["Exordium"],"potions_floor_usage":[7,10],"damage_taken":[{"damage":4.0,"enemies":"Small Slimes","floor":1.0,"turns":5.0},{"damage":3.0,"enemies":"Cultist","floor":4.0,"turns":4.0},{"damage":0.0,"enemies":"2 Louse","floor":5.0,"turns":2.0},{"damage":21,"enemies":"Gremlin Nob","floor":7,"turns":4},{"damage":4,"enemies":"Lagavulin","floor":10,"turns":5},{"damage":2,"enemies":"Lots of Slimes","floor":12,"turns":5},{"damage":9,"enemies":"3 Louse","floor":13,"turns":3},{"damage":3,"enemies":"Exordium Thugs","floor":14,"turns":4},{"damage":15,"enemies":"Hexaghost","floor":16,"turns":9}],"seed_played":"-2311752879070207313","potions_obtained":[{"floor":5.0,"key":"FearPotion"},{"floor":7,"key":"PowerPotion"},{"floor":13,"key":"Fire Potion"},{"floor":14,"key":"FearPotion"}],"is_trial":false,"path_per_floor":["M","$","?","M","M","R","E","R","T","E","R","M","M","M","R","B"],"character_chosen":"THE_SILENT","items_purchased":[],"campfire_rested":0,"item_purchase_floors":[],"current_hp_per_floor":[55,55,55,52,52,52,31,31,31,27,27,25,16,13,13,0,0],"gold":234,"neow_bonus":"THREE_CARDS","is_daily":false,"chose_seed":false,"campfire_upgraded":4,"win_rate":0.0,"timestamp":1614029972,"path_taken":["M","$","?","M","M","R","E","R","T","E","R","?","M","M","R","BOSS"],"items_purchased_type":[],"build_version":"2020-12-22","purchased_purges":0,"victory":false,"max_hp_per_floor":[66,66,66,66,66,66,66,66,66,66,66,66,66,66,66,66,66],"relic_stats":{"counters":[9,41],"Shuriken":[15],"Mummified Hand":[3],"obtain_stats":[{"Shuriken":7,"Mummified Hand":9,"WingedGreaves":10,"Ring of the Snake":0},{"Shuriken":4,"Mummified Hand":4,"WingedGreaves":5,"Ring of the Snake":0},{"Shuriken":15,"Mummified Hand":15,"WingedGreaves":20,"Ring of the Snake":0}],"Ring of the Snake":[18]},"card_choices":[{"not_picked":["Deadly Poison","Tactician"],"picked":"Heel Hook","floor":0.0},{"not_picked":["Underhanded Strike","Cloak And Dagger"],"picked":"Dagger Throw","floor":1.0},{"not_picked":["Prepared","Deflect"],"picked":"Backstab","floor":4.0},{"not_picked":["Concentrate","Quick Slash"],"picked":"Escape Plan","floor":5.0},{"not_picked":["Deflect","Expertise","Accuracy"],"picked":"SKIP","floor":7},{"not_picked":["All Out Attack","Outmaneuver"],"picked":"Acrobatics","floor":10},{"not_picked":["PiercingWail","Unload"],"picked":"Accuracy","floor":12},{"not_picked":["Riddle With Holes","Flying Knee","Slice"],"picked":"SKIP","floor":13},{"not_picked":["Backflip","Cloak And Dagger"],"picked":"Footwork","floor":14}],"player_experience":1555787,"relics_obtained":[{"floor":7,"key":"Shuriken"},{"floor":9,"key":"Mummified Hand"},{"floor":10,"key":"WingedGreaves"}],"event_choices":[{"damage_healed":0.0,"max_hp_gain":0.0,"max_hp_loss":0.0,"gold_gain":0.0,"event_name":"Upgrade Shrine","player_choice":"Upgraded","floor":3.0,"gold_loss":0.0,"damage_taken":0.0,"cards_upgraded":["Neutralize"]}],"is_beta":false,"boss_relics":[],"items_purged_floors":[],"is_endless":false,"potions_floor_spawned":[5,7,13,14],"killed_by":"Hexaghost","ascension_level":20}}