{"host":"2pmmafybkq7zb6na","time":1614009604,"event":{"mods":["AchievementEnabler","BaseMod","Colored Map","Highlight Path","Keyboard Shortcuts","Minty Spire (QoL Compilation)","Quick Restart","StSLib","SuperFastMode"],"gold_per_floor":[116,130,205,205,219,219,231,231,256,268,298,298,327,338,338,440,440,457,72,72,171,73,73,83,83,132,150,185,195,195,42,42,42,42],"floor_reached":33,"language":"KOR","playtime":1268,"items_purged":["Strike_R"],"score":375,"play_id":"321bff08-de41-4d88-bdbb-2626232ce5ba","local_time":"20210223010004","is_ascension_mode":true,"campfire_choices":[{"data":"Bash","floor":6.0,"key":"SMITH"},{"data":"Anger","floor":8.0,"key":"SMITH"},{"data":"Wild Strike","floor":12.0,"key":"SMITH"},{"floor":15.0,"key":"REST"},{"data":"True Grit","floor":23.0,"key":"SMITH"},{"data":"Evolve","floor":25.0,"key":"SMITH"},{"data":"Impervious","floor":30.0,"key":"SMITH"},{"data":"Flame Barrier","floor":32.0,"key":"SMITH"}],"circlet_count":0,"master_deck":["Strike_R","Strike_R","Strike_R","Strike_R","Defend_R","Defend_R","Defend_R+1","Defend_R+1","Bash+1","Infernal Blade+1","Evolve+1","Burning Pact","Anger+1","Flame Barrier+1","Wild Strike+1","Impervious+1","Feed","Wild Strike+1","Fire Breathing","True Grit+1","Shrug It Off","Feel No Pain","Corruption"],"relics":["Burning Blood","MealTicket","Bag of Marbles","Darkstone Periapt","Velvet Choker","Sling","War Paint","WingedGreaves","ClockworkSouvenir"],"acts_visited":["Exordium","TheCity"],"potions_floor_usage":[33,33],"damage_taken":[{"damage":7.0,"enemies":"Jaw Worm","floor":1.0,"turns":3.0},{"damage":19.0,"enemies":"Small Slimes","floor":2.0,"turns":4.0},{"damage":0.0,"enemies":"Cultist","floor":5.0,"turns":2.0},{"damage":13.0,"enemies":"Exordium Thugs","floor":7.0,"turns":4.0},{"damage":22.0,"enemies":"Large Slime","floor":10.0,"turns":6.0},{"damage":0.0,"enemies":"Gremlin Nob","floor":11.0,"turns":2.0},{"damage":25.0,"enemies":"3 Sentries","floor":13.0,"turns":7.0},{"damage":0.0,"enemies":"2 Fungi Beasts","floor":14.0,"turns":1.0},{"damage":32.0,"enemies":"Slime Boss","floor":16.0,"turns":11.0},{"damage":12.0,"enemies":"Chosen","floor":18.0,"turns":4.0},{"damage":19.0,"enemies":"2 Thieves","floor":24.0,"turns":5.0},{"damage":33.0,"enemies":"Sentry and Sphere","floor":27.0,"turns":7.0},{"damage":1.0,"enemies":"Slavers","floor":28.0,"turns":5.0},{"damage":21.0,"enemies":"Snake Plant","floor":29.0,"turns":4.0},{"damage":83,"enemies":"Automaton","floor":33,"turns":10}],"seed_played":"2703981166529774375","potions_obtained":[{"floor":1.0,"key":"Dexterity Potion"},{"floor":5.0,"key":"SteroidPotion"},{"floor":7.0,"key":"Fire Potion"},{"floor":13.0,"key":"BloodPotion"},{"floor":16.0,"key":"SpeedPotion"},{"floor":29.0,"key":"AttackPotion"}],"is_trial":false,"path_per_floor":["M","M","?","?","M","R","M","R","T","M","E","R","E","M","R","B",null,"M","$","?","?","$","R","M","R","T","M","E","M","R","$","R","B"],"character_chosen":"IRONCLAD","items_purchased":["Fire Breathing","Sling","War Paint","Shrug It Off","ClockworkSouvenir"],"campfire_rested":1,"item_purchase_floors":[19,19,19,22,31],"current_hp_per_floor":[87,74,63,63,69,69,62,62,62,46,52,52,33,39,65,39,76,73,88,88,88,91,91,78,78,78,69,77,62,62,77,77,0,0],"gold":42,"neow_bonus":"TEN_PERCENT_HP_BONUS","is_daily":false,"chose_seed":false,"campfire_upgraded":7,"win_rate":0.0,"timestamp":1614009604,"path_taken":["M","M","?","?","?","M","R","M","R","T","M","E","R","E","?","R","BOSS","M","$","?","?","$","R","M","R","T","M","E","M","R","$","R","BOSS"],"items_purchased_type":["Card","Relic","Relic","Card","Relic"],"build_version":"2020-12-22","purchased_purges":1,"victory":false,"max_hp_per_floor":[88,88,88,88,88,88,88,88,88,88,88,88,88,88,88,88,88,91,91,91,91,91,91,91,91,91,91,94,94,94,94,94,94,94],"card_choices":[{"not_picked":["Inflame","Feel No Pain"],"picked":"Infernal Blade","floor":1.0},{"not_picked":["Clash","Warcry"],"picked":"Evolve","floor":2.0},{"not_picked":["Dual Wield","Searing Blow"],"picked":"Burning Pact","floor":5.0},{"not_picked":["Pommel Strike","Clothesline"],"picked":"Anger","floor":7.0},{"not_picked":["Searing Blow","Inflame"],"picked":"Flame Barrier","floor":10.0},{"not_picked":["Clothesline","Headbutt"],"picked":"Wild Strike","floor":11.0},{"not_picked":["True Grit","Thunderclap","Clash"],"picked":"SKIP","floor":13.0},{"not_picked":["Inflame","Cleave"],"picked":"Impervious","floor":14.0},{"not_picked":["Bludgeon","Impervious"],"picked":"Feed","floor":16.0},{"not_picked":["Shrug It Off","Headbutt"],"picked":"Wild Strike+1","floor":18.0},{"not_picked":["Cleave","Flex"],"picked":"Feel No Pain","floor":24.0},{"not_picked":["Anger+1","Flex"],"picked":"Corruption","floor":27.0},{"not_picked":["Spot Weakness","Pommel Strike","Heavy Blade+1"],"picked":"SKIP","floor":28.0},{"not_picked":["Whirlwind","Flex","Warcry+1"],"picked":"SKIP","floor":29.0}],"player_experience":151303,"relics_obtained":[{"floor":9.0,"key":"MealTicket"},{"floor":11.0,"key":"Bag of Marbles"},{"floor":13.0,"key":"Darkstone Periapt"},{"floor":28.0,"key":"WingedGreaves"}],"event_choices":[{"damage_healed":0.0,"max_hp_gain":0.0,"max_hp_loss":0.0,"gold_gain":75.0,"event_name":"World of Goop","player_choice":"Gather Gold","floor":3.0,"gold_loss":0.0,"damage_taken":11.0},{"damage_healed":0.0,"max_hp_gain":0.0,"max_hp_loss":0.0,"gold_gain":0.0,"event_name":"Upgrade Shrine","player_choice":"Upgraded","floor":4.0,"gold_loss":0.0,"damage_taken":0.0,"cards_upgraded":["Infernal Blade"]},{"damage_healed":0.0,"max_hp_gain":0.0,"max_hp_loss":0.0,"gold_gain":0.0,"event_name":"The Library","player_choice":"Read","floor":20.0,"gold_loss":0.0,"damage_taken":0.0,"cards_obtained":["True Grit"]},{"damage_healed":0.0,"max_hp_gain":0.0,"max_hp_loss":0.0,"gold_gain":99.0,"event_name":"Nest","player_choice":"Stole From Cult","floor":21.0,"gold_loss":0.0,"damage_taken":0.0}],"is_beta":false,"boss_relics":[{"not_picked":["Astrolabe","Sozu"],"picked":"Velvet Choker"}],"items_purged_floors":[22],"is_endless":false,"potions_floor_spawned":[1,5,7,13,16,29],"killed_by":"Automaton","ascension_level":5}}