{"host":"rhwhcpbwk36iao2l","time":1614034933,"event":{"mods":["BaseMod","Downfall","Minty Spire (QoL Compilation)","StSLib","The Senshi"],"gold_per_floor":[99,199,218,276,276,38,38,50,70,81,92,105,105,15,33,33,33,33],"floor_reached":16,"language":"ENG","playtime":2268,"items_purged":["downfall:Malfunctioning"],"score":119,"play_id":"3ab07075-5611-4301-96de-4fd03ae77c20","local_time":"20210222180213","is_ascension_mode":false,"campfire_choices":[{"data":"champ:Taunt","floor":1,"key":"SMITH"},{"floor":13,"key":"REST"}],"circlet_count":0,"master_deck":["champ:Strike","champ:Strike","champ:Strike","champ:Strike","champ:Defend","champ:Defend","champ:Defend+1","champ:Defend+1","champ:Execute+1","champ:Taunt+1","champ:BerserkersShout","champ:SkillfulDodge","champ:FanOfKnives","expansioncontent:QuickStudy","champ:EnGarde","champ:EnragedBash","champ:FancyFootwork","champ:AdrenalArmor","champ:Improvising","champ:PreciseThrust","champ:GutPunch","champ:GladiatorStyle"],"relics":["champ:ChampionCrown","Darkstone Periapt","Ornamental Fan"],"acts_visited":["Exordium"],"potions_floor_usage":[14,14,16],"damage_taken":[{"damage":12,"enemies":"Jaw Worm","floor":3,"turns":5},{"damage":146,"enemies":"Lagavulin Event","floor":4,"turns":10},{"damage":10,"enemies":"downfall:FleeingMerchant","floor":6,"turns":4},{"damage":5,"enemies":"2 Louse","floor":8,"turns":2},{"damage":14,"enemies":"Small Slimes","floor":9,"turns":2},{"damage":25,"enemies":"Blue Slaver","floor":10,"turns":4},{"damage":20,"enemies":"3 Louse","floor":11,"turns":4},{"damage":40,"enemies":"Large Slime","floor":12,"turns":4},{"damage":20,"enemies":"downfall:FleeingMerchant","floor":14,"turns":4},{"damage":18,"enemies":"downfall:LooterAlt","floor":15,"turns":4},{"damage":76,"enemies":"WA_ARCHETYPE_RETAIN","floor":16,"turns":8}],"seed_played":"8528969015761673793","potions_obtained":[{"floor":8,"key":"LiquidBronze"},{"floor":10,"key":"SteroidPotion"},{"floor":11,"key":"ColorlessPotion"},{"floor":12,"key":"Block Potion"}],"is_trial":false,"path_per_floor":["R","?","M","?","?","$","T","M","M","M","M","M","R","$","M","B"],"character_chosen":"THE_CHAMP","items_purchased":["expansioncontent:QuickStudy","champ:EnGarde"],"campfire_rested":1,"item_purchase_floors":[6,6],"current_hp_per_floor":[99,99,97,29,35,35,35,35,31,31,31,31,62,62,59,0,0,0],"gold":33,"neow_bonus":"TEN_PERCENT_HP_BONUS","is_daily":false,"chose_seed":false,"campfire_upgraded":1,"win_rate":0.0,"timestamp":1614034933,"path_taken":["R","?","M","?","?","$","T","M","M","M","M","M","R","$","M","BOSS"],"items_purchased_type":["Card","Card"],"build_version":"2020-12-22","purchased_purges":1,"victory":false,"max_hp_per_floor":[99,99,99,99,105,105,105,105,105,105,105,105,105,105,105,105,105,105],"card_choices":[{"not_picked":["champ:AdrenalArmor","champ:BringItOn"],"picked":"champ:BerserkersShout","floor":3},{"not_picked":["champ:BerserkersShout","champ:BladeFlurry"],"picked":"champ:SkillfulDodge","floor":4},{"not_picked":["champ:PerfectedStrike","champ:Circumvent"],"picked":"champ:FanOfKnives","floor":6},{"not_picked":["champ:FanOfKnives","champ:EndlessRage"],"picked":"champ:EnragedBash","floor":8},{"not_picked":["champ:BringItOn","champ:GutPunch"],"picked":"champ:FancyFootwork","floor":9},{"not_picked":["champ:FocusedDefense","champ:PerfectedStrike"],"picked":"champ:AdrenalArmor","floor":10},{"not_picked":["champ:Haymaker","champ:FanOfKnives"],"picked":"champ:Improvising","floor":11},{"not_picked":["champ:BerserkersShout","champ:Backstep"],"picked":"champ:PreciseThrust","floor":12},{"not_picked":["champ:HeartStrike","champ:AdrenalArmor"],"picked":"champ:GutPunch","floor":14},{"not_picked":["champ:Backstep","champ:TornadoPunch"],"picked":"champ:GladiatorStyle","floor":15}],"player_experience":16648,"relics_obtained":[{"floor":4,"key":"Darkstone Periapt"},{"floor":7,"key":"Ornamental Fan"}],"event_choices":[],"is_beta":false,"boss_relics":[],"items_purged_floors":[14],"is_endless":false,"potions_floor_spawned":[8,10,11,12],"killed_by":"WA_ARCHETYPE_RETAIN","ascension_level":0}}