{"host":"krw8blyxua7at9ak","time":1614029570,"event":{"mods":["BaseMod","Highlight Path","Minty Spire (QoL Compilation)","ojb\u0027s Info Mod"],"gold_per_floor":[219,237,512,532,11,11,24,24,47,62,74,108,119,148,148,222,222,237,152,166,186,256,256,285,285,285,311,345,0,14,14,14],"floor_reached":31,"language":"ENG","playtime":1153,"items_purged":["Regret"],"score":674,"play_id":"c92edc2c-67d4-4f48-a3ce-4e3ae9200aa8","local_time":"20210222223250","is_ascension_mode":true,"campfire_choices":[{"data":"Dagger Spray","floor":6.0,"key":"SMITH"},{"data":"Blade Dance","floor":8.0,"key":"SMITH"},{"data":"Cloak And Dagger","floor":15.0,"key":"SMITH"},{"data":"Footwork","floor":23,"key":"SMITH"},{"data":"Leg Sweep","floor":25,"key":"SMITH"}],"circlet_count":0,"master_deck":["AscendersBane","Strike_G","Strike_G","Strike_G","Strike_G","Strike_G","Defend_G","Defend_G","Defend_G","Defend_G","Defend_G","Survivor","Neutralize","Slice","Dagger Spray+1","Endless Agony","Blade Dance+1","Tools of the Trade","Terror","Leg Sweep+1","Cloak And Dagger+1","Die Die Die","Dodge and Roll+1","Footwork+1","Dagger Spray+1","Calculated Gamble+1","Backstab"],"relics":["Ring of the Snake","Shuriken","Frozen Eye","MealTicket","Tiny Chest","Bronze Scales","Sozu","Orichalcum","Paper Crane","Torii","Toxic Egg 2","Happy Flower","Eternal Feather"],"acts_visited":["Exordium","TheCity"],"potions_floor_usage":[16,24],"damage_taken":[{"damage":13.0,"enemies":"Cultist","floor":1.0,"turns":5.0},{"damage":5.0,"enemies":"2 Louse","floor":2.0,"turns":3.0},{"damage":4.0,"enemies":"Jaw Worm","floor":4.0,"turns":5.0},{"damage":0.0,"enemies":"Lots of Slimes","floor":7.0,"turns":1.0},{"damage":6.0,"enemies":"Large Slime","floor":10.0,"turns":5.0},{"damage":0.0,"enemies":"2 Fungi Beasts","floor":11.0,"turns":2.0},{"damage":5.0,"enemies":"Lagavulin","floor":12.0,"turns":5.0},{"damage":1.0,"enemies":"Exordium Thugs","floor":13.0,"turns":3.0},{"damage":10.0,"enemies":"3 Sentries","floor":14.0,"turns":5.0},{"damage":0,"enemies":"Slime Boss","floor":16,"turns":6},{"damage":19,"enemies":"2 Thieves","floor":18,"turns":3},{"damage":5,"enemies":"Shell Parasite","floor":20,"turns":4},{"damage":9,"enemies":"Centurion and Healer","floor":21,"turns":5},{"damage":4,"enemies":"Book of Stabbing","floor":24,"turns":4},{"damage":15,"enemies":"Slavers","floor":28,"turns":4},{"damage":0,"enemies":"3 Cultists","floor":30,"turns":4},{"damage":1,"enemies":"Sentry and Sphere","floor":31,"turns":2}],"seed_played":"2781508753800670862","potions_obtained":[{"floor":2.0,"key":"DuplicationPotion"},{"floor":10.0,"key":"SpeedPotion"},{"floor":11.0,"key":"SkillPotion"},{"floor":14.0,"key":"SpeedPotion"},{"floor":16,"key":"Poison Potion"}],"is_trial":false,"path_per_floor":["M","M","?","M","$","R","M","R","T","M","M","E","M","E","R","B",null,"M","?","M","M","T","R","E","R","T","T","E","?","M","M"],"character_chosen":"THE_SILENT","items_purchased":["Shuriken","Frozen Eye"],"campfire_rested":0,"item_purchase_floors":[5,5],"current_hp_per_floor":[46,41,41,37,37,37,37,37,37,31,31,26,25,15,15,15,53,34,34,29,20,20,20,16,16,16,16,1,1,1,0,0],"gold":14,"neow_bonus":"HUNDRED_GOLD","is_daily":false,"chose_seed":false,"campfire_upgraded":5,"win_rate":0.0,"timestamp":1614029570,"path_taken":["M","M","?","M","$","R","M","R","T","?","?","E","?","E","R","BOSS","M","?","M","M","?","R","E","R","T","?","E","?","M","M"],"items_purchased_type":["Relic","Relic"],"build_version":"2020-12-22","purchased_purges":1,"victory":false,"max_hp_per_floor":[66,66,66,66,66,66,66,66,66,66,66,66,66,66,66,66,66,66,66,66,66,66,66,66,66,66,66,66,66,66,66,66],"card_choices":[{"not_picked":["PiercingWail","Tactician"],"picked":"Slice","floor":1.0},{"not_picked":["Cloak And Dagger","Masterful Stab"],"picked":"Dagger Spray","floor":2.0},{"not_picked":["Slice","Dagger Throw"],"picked":"Endless Agony","floor":4.0},{"not_picked":["Flying Knee","Deflect"],"picked":"Blade Dance","floor":7.0},{"not_picked":["Deflect","Outmaneuver"],"picked":"Tools of the Trade","floor":10.0},{"not_picked":["Acrobatics","Outmaneuver"],"picked":"Terror","floor":11.0},{"not_picked":["Deadly Poison","Heel Hook","Infinite Blades"],"picked":"SKIP","floor":12.0},{"not_picked":["Flying Knee","Quick Slash"],"picked":"Leg Sweep","floor":13.0},{"not_picked":["Slice","Corpse Explosion"],"picked":"Cloak And Dagger","floor":14.0},{"not_picked":["Corpse Explosion","Grand Finale"],"picked":"Die Die Die","floor":16},{"not_picked":["Slice","Quick Slash"],"picked":"Dodge and Roll+1","floor":18},{"not_picked":["Infinite Blades","Flechettes","Noxious Fumes"],"picked":"SKIP","floor":20},{"not_picked":["Backflip","Deflect"],"picked":"Footwork","floor":21},{"not_picked":["Backflip","Die Die Die"],"picked":"Dagger Spray+1","floor":24},{"not_picked":["Infinite Blades","Riddle With Holes"],"picked":"Calculated Gamble+1","floor":28},{"not_picked":["Deflect+1","Catalyst+1"],"picked":"Backstab","floor":30}],"player_experience":419614,"relics_obtained":[{"floor":9.0,"key":"MealTicket"},{"floor":12.0,"key":"Tiny Chest"},{"floor":14.0,"key":"Bronze Scales"},{"floor":22,"key":"Paper Crane"},{"floor":24,"key":"Torii"},{"floor":26,"key":"Toxic Egg 2"},{"floor":27,"key":"Happy Flower"},{"floor":28,"key":"Eternal Feather"}],"event_choices":[{"damage_healed":0.0,"max_hp_gain":0.0,"max_hp_loss":0.0,"gold_gain":275.0,"event_name":"Golden Shrine","player_choice":"Desecrate","floor":3.0,"gold_loss":0.0,"damage_taken":0.0,"cards_obtained":["Regret"]},{"damage_healed":0,"gold_gain":0,"player_choice":"Obtained Relic","damage_taken":0,"relics_obtained":["Orichalcum"],"max_hp_gain":0,"max_hp_loss":0,"event_name":"Addict","floor":19,"gold_loss":85},{"damage_healed":0,"gold_gain":0,"player_choice":"Paid Fearfully","damage_taken":0,"max_hp_gain":0,"max_hp_loss":0,"event_name":"Masked Bandits","floor":29,"gold_loss":345}],"is_beta":false,"boss_relics":[{"not_picked":["Velvet Choker","Runic Dome"],"picked":"Sozu"}],"items_purged_floors":[5],"is_endless":false,"potions_floor_spawned":[2,10,11,14,16,20,24,30],"killed_by":"Sentry and Sphere","ascension_level":20}}