{"host":"n5s5ra9ho7zqf9wm","time":1614011523,"event":{"mods":["Alarm Clock","Ascension Reborn","Aspiration","BaseMod","Better Altar","Better Note","Better Sensory Stone","Better Third Choice","Better Vampires","BetterRewards","Block Reminder","Card Forge","Colored Powertips","Curses Come First","Decade(王小明)","Displayed Cursed Tome","Grow up Mod","Hubris","Infinite Spire","Jedi Mod","Marisa（F雨　魔理沙）","Minty Spire (QoL Compilation)","Nova Terra(诺娃・泰拉)","Quick Restart","Rare Cards Sparkle","Red Circlet Mod","Relic Stats","Reliquary","Remove Card Discount Mod","Replay The Spire","Ryuuou龙王","SIMod","Say the Spire","Shop Mod","Spicy Shops","StSLib","TestMod","The Alterego","The Animator","The Construct","The Cursed","The Disciple","The Marked","The Mystic","The Runesmith","The Servant 0.9.4","Waifu the Spire","[JumpMod]舞动尖塔","【功能Mod】聪明的最终Boss","【遗物卡牌】REMEMod","篝火指南"],"gold_per_floor":[118,118,118,137,149,180,136,147,147,175,186,204,246,276,103,177,177,190,190,190,251,265,290,304,338,338,352,352,352,352,352,4,78,78,46,46,46,60,75,150,150,201,201,203,203,217,257,280,328,352,352],"floor_reached":50,"language":"ZHS","playtime":2767,"items_purged":[],"score":1749,"play_id":"89a7562c-3455-4c8e-9216-50a1ed54c66d","local_time":"20210223003203","is_ascension_mode":true,"campfire_choices":[{"floor":28,"key":"RECALL"}],"circlet_count":0,"master_deck":["AscendersBane","Gash+1","Streamline+1","jedi:better+1","jedi:stronger+1","Go for the Eyes+1","Streamline+1","hubris:Greed"],"relics":["FrozenCore","Hammer of Thor","Seething Fire","Anvil of the Gods","HowToJump","testmod-TestBox","REME_ComplimentaryCards","testmod-Maize","Ring of the Snake","Molten Egg 2","Unceasing Top","MerchantsRug","Replay:Rubber Ducky","reliquary:RoseTintedGlasses","TheAbacus","ReplayTheSpireMod:Ring of Challenge","hubris:Towel","reliquary:PorcupineQuills","jedi:firstaidkit","infinitespire:Midas Blood","ReplayTheSpireMod:TigerMarble","hubris:Icosahedron","testmod-Register","hubris:MysteriousPyramids","SlaversCollar","REME_PuzzleBoxRelic","aspiration:AnachronicSnailShell","testmod-TurbochargingSystem","Runesmith:Nanobots","hubris:SoftwareUpdate"],"acts_visited":["Exordium","TheCity","TheBeyond"],"potions_floor_usage":[10],"damage_taken":[{"damage":3,"enemies":"2 Louse","floor":1,"turns":5},{"damage":2,"enemies":"Cultist","floor":4,"turns":4},{"damage":14,"enemies":"Jaw Worm","floor":5,"turns":4},{"damage":38,"enemies":"Gremlin Nob","floor":6,"turns":6},{"damage":8,"enemies":"3 Louse","floor":8,"turns":2},{"damage":44,"enemies":"3 Sentries","floor":10,"turns":15},{"damage":11,"enemies":"Blue Slaver","floor":11,"turns":2},{"damage":10,"enemies":"Large Slime","floor":12,"turns":2},{"damage":0,"enemies":"Lagavulin","floor":14,"turns":2},{"damage":0,"enemies":"Fading Forest","floor":16,"turns":13},{"damage":0,"enemies":"Chosen","floor":18,"turns":2},{"damage":0,"enemies":"3 Byrds","floor":21,"turns":2},{"damage":16,"enemies":"Snake Plant","floor":22,"turns":2},{"damage":0,"enemies":"Gremlin Leader","floor":23,"turns":2},{"damage":0,"enemies":"Snecko","floor":24,"turns":4},{"damage":0,"enemies":"REME_1_Revenger","floor":25,"turns":2},{"damage":15,"enemies":"Centurion and Healer","floor":27,"turns":2},{"damage":0,"enemies":"Collector","floor":33,"turns":2},{"damage":11,"enemies":"3 Shapes","floor":35,"turns":2},{"damage":0,"enemies":"Orb Walker","floor":38,"turns":2},{"damage":1,"enemies":"Transient","floor":39,"turns":2},{"damage":0,"enemies":"R_Hoarder","floor":40,"turns":8},{"damage":0,"enemies":"Spire Growth","floor":46,"turns":3},{"damage":21,"enemies":"Nemesis","floor":47,"turns":5},{"damage":5,"enemies":"4 Shapes","floor":48,"turns":3},{"damage":876,"enemies":"Time Eater","floor":50,"turns":18}],"seed_played":"-5247056725561858835","potions_obtained":[{"floor":4,"key":"Dexterity Potion"},{"floor":8,"key":"PowerPotion"},{"floor":11,"key":"LifebloodPotion"},{"floor":12,"key":"BlessingOfTheForge"},{"floor":18,"key":"LifebloodPotion"},{"floor":22,"key":"Regen Potion"}],"is_trial":false,"path_per_floor":["M","?","?","M","M","E","R","M","T","E","M","M","$","E","R","B",null,"M","?","?","M","M","E","M","E","T","M","R","?","AVR","?","R","B",null,"M","AVR","?","M","M","E","R","?","T","?","?","M","E","M","R","B"],"character_chosen":"DEFECT","items_purchased":["MerchantsRug","TheAbacus","testmod-Register","hubris:MysteriousPyramids"],"campfire_rested":0,"item_purchase_floors":[7,15,32,32],"current_hp_per_floor":[81,91,101,109,105,77,87,89,99,65,64,64,74,84,94,112,219,229,239,249,259,253,263,273,283,293,288,298,308,318,328,338,348,405,404,414,424,440,449,474,484,494,504,384,394,404,402,410,420,0,0],"gold":352,"neow_bonus":"NOSTALGIA","is_daily":false,"chose_seed":false,"campfire_upgraded":0,"win_rate":0.0,"timestamp":1614011523,"path_taken":["M","?","?","M","M","E","R","M","T","E","?","M","$","E","R","BOSS","M","?","?","M","M","E","?","E","T","M","R","?","AVR","?","R","BOSS","M","AVR","?","M","M","E","R","?","T","?","?","?","E","M","R","BOSS"],"items_purchased_type":["Relic","Relic","Relic","Relic"],"build_version":"2020-12-22","purchased_purges":0,"victory":false,"max_hp_per_floor":[91,101,111,121,131,141,151,161,171,181,191,201,211,221,231,241,251,261,271,281,291,301,311,321,331,341,351,361,371,381,391,401,411,421,431,441,451,461,471,481,491,501,511,521,531,541,551,561,571,569,569],"relic_stats":{"TheAbacus":[1050],"counters":[26,116],"obtain_stats":[{"Hammer of Thor":0,"hubris:MysteriousPyramids":32,"Replay:Rubber Ducky":10,"FrozenCore":17,"TheAbacus":15,"hubris:Icosahedron":31,"jedi:firstaidkit":25,"aspiration:AnachronicSnailShell":40,"reliquary:RoseTintedGlasses":14,"Cracked Core":0,"Ring of the Snake":0,"testmod-Maize":0,"Girya":3,"MerchantsRug":7,"Runesmith:Nanobots":43,"testmod-TestBox":0,"HowToJump":0,"aspiration:Nostalgia":0,"testmod-Register":32,"hubris:SoftwareUpdate":47,"Seething Fire":0,"testmod-TurbochargingSystem":42,"hubris:Towel":20,"SlaversCollar":34,"reliquary:PorcupineQuills":23,"Anvil of the Gods":0,"Molten Egg 2":2,"ReplayTheSpireMod:TigerMarble":30,"ReplayTheSpireMod:Ring of Challenge":19,"REME_PuzzleBoxRelic":36,"Unceasing Top":6,"REME_ComplimentaryCards":0,"infinitespire:Midas Blood":26},{"Hammer of Thor":0,"hubris:MysteriousPyramids":17,"Replay:Rubber Ducky":6,"FrozenCore":10,"TheAbacus":9,"hubris:Icosahedron":17,"jedi:firstaidkit":16,"aspiration:AnachronicSnailShell":22,"reliquary:RoseTintedGlasses":9,"Cracked Core":0,"Ring of the Snake":0,"testmod-Maize":0,"Girya":1,"MerchantsRug":4,"Runesmith:Nanobots":22,"testmod-TestBox":0,"HowToJump":0,"aspiration:Nostalgia":0,"testmod-Register":17,"hubris:SoftwareUpdate":24,"Seething Fire":0,"testmod-TurbochargingSystem":22,"hubris:Towel":11,"SlaversCollar":18,"reliquary:PorcupineQuills":14,"Anvil of the Gods":0,"Molten Egg 2":1,"ReplayTheSpireMod:TigerMarble":17,"ReplayTheSpireMod:Ring of Challenge":11,"REME_PuzzleBoxRelic":19,"Unceasing Top":4,"REME_ComplimentaryCards":0,"infinitespire:Midas Blood":16},{"Hammer of Thor":0,"hubris:MysteriousPyramids":71,"Replay:Rubber Ducky":36,"FrozenCore":55,"TheAbacus":42,"hubris:Icosahedron":71,"jedi:firstaidkit":69,"aspiration:AnachronicSnailShell":87,"reliquary:RoseTintedGlasses":42,"Cracked Core":0,"Ring of the Snake":0,"testmod-Maize":0,"Girya":5,"MerchantsRug":19,"Runesmith:Nanobots":87,"testmod-TestBox":0,"HowToJump":0,"aspiration:Nostalgia":0,"testmod-Register":71,"hubris:SoftwareUpdate":95,"Seething Fire":0,"testmod-TurbochargingSystem":87,"hubris:Towel":57,"SlaversCollar":73,"reliquary:PorcupineQuills":63,"Anvil of the Gods":0,"Molten Egg 2":5,"ReplayTheSpireMod:TigerMarble":71,"ReplayTheSpireMod:Ring of Challenge":57,"REME_PuzzleBoxRelic":75,"Unceasing Top":19,"REME_ComplimentaryCards":0,"infinitespire:Midas Blood":69}],"Unceasing Top":[176],"FrozenCore":[29],"Ring of the Snake":[10]},"card_choices":[{"not_picked":["Compile Driver","Tempest"],"picked":"Double Energy","floor":1},{"not_picked":["Barrage+1","jedi:blockon"],"picked":"Compile Driver+1","floor":4},{"not_picked":["Reinforced Body","Rebound+1"],"picked":"Coolheaded","floor":5},{"not_picked":["Leap","jedi:BurstFrost"],"picked":"Gash+1","floor":6},{"not_picked":["FIFO Queue","jedi:BurstLightning+1"],"picked":"Coolheaded","floor":8},{"not_picked":["jedi:BurstLightning+1","Ball Lightning+1","Multi-Cast"],"picked":"SKIP","floor":10},{"not_picked":["Compile Driver+1","Hologram"],"picked":"Streamline+1","floor":11},{"not_picked":["Turbo","Compile Driver+1","Ball Lightning+1"],"picked":"SKIP","floor":12},{"not_picked":["Beam Cell+1","Redo","Meteor Strike+1"],"picked":"SKIP","floor":14},{"not_picked":["Leap+1","ReplayTheSpireMod:Repulse","aspiration:Polymerization+1"],"picked":"SKIP","floor":18},{"not_picked":["Compile Driver+1","Hologram","Cold Snap+1"],"picked":"SKIP","floor":21},{"not_picked":["Creative AI","ReplayTheSpireMod:Repulse","Turbo"],"picked":"SKIP","floor":22},{"not_picked":["hubris:Prefetch","Chill","Redo+1"],"picked":"SKIP","floor":23},{"not_picked":["Conserve Battery","Redo","Aggregate"],"picked":"SKIP","floor":24},{"not_picked":["REME_Whirling+1","Recycle","Stack"],"picked":"SKIP","floor":25},{"not_picked":["BasicCrystalCard","Coolheaded+1","jedi:BurstFrost"],"picked":"SKIP","floor":27},{"not_picked":["jedi:reiji","Force Field","hubris:Ukulele+1"],"picked":"SKIP","floor":35},{"not_picked":["Undo+1","Crystallizer","Coolheaded"],"picked":"SKIP","floor":38},{"not_picked":["Compile Driver+1","Leap","REME_SelfUpgrade+1"],"picked":"SKIP","floor":39},{"not_picked":["jedi:blockon","FIFO Queue"],"picked":"Sunder+1","floor":40},{"not_picked":["Doom and Gloom+1","Sunder+1"],"picked":"Go for the Eyes+1","floor":42},{"not_picked":["Panic Button","Steam","hubris:Ukulele+1"],"picked":"SKIP","floor":46},{"not_picked":["Steam+1","Sweeping Beam+1"],"picked":"Streamline+1","floor":47},{"not_picked":["Compile Driver+1","hubris:PowerSurge","Self Repair"],"picked":"SKIP","floor":48}],"player_experience":71703,"relics_obtained":[{"floor":6,"key":"Unceasing Top"},{"floor":10,"key":"Replay:Rubber Ducky"},{"floor":14,"key":"reliquary:RoseTintedGlasses"},{"floor":19,"key":"ReplayTheSpireMod:Ring of Challenge"},{"floor":23,"key":"reliquary:PorcupineQuills"},{"floor":25,"key":"jedi:firstaidkit"},{"floor":26,"key":"infinitespire:Midas Blood"},{"floor":40,"key":"aspiration:AnachronicSnailShell"},{"floor":42,"key":"testmod-TurbochargingSystem"},{"floor":43,"key":"Runesmith:Nanobots"},{"floor":47,"key":"hubris:SoftwareUpdate"}],"event_choices":[{"cards_removed":["WasteNot"],"damage_healed":0,"gold_gain":0,"player_choice":"Gave Card","damage_taken":0,"relics_obtained":["Girya"],"max_hp_gain":0,"max_hp_loss":0,"event_name":"WeMeetAgain","floor":3,"gold_loss":0},{"damage_healed":0,"gold_gain":0,"player_choice":"Ignored","damage_taken":0,"max_hp_gain":0,"max_hp_loss":0,"event_name":"Vampires","floor":29,"gold_loss":0},{"cards_removed":["jedi:faster"],"damage_healed":0,"gold_gain":0,"player_choice":"Removed Skill","damage_taken":0,"max_hp_gain":0,"max_hp_loss":0,"event_name":"Falling","floor":37,"gold_loss":0},{"damage_healed":0,"gold_gain":0,"player_choice":"Ignored","damage_taken":0,"max_hp_gain":0,"max_hp_loss":0,"event_name":"Upgrade Shrine","floor":45,"gold_loss":0}],"is_beta":false,"boss_relics":[{"not_picked":["infinitespire:Cupcake","Empty Cage"],"picked":"FrozenCore"},{"not_picked":["ChewingGum","reliquary:RedPaperclip"],"picked":"SlaversCollar"}],"items_purged_floors":[],"is_endless":false,"potions_floor_spawned":[4,8,11,12,18,22,24,33,35,40,46],"killed_by":"Time Eater","ascension_level":20}}