{"host":"ghnln56zhm0b0ozo","time":1614007346,"event":{"mods":["BaseMod","Downfall","Minty Spire (QoL Compilation)","Rare Cards Sparkle","Relic Stats","StSLib","The Bug Knight"],"gold_per_floor":[99,111,126,137,153,167,167,167,167,167,167,200,200,233,245,245,245,245],"floor_reached":16,"language":"ENG","playtime":704,"items_purged":[],"score":118,"play_id":"3cb0b225-c460-42fa-9ca4-8863fda56193","local_time":"20210222172226","is_ascension_mode":true,"campfire_choices":[{"data":"bronze:Replicate","floor":1,"key":"SMITH"},{"data":"bronze:CloningBeam","floor":8,"key":"SMITH"},{"floor":11,"key":"REST"},{"floor":13,"key":"REST"}],"circlet_count":0,"master_deck":["bronze:Strike","bronze:Strike","bronze:Strike+1","bronze:Strike+1","bronze:Defend","bronze:Defend","bronze:Defend","bronze:Defend","bronze:Replicate+1","bronze:Goto","bronze:DelayedSlice","bronze:Shell","bronze:ForceShield","bronze:Deprecate","bronze:CloningBeam+1","bronze:RecursiveStrike","bronze:Constructor","bronze:ChildClass","bronze:AlphaBuild"],"relics":["bronze:BronzeCore","Whetstone","Frozen Egg 2","InkBottle","Eternal Feather"],"acts_visited":["Exordium"],"potions_floor_usage":[15,16,16],"damage_taken":[{"damage":0,"enemies":"Cultist","floor":2,"turns":4},{"damage":5,"enemies":"Small Slimes","floor":3,"turns":3},{"damage":0,"enemies":"2 Louse","floor":4,"turns":3},{"damage":3,"enemies":"Red Slaver","floor":5,"turns":5},{"damage":8,"enemies":"2 Fungi Beasts","floor":6,"turns":3},{"damage":37,"enemies":"HollowMod:MossKnight","floor":12,"turns":12},{"damage":33,"enemies":"Gremlin Nob","floor":14,"turns":5},{"damage":0,"enemies":"downfall:LooterAlt","floor":15,"turns":3},{"damage":46,"enemies":"DF_ARCHETYPE_STREAMLINE","floor":16,"turns":6}],"seed_played":"4225926202647426347","potions_obtained":[{"floor":3,"key":"Guardian:BlockOnCardUsePotion"},{"floor":4,"key":"DistilledChaos"},{"floor":6,"key":"FairyPotion"},{"floor":15,"key":"Ancient Potion"}],"is_trial":false,"path_per_floor":["R","M","M","M","M","M","T","R","?","?","R","E","R","E","M","B"],"character_chosen":"THE_AUTOMATON","items_purchased":[],"campfire_rested":2,"item_purchase_floors":[],"current_hp_per_floor":[70,70,65,65,62,54,54,54,29,29,50,13,34,1,1,0,0,0],"gold":245,"neow_bonus":"RANDOM_COMMON_RELIC","is_daily":false,"chose_seed":false,"campfire_upgraded":2,"win_rate":0.0,"timestamp":1614007346,"path_taken":["R","M","?","M","M","?","T","R","?","?","R","E","R","E","M","BOSS"],"items_purchased_type":[],"build_version":"2020-12-22","purchased_purges":0,"victory":false,"max_hp_per_floor":[70,70,70,70,70,70,70,70,70,70,70,70,70,70,70,70,70,70],"relic_stats":{"counters":[9,44],"Eternal Feather":0,"obtain_stats":[{"bronze:BronzeCore":0,"Eternal Feather":14,"Whetstone":0,"Frozen Egg 2":7,"White Beast Statue":9,"InkBottle":12},{"bronze:BronzeCore":0,"Eternal Feather":7,"Whetstone":0,"Frozen Egg 2":5,"White Beast Statue":5,"InkBottle":6},{"bronze:BronzeCore":0,"Eternal Feather":35,"Whetstone":0,"Frozen Egg 2":18,"White Beast Statue":18,"InkBottle":30}],"InkBottle":[4]},"card_choices":[{"not_picked":["bronze:Shield","bronze:Separator"],"picked":"bronze:DelayedSlice","floor":2},{"not_picked":["bronze:FineTuning","bronze:NullPointer"],"picked":"bronze:Shell","floor":3},{"not_picked":["bronze:Iterate","bronze:WildBeam"],"picked":"bronze:ForceShield","floor":4},{"not_picked":["bronze:Shield","bronze:ShipIt"],"picked":"bronze:Deprecate","floor":5},{"not_picked":["bronze:NullPointer","bronze:FineTuning"],"picked":"bronze:CloningBeam","floor":6},{"not_picked":["bronze:CutThrough","bronze:FineTuning"],"picked":"bronze:Constructor","floor":12},{"not_picked":["bronze:FineTuning","bronze:FollowUp"],"picked":"bronze:ChildClass","floor":14},{"not_picked":["bronze:Overheat","bronze:WildBeam"],"picked":"bronze:AlphaBuild","floor":15}],"player_experience":194766,"relics_obtained":[{"floor":7,"key":"Frozen Egg 2"},{"floor":12,"key":"InkBottle"},{"floor":14,"key":"Eternal Feather"}],"event_choices":[{"damage_healed":0,"gold_gain":0,"player_choice":"Success","damage_taken":25,"relics_obtained":["White Beast Statue"],"max_hp_gain":0,"max_hp_loss":0,"event_name":"Scrap Ooze","floor":9,"gold_loss":0}],"is_beta":false,"boss_relics":[],"items_purged_floors":[],"is_endless":false,"potions_floor_spawned":[3,4,6,15],"killed_by":"DF_ARCHETYPE_STREAMLINE","ascension_level":1}}