{"host":"5ffrjkuvgrxgllwx","time":1614025603,"event":{"mods":["AchievementEnabler","BaseMod","Colored Map","Colored Powertips","Minty Spire (QoL Compilation)","Quick Restart","Rare Cards Sparkle","StSLib","everything is the same but u backflip on backflip"],"gold_per_floor":[115,115,135,135,10,44,63,63,89,124,143,154,166,166,166,243,243,256,271,271,271,271],"floor_reached":21,"language":"ENG","playtime":1763,"items_purged":[],"score":353,"play_id":"b94a1319-b368-40c4-ae7e-bf49b7bd261c","local_time":"20210222152643","is_ascension_mode":true,"campfire_choices":[{"floor":8,"key":"REST"},{"floor":15,"key":"REST"}],"circlet_count":0,"master_deck":["AscendersBane","Strike_B","Strike_B","Strike_B","Strike_B","Defend_B","Defend_B","Defend_B","Defend_B","Zap+1","Dualcast","Bandage Up","Gash","Sunder","Conserve Battery","Electrodynamics","Lockon","Glacier","Reinforced Body","Creative AI","Melter+1","Decay"],"relics":["Cracked Core","Smiling Mask","Bag of Marbles","Tiny Chest","Lantern","Pear","Nuclear Battery"],"acts_visited":["Exordium","TheCity"],"potions_floor_usage":[13,16,21],"damage_taken":[{"damage":7,"enemies":"Cultist","floor":1,"turns":4},{"damage":4,"enemies":"Jaw Worm","floor":3,"turns":3},{"damage":35,"enemies":"Lagavulin","floor":6,"turns":7},{"damage":5,"enemies":"2 Louse","floor":7,"turns":2},{"damage":15,"enemies":"3 Sentries","floor":10,"turns":3},{"damage":0,"enemies":"Looter","floor":11,"turns":2},{"damage":0,"enemies":"2 Fungi Beasts","floor":12,"turns":2},{"damage":9,"enemies":"Exordium Wildlife","floor":13,"turns":3},{"damage":58,"enemies":"Slime Boss","floor":16,"turns":7},{"damage":14,"enemies":"2 Thieves","floor":18,"turns":4},{"damage":24,"enemies":"Shell Parasite","floor":19,"turns":8},{"damage":45,"enemies":"Centurion and Healer","floor":21,"turns":5}],"seed_played":"-8683393803501677209","potions_obtained":[{"floor":11,"key":"EssenceOfSteel"},{"floor":12,"key":"LiquidBronze"},{"floor":13,"key":"FearPotion"},{"floor":18,"key":"Block Potion"}],"is_trial":false,"path_per_floor":["M","?","M","?","$","E","M","R","T","E","M","M","M","T","R","B",null,"M","M","?","M"],"character_chosen":"DEFECT","items_purchased":["Sunder","Conserve Battery"],"campfire_rested":2,"item_purchase_floors":[5,5],"current_hp_per_floor":[61,61,57,57,57,26,25,46,46,35,35,35,30,40,64,10,63,53,33,33,0,0],"gold":271,"neow_bonus":"RANDOM_COLORLESS","is_daily":false,"chose_seed":false,"campfire_upgraded":0,"win_rate":0.0,"timestamp":1614025603,"path_taken":["M","?","?","?","$","E","M","R","T","E","?","M","M","?","R","BOSS","M","M","?","M"],"items_purchased_type":["Card","Card"],"build_version":"2020-12-22","purchased_purges":0,"victory":false,"max_hp_per_floor":[71,71,71,71,71,71,71,71,71,71,71,71,71,81,81,81,81,81,81,81,81,81],"card_choices":[{"not_picked":["Deep Breath","Mind Blast"],"picked":"Bandage Up","floor":0},{"not_picked":["Force Field","Cold Snap"],"picked":"Ball Lightning","floor":1},{"not_picked":["Stack","Aggregate"],"picked":"Gash","floor":3},{"not_picked":["Steam","Hologram"],"picked":"Electrodynamics","floor":6},{"not_picked":["Scrape","Tempest"],"picked":"Lockon","floor":7},{"not_picked":["Barrage","Storm"],"picked":"Glacier","floor":10},{"not_picked":["Turbo","Compile Driver","Streamline"],"picked":"SKIP","floor":11},{"not_picked":["Turbo","Rebound"],"picked":"Reinforced Body","floor":12},{"not_picked":["Beam Cell","Redo","Scrape"],"picked":"SKIP","floor":13},{"not_picked":["Echo Form","Machine Learning"],"picked":"Creative AI","floor":16},{"not_picked":["Steam","Barrage","FTL"],"picked":"SKIP","floor":18},{"not_picked":["Go for the Eyes","Ball Lightning+1"],"picked":"Melter+1","floor":19}],"player_experience":1401790,"relics_obtained":[{"floor":6,"key":"Bag of Marbles"},{"floor":9,"key":"Tiny Chest"},{"floor":10,"key":"Lantern"},{"floor":14,"key":"Pear"}],"event_choices":[{"damage_healed":0,"gold_gain":0,"player_choice":"Forge","damage_taken":0,"max_hp_gain":0,"max_hp_loss":0,"event_name":"Accursed Blacksmith","floor":2,"gold_loss":0,"cards_upgraded":["Zap"]},{"cards_removed":["Ball Lightning"],"damage_healed":0,"gold_gain":0,"player_choice":"Gave Card","damage_taken":0,"relics_obtained":["Smiling Mask"],"max_hp_gain":0,"max_hp_loss":0,"event_name":"WeMeetAgain","floor":4,"gold_loss":0},{"damage_healed":0,"gold_gain":0,"player_choice":"Smashed Altar","damage_taken":0,"max_hp_gain":0,"max_hp_loss":0,"event_name":"Forgotten Altar","floor":20,"gold_loss":0,"cards_obtained":["Decay"]}],"is_beta":false,"boss_relics":[{"not_picked":["Busted Crown","Tiny House"],"picked":"Nuclear Battery"}],"items_purged_floors":[],"is_endless":false,"potions_floor_spawned":[11,12,13,18],"killed_by":"Centurion and Healer","ascension_level":17}}