{"host":"c1oza4x7xlyuasvd","time":1614017166,"event":{"mods":["ATMod(∞¢Ë™Mod)","Act Like it!","BaseMod","Better Vampires","Colored Powertips","Gensokyo","Marisa£®ÏF”Í°°ƒß¿Ì…≥£©","Minty Spire (QoL Compilation)","MostiFishMod","Reimu£®≤©¿ˆ¡È√Œ£©","StSLib","TestMod","The Animator","Waifu the Spire","Youmu£®ªÍ∆«—˝√Œ£©"],"gold_per_floor":[117,117,117,42,58,90,106,117,117,152,152,179,179,194,194,270,270,289,299,299,317,330,361,361,390,416,426,437,124,124,135,135,208,208,225,225,62,78,397,426,28,242,242,242,272,272,304,321,321,321,321,321,102,132,132],"floor_reached":56,"language":"ZHS","playtime":2476,"items_purged":["Injury","Injury"],"score":2807,"play_id":"61ae66a3-729e-47b0-a6ca-97443186299a","local_time":"20210223020606","is_ascension_mode":true,"campfire_choices":[{"data":"Armaments","floor":11.0,"key":"SMITH"},{"data":"Whirlwind","floor":13.0,"key":"SMITH"},{"data":"AT_GerminateFire","floor":15.0,"key":"SMITH"},{"data":"MostiFishMod:RacingGame","floor":24,"key":"SMITH"},{"data":"Dark Embrace","floor":32,"key":"SMITH"},{"data":"AT_DiedThrough","floor":44,"key":"SMITH"},{"floor":49,"key":"RECALL"},{"data":"Barricade","floor":52,"key":"SMITH"}],"circlet_count":0,"master_deck":["AscendersBane","Strike_R+1","Strike_R+1","Strike_R","Strike_R","Defend_R","Defend_R+1","Defend_R","AT_BodySlamDance","Evolve","Armaments+1","Barricade+1","Battle Trance","AT_GerminateFire+1","Offering+1","Whirlwind+1","MostiFishMod:#F4004","MostiFishMod:RacingGame+1","AT_ShrugMaster","Power Through","Burning Pact+1","AT_DiedThrough+1","Dark Embrace+1","Second Wind","Rupture","MostiFishMod:WingOfPhoenix","Parasite","AT_Dispersion","Disarm","MostiFishMod:RainCloud"],"relics":["Burning Blood","testmod-TestBox","AT_ATBox","DaveBox","testmod-IncinerationGenerator","BirthdayGift-Icosahedron","NeowsBlessing","SynthV:TestCard","White Beast Statue","Happy Flower","Tea:ReiMu","AT_ImmortalShieldbow","AT_GuinsooRageblade","Whetstone","RhineSuit","testmod-LifeArmor","Darkstone Periapt","TheAbacus","AT_ArchangelStaff","Cursed Key","testmod-IntensifyImprint","The Courier","testmod-CasingShield","testmod-AssaultLearning","Potion Belt","HollowDreamFlower","TungstenRod","Du-Vu Doll","Bronze Scales","Question Card","War Paint","testmod-Antiphasic"],"acts_visited":["Exordium","Gensokyo:Gensokyo","Gensokyo:Gensokyoer","TheEnding"],"potions_floor_usage":[23,45,55,55,55],"damage_taken":[{"damage":0.0,"enemies":"Gensokyo:2_Kodama","floor":1.0,"turns":1.0},{"damage":0.0,"enemies":"Gensokyo:Gryphon","floor":5.0,"turns":1.0},{"damage":0.0,"enemies":"Gensokyo:Aya","floor":6.0,"turns":1.0},{"damage":0.0,"enemies":"Gensokyo:3_Fairies","floor":7.0,"turns":2.0},{"damage":0.0,"enemies":"Gensokyo:Kitsune","floor":8.0,"turns":2.0},{"damage":0.0,"enemies":"Gensokyo:Mamizou","floor":10.0,"turns":4.0},{"damage":0.0,"enemies":"Gensokyo:Aya","floor":12.0,"turns":2.0},{"damage":6.0,"enemies":"Gensokyo:CorruptedTreant","floor":14.0,"turns":1.0},{"damage":5,"enemies":"Gensokyo:Kokoro","floor":16,"turns":4},{"damage":0,"enemies":"Gensokyo:2_Gloops","floor":18,"turns":2},{"damage":0,"enemies":"Gensokyo:Chomper","floor":19,"turns":2},{"damage":0,"enemies":"Gensokyo:Slime_Group","floor":21,"turns":2},{"damage":1,"enemies":"Gensokyo:Chomper_and_Gloop","floor":22,"turns":3},{"damage":24,"enemies":"Gensokyo:Koishi","floor":23,"turns":3},{"damage":1,"enemies":"Gensokyo:Reisen","floor":25,"turns":3},{"damage":0,"enemies":"Gensokyo:Monolith_and_Dog","floor":27,"turns":2},{"damage":0,"enemies":"Gensokyo:Slime_Group","floor":28,"turns":2},{"damage":0,"enemies":"Gensokyo:Mirror_and_Dog","floor":31,"turns":2},{"damage":12,"enemies":"Gensokyo:Kaguya","floor":33,"turns":4},{"damage":6,"enemies":"Gensokyo:3_Boulders","floor":35,"turns":2},{"damage":0,"enemies":"Gensokyo:3_Bats","floor":38,"turns":1},{"damage":6,"enemies":"Gensokyo:Sharpion","floor":39,"turns":3},{"damage":0,"enemies":"Gensokyo:Doremy","floor":40,"turns":2},{"damage":11,"enemies":"Gensokyo:Dusk_and_Dawn","floor":42,"turns":1},{"damage":0,"enemies":"Gensokyo:Kasen","floor":45,"turns":2},{"damage":0,"enemies":"Gensokyo:Doremy","floor":47,"turns":2},{"damage":10,"enemies":"Gensokyo:SeedOfUnknown","floor":48,"turns":2},{"damage":0,"enemies":"Gensokyo:Scarlet_Devils","floor":50,"turns":3},{"damage":1,"enemies":"Shield and Spear","floor":54,"turns":1},{"damage":7,"enemies":"The Heart","floor":55,"turns":2}],"seed_played":"-7207564085738388405","potions_obtained":[{"floor":5.0,"key":"AttackPotion"},{"floor":6.0,"key":"FairyPotion"},{"floor":12.0,"key":"testmod-SpacePotion"},{"floor":14.0,"key":"testmod-TestPotion"},{"floor":16,"key":"LiquidMemories"},{"floor":23,"key":"SneckoOil"},{"floor":25,"key":"testmod-TimePotion"},{"floor":42,"key":"AttackPotion"},{"floor":45,"key":"testmod-SpacePotion"},{"floor":47,"key":"ColorlessPotion"},{"floor":48,"key":"Swift Potion"}],"is_trial":false,"path_per_floor":["M","?","?","$","M","E","M","M","T","E","R","E","R","M","R","B",null,"M","M","?","M","M","E","R","E","T","M","M","COS","?","M","R","B",null,"M","T","COS","M","M","E","$","M","T","R","E","?","E","M","R","B",null,"R","$","E","B",null],"character_chosen":"IRONCLAD","items_purchased":["Potion Belt","HollowDreamFlower","MostiFishMod:RainCloud"],"campfire_rested":0,"item_purchase_floors":[41,41,53],"current_hp_per_floor":[75,75,75,75,75,75,75,75,75,75,75,75,75,75,75,75,75,75,75,75,75,75,58,58,64,64,71,75,75,75,75,75,70,74,75,81,81,81,81,81,81,77,83,83,87,71,82,83,83,87,87,87,87,87,87],"gold":132,"neow_bonus":"THREE_ENEMY_KILL","is_daily":false,"chose_seed":false,"campfire_upgraded":7,"win_rate":0.0,"timestamp":1614017166,"path_taken":["M","?","?","$","M","E","M","M","T","E","R","E","R","M","R","BOSS","M","M","?","M","M","E","R","E","T","M","?","COS","?","M","R","BOSS","M","?","COS","M","M","E","$","M","T","R","E","?","E","?","R","BOSS","R","$","E","BOSS"],"items_purchased_type":["Relic","Relic","Card"],"build_version":"2020-12-22","purchased_purges":2,"victory":true,"max_hp_per_floor":[75,75,75,75,75,75,75,75,75,75,75,75,75,75,75,75,75,75,75,75,75,75,75,75,75,75,75,75,75,75,75,75,75,75,75,81,81,81,81,81,81,81,87,87,87,87,87,87,87,87,87,87,87,87,87],"card_choices":[{"not_picked":["Wild Strike","Flex"],"picked":"Evolve","floor":1.0},{"not_picked":["Perfected Strike","Clash","MostiFishMod:BrandingRite","Cleave"],"picked":"Armaments","floor":5.0},{"not_picked":["Shrug It Off","Cleave","MostiFishMod:#F4004","Twin Strike"],"picked":"Barricade","floor":6.0},{"not_picked":["AT_BodySlamDance","Cleave","Thunderclap","Flex"],"picked":"Battle Trance","floor":7.0},{"not_picked":["Whirlwind","Clothesline","Shockwave","Body Slam"],"picked":"AT_GerminateFire","floor":8.0},{"not_picked":["Thunderclap","Clothesline","Havoc","Shockwave"],"picked":"Offering","floor":10.0},{"not_picked":["Twin Strike","Flex","Shrug It Off","Pommel Strike"],"picked":"Whirlwind","floor":12.0},{"not_picked":["Anger","Iron Wave","Searing Blow","True Grit"],"picked":"MostiFishMod:#F4004","floor":14.0},{"not_picked":["Offering","MostiFishMod:TemporaryOutbreak","Exhume","MostiFishMod:Chiaki"],"picked":"MostiFishMod:RacingGame","floor":16},{"not_picked":["Armaments","Perfected Strike","Clothesline","Heavy Blade"],"picked":"AT_ShrugMaster","floor":18},{"not_picked":["Second Wind","True Grit","Flex","Thunderclap"],"picked":"Power Through","floor":19},{"not_picked":["Havoc","Pummel","Twin Strike+1","AT_BodySlamDance","Infernal Blade"],"picked":"SKIP","floor":21},{"not_picked":["Havoc","Twin Strike","Shockwave+1","Flame Barrier"],"picked":"Burning Pact+1","floor":22},{"not_picked":["Bloodletting","MostiFishMod:Chiaki","Wild Strike","Ghostly Armor"],"picked":"AT_DiedThrough","floor":23},{"not_picked":["MostiFishMod:#F4004","Clash","Hemokinesis","Havoc+1","Perfected Strike"],"picked":"SKIP","floor":25},{"not_picked":["AT_BodySlamDance","Warcry+1","Bloodletting","Twin Strike","Flex"],"picked":"SKIP","floor":27},{"not_picked":["Rampage","MostiFishMod:BrandingRite","Intimidate","Rage"],"picked":"Dark Embrace","floor":28},{"not_picked":["Twin Strike","Clothesline","Second Wind+1","Flex"],"picked":"Rupture","floor":31},{"not_picked":["Double Tap","MostiFishMod:CullingBlade","Demon Form","MostiFishMod:OrdinaryWorld"],"picked":"MostiFishMod:WingOfPhoenix","floor":33},{"not_picked":["AT_ShrugMaster","Evolve","MostiFishMod:BrandingRite","Twin Strike","Iron Wave+1"],"picked":"SKIP","floor":35},{"not_picked":["Headbutt","Perfected Strike","Rage","AT_BodySlamDance","Flex"],"picked":"SKIP","floor":38},{"not_picked":["Headbutt","Twin Strike","Anger","Iron Wave+1","Shrug It Off+1"],"picked":"SKIP","floor":39},{"not_picked":["AT_IchimonjiDouble+1","Wild Strike","Sentinel","Body Slam"],"picked":"AT_Dispersion","floor":40},{"not_picked":["Reckless Charge+1","Havoc+1","Clothesline","AT_GerminateFire","MostiFishMod:BrandingRite+1"],"picked":"SKIP","floor":42},{"not_picked":["Ghostly Armor","Rage+1","MostiFishMod:NewArrival","Thunderclap","Infernal Blade"],"picked":"SKIP","floor":45},{"not_picked":["Pummel","Fire Breathing","Cleave","AT_CaressingTears"],"picked":"Disarm","floor":47},{"not_picked":["Flame Barrier","Iron Wave","Anger","Clash","Armaments","Whirlwind+1"],"picked":"SKIP","floor":48},{"not_picked":["Perfected Strike","MostiFishMod:DarkDeal","Clothesline","Cleave","Ghostly Armor+1","MostiFishMod:#F4004"],"picked":"SKIP","floor":54}],"player_experience":247823,"relics_obtained":[{"floor":1.0,"key":"SynthV:TestCard"},{"floor":6.0,"key":"Tea:ReiMu"},{"floor":9.0,"key":"AT_ImmortalShieldbow"},{"floor":10.0,"key":"AT_GuinsooRageblade"},{"floor":12.0,"key":"Whetstone"},{"floor":23,"key":"testmod-LifeArmor"},{"floor":25,"key":"Darkstone Periapt"},{"floor":36,"key":"The Courier"},{"floor":40,"key":"testmod-AssaultLearning"},{"floor":43,"key":"TungstenRod"},{"floor":45,"key":"Bronze Scales"},{"floor":47,"key":"Question Card"},{"floor":54,"key":"testmod-Antiphasic"}],"event_choices":[],"is_beta":false,"boss_relics":[{"not_picked":["FixedStarFall","Fusion Hammer"],"picked":"RhineSuit"},{"not_picked":["Black Blood","AT_MortalBlade"],"picked":"Cursed Key"}],"items_purged_floors":[4,53],"is_endless":false,"potions_floor_spawned":[5,6,7,8,10,12,14,16,18,19,21,22,23,25,27,28,31,33,35,38,39,40,42,45,47,48,54],"ascension_level":19}}