{"host":"0kwl2uefibxd2nsv","time":1614022392,"event":{"mods":["Act Like it!","Aspiration","BaseMod","Better Note","BetterRewards","DeckTracker","Googly Eyes","Hubris","Jedi Mod","Minty Spire (QoL Compilation)","Reliquary","Ruina","Shop Mod","StS++","StSLib"],"gold_per_floor":[111,111,11,26,39,39,69,69,69,94,94,205,205,218,218,316,316,331,331,331,331,331,331,351,382,382,408,408,442,41,41,41,41,41],"floor_reached":33,"language":"ENG","playtime":1408,"items_purged":["Strike_G","Decay","Strike_G"],"score":569,"play_id":"53fa31e6-eb0f-4bc9-bf77-e91762dc8d89","local_time":"20210222203312","is_ascension_mode":true,"campfire_choices":[{"floor":6.0,"key":"REST"},{"floor":11.0,"key":"REST"},{"data":"Noxious Fumes","floor":13.0,"key":"SMITH"},{"floor":15.0,"key":"REST"},{"data":"Cloak And Dagger","floor":23,"key":"SMITH"},{"floor":28,"key":"REST"},{"floor":32,"key":"REST"}],"circlet_count":0,"master_deck":["AscendersBane","Strike_G","Defend_G","Defend_G","Defend_G","Survivor","Neutralize","StSpp:Throw","Cloak And Dagger+1","Noxious Fumes+1","Cloak And Dagger","Deflect","Blade Dance","Deadly Poison","Adrenaline","Predator+1","Venomology+1","jedi:collectorvenom+1","ruina:CobaltScar","Blur+1","Leg Sweep","Venomology+1","Blade Dance","Accuracy"],"relics":["Ring of the Snake","Snake Skull","Tiny Chest","aspiration:StickyExplosives_weak","hubris:Icosahedron","jedi:sprinkler","Potion Belt","Astrolabe","ruina:Prescript","StrikeDummy","reliquary:SilkGlove","StSpp:BrokenTotem","jedi:rubbersling","reliquary:QuartzCube","DollysMirror"],"acts_visited":["Exordium","Exordium"],"potions_floor_usage":[16,18,25,25,25,27,33,33,33,33,33],"damage_taken":[{"damage":0.0,"enemies":"2 Louse","floor":1.0,"turns":4.0},{"damage":0.0,"enemies":"Cultist","floor":4.0,"turns":4.0},{"damage":6.0,"enemies":"Jaw Worm","floor":5.0,"turns":6.0},{"damage":28.0,"enemies":"Gremlin Nob","floor":7.0,"turns":5.0},{"damage":2.0,"enemies":"3 Louse","floor":12.0,"turns":3.0},{"damage":0.0,"enemies":"Exordium Thugs","floor":14.0,"turns":4.0},{"damage":8,"enemies":"The Guardian","floor":16,"turns":8},{"damage":0,"enemies":"ruina:2_Scarecrows","floor":18,"turns":4},{"damage":24,"enemies":"ruina:3_Bats","floor":24,"turns":4},{"damage":10,"enemies":"ruina:Mountain","floor":25,"turns":5},{"damage":17,"enemies":"ruina:RoadHome","floor":27,"turns":6},{"damage":12,"enemies":"ruina:Mountain","floor":29,"turns":7},{"damage":38,"enemies":"ruina:JesterOfNihil","floor":33,"turns":8}],"seed_played":"4693177017398810590","potions_obtained":[{"floor":1.0,"key":"Swift Potion"},{"floor":4.0,"key":"Strength Potion"},{"floor":14.0,"key":"ColorlessPotion"},{"floor":16,"key":"Dexterity Potion"},{"floor":18,"key":"SpeedPotion"},{"floor":27,"key":"Strength Potion"}],"is_trial":false,"path_per_floor":["M","?","$","M","M","R","E","?","T","T","R","M","R","M","R","B",null,"M","?","?","?","T","R","M","E","T","E","R","E","$","?","R","B"],"character_chosen":"THE_SILENT","items_purchased":["StSpp:Throw","Snake Skull","Cloak And Dagger","Noxious Fumes","Cloak And Dagger","Deflect","Tiny Chest","DollysMirror","Blade Dance","Accuracy"],"campfire_rested":5,"item_purchase_floors":[0,0,0,0,0,0,0,30,30,30],"current_hp_per_floor":[23,23,23,23,17,38,10,10,10,10,31,29,29,29,50,42,63,63,63,63,63,63,63,39,29,29,12,31,19,19,19,38,0,0],"gold":41,"neow_bonus":"","is_daily":false,"chose_seed":false,"campfire_upgraded":2,"win_rate":0.0,"timestamp":1614022392,"path_taken":["M","?","$","?","M","R","E","?","T","?","R","M","R","M","R","BOSS","M","?","?","?","?","R","?","E","T","E","R","E","$","?","R","BOSS"],"items_purchased_type":["Card","Relic","Card","Card","Card","Card","Relic","Relic","Card","Card"],"build_version":"2020-12-22","purchased_purges":3,"victory":false,"max_hp_per_floor":[70,70,70,70,70,70,70,70,70,70,70,70,70,70,70,70,70,70,65,65,65,65,65,65,65,65,65,65,65,65,65,65,65,65],"card_choices":[{"not_picked":["Crippling Poison","jedi:unstablefumes","Distraction"],"picked":"SKIP","floor":1.0},{"not_picked":["Dodge and Roll","Bane"],"picked":"Blade Dance","floor":4.0},{"not_picked":["jedi:unstablefumes","hubris:Sniper","Accuracy"],"picked":"SKIP","floor":5.0},{"not_picked":["Prepared","Dagger Spray"],"picked":"Deadly Poison","floor":7.0},{"not_picked":["Underhanded Strike","Crippling Poison","Acrobatics"],"picked":"SKIP","floor":12.0},{"not_picked":["Outmaneuver","Underhanded Strike","Unload"],"picked":"SKIP","floor":14.0},{"not_picked":["Storm of Steel","StSpp:SwitchWeapon"],"picked":"Adrenaline","floor":16},{"not_picked":["Predator+1","Backstab"],"picked":"jedi:collectorvenom+1","floor":18},{"not_picked":["ruina:Harvest","ruina:Smile"],"picked":"ruina:CobaltScar","floor":19},{"not_picked":["Bane","Predator+1"],"picked":"jedi:collectorvenom+1","floor":24},{"not_picked":["Dagger Spray+1","jedi:collectorvenom+1"],"picked":"Blur+1","floor":25},{"not_picked":["jedi:collectorvenom+1","Bouncing Flask"],"picked":"Leg Sweep","floor":27},{"not_picked":["Underhanded Strike","Cloak And Dagger"],"picked":"jedi:collectorvenom+1","floor":29}],"player_experience":2050436,"relics_obtained":[{"floor":7.0,"key":"aspiration:StickyExplosives_weak"},{"floor":9.0,"key":"jedi:sprinkler"},{"floor":10.0,"key":"Potion Belt"},{"floor":22,"key":"StrikeDummy"},{"floor":25,"key":"reliquary:SilkGlove"},{"floor":26,"key":"StSpp:BrokenTotem"},{"floor":27,"key":"jedi:rubbersling"},{"floor":29,"key":"reliquary:QuartzCube"}],"event_choices":[{"damage_healed":0.0,"max_hp_gain":0.0,"max_hp_loss":0.0,"gold_gain":0.0,"event_name":"Wheel of Change","player_choice":"Cursed","floor":2.0,"gold_loss":0.0,"damage_taken":0.0,"cards_obtained":["Decay"]}],"is_beta":false,"boss_relics":[{"not_picked":["reliquary:WritOfMandamus","aspiration:PoetsPen_weak"],"picked":"Astrolabe"}],"items_purged_floors":[0,3,30],"is_endless":false,"potions_floor_spawned":[1,4,14,16,18,27],"killed_by":"ruina:JesterOfNihil","ascension_level":10}}