{"host":"ox23fm69tlq6hrlz","time":1614008162,"event":{"mods":["AchievementEnabler","Aspiration","BaseMod","Colored Map","Colored Powertips","Conspire","Downfall","Minty Spire (QoL Compilation)","Rare Cards Sparkle","StSLib"],"gold_per_floor":[115,115,129,204,14,42,42,60,86,99,66,66,100,100,100,200,200,213,213,312,343,353,353,403,422,493,48,79,11,11,11],"floor_reached":30,"language":"ENG","playtime":2137,"items_purged":[],"score":304,"play_id":"ca0cc1af-d279-41f1-990d-52fa61a7d860","local_time":"20210222153602","is_ascension_mode":false,"campfire_choices":[{"data":"Zap","floor":7,"key":"SMITH"},{"data":"Defragment","floor":12,"key":"SMITH"},{"floor":15,"key":"REST"},{"data":"Dualcast","floor":23,"key":"SMITH"}],"circlet_count":0,"master_deck":["Strike_B","Strike_B","Strike_B","Strike_B","Defend_B","Defend_B","Defend_B","Defend_B","Zap+1","Dualcast+1","Cold Snap","Ball Lightning","Conserve Battery","Echo Form+1","Beam Cell+1","Cold Snap","Glacier","Defragment+1","Lockon","Reboot","Tempest+1","Melter","Ball Lightning","Genetic Algorithm","Enlightenment+1","Go for the Eyes","Stack+1","Steam+1","Self Repair","Tempest+1"],"relics":["Cracked Core","NeowsBlessing","Darkstone Periapt","Happy Flower","PreservedInsect","Coffee Dripper","aspiration:RitualStick","Red Mask","Toxic Egg 2","Membership Card","Lantern","Kunai","Bronze Scales"],"acts_visited":["Exordium","TheCity"],"potions_floor_usage":[16,16,25],"damage_taken":[{"damage":0,"enemies":"2 Louse","floor":1,"turns":1},{"damage":0,"enemies":"Small Slimes","floor":3,"turns":1},{"damage":0,"enemies":"Gremlin Nob","floor":6,"turns":1},{"damage":8,"enemies":"conspire:RoseBush","floor":8,"turns":2},{"damage":1,"enemies":"3 Louse","floor":10,"turns":4},{"damage":0,"enemies":"Lagavulin","floor":13,"turns":6},{"damage":33,"enemies":"The Guardian","floor":16,"turns":9},{"damage":0,"enemies":"Spheric Guardian","floor":18,"turns":4},{"damage":24,"enemies":"Masked Bandits","floor":21,"turns":4},{"damage":2,"enemies":"2 Thieves","floor":22,"turns":4},{"damage":9,"enemies":"3 Cultists","floor":25,"turns":4},{"damage":15,"enemies":"Slavers","floor":28,"turns":5},{"damage":10,"enemies":"Snake Plant","floor":30,"turns":1}],"seed_played":"-1252806235184032426","potions_obtained":[{"floor":10,"key":"champ:CounterPotion"},{"floor":13,"key":"EssenceOfDarkness"},{"floor":18,"key":"Strength Potion"},{"floor":22,"key":"bronze:BurnAndBuffPotion"},{"floor":28,"key":"bronze:BurnAndBuffPotion"}],"is_trial":false,"path_per_floor":["M","?","M","?","$","E","R","M","T","M","$","R","E","?","R","B",null,"M","?","?","?","M","R","?","M","T","$","E","$","M"],"character_chosen":"DEFECT","items_purchased":["Conserve Battery","Echo Form","Defragment","Membership Card","Lantern","Enlightenment+1","Go for the Eyes","Stack+1","Kunai","Self Repair","Tempest+1"],"campfire_rested":1,"item_purchase_floors":[5,5,11,27,27,27,27,27,27,29,29],"current_hp_per_floor":[75,75,75,64,64,64,64,56,56,55,55,55,55,40,62,29,75,75,60,60,36,34,34,34,25,25,25,10,10,0,0],"gold":11,"neow_bonus":"THREE_ENEMY_KILL","is_daily":false,"chose_seed":false,"campfire_upgraded":3,"win_rate":0.0,"timestamp":1614008162,"path_taken":["M","?","M","?","$","E","R","M","T","M","$","R","E","?","R","BOSS","M","?","?","?","M","R","?","?","T","$","E","$","M"],"items_purchased_type":["Card","Card","Card","Relic","Relic","Card","Card","Card","Relic","Card","Card"],"build_version":"2020-12-22","purchased_purges":0,"victory":false,"max_hp_per_floor":[75,75,75,75,75,75,75,75,75,75,75,75,75,75,75,75,75,75,75,75,75,75,75,75,75,75,75,75,75,75,75],"card_choices":[{"not_picked":["Steam","Recycle"],"picked":"Cold Snap","floor":1},{"not_picked":["Chill","Streamline"],"picked":"Ball Lightning","floor":3},{"not_picked":["Coolheaded","Storm"],"picked":"Beam Cell","floor":6},{"not_picked":["Beam Cell","Turbo"],"picked":"Cold Snap","floor":8},{"not_picked":["Steam","Beam Cell"],"picked":"Glacier","floor":10},{"not_picked":["Sweeping Beam","Gash"],"picked":"Lockon","floor":13},{"not_picked":["Buffer","Fission"],"picked":"Reboot","floor":16},{"not_picked":["Redo","Sweeping Beam+1"],"picked":"Tempest+1","floor":18},{"not_picked":["Loop","Rebound"],"picked":"Melter","floor":21},{"not_picked":["Blizzard","Turbo+1"],"picked":"Ball Lightning","floor":22},{"not_picked":["Storm","Stack+1"],"picked":"Genetic Algorithm","floor":25},{"not_picked":["Go for the Eyes","Gash"],"picked":"Steam+1","floor":28}],"player_experience":52551,"relics_obtained":[{"floor":6,"key":"Darkstone Periapt"},{"floor":9,"key":"Happy Flower"},{"floor":13,"key":"PreservedInsect"},{"floor":21,"key":"Red Mask"},{"floor":26,"key":"Toxic Egg 2"},{"floor":28,"key":"Bronze Scales"}],"event_choices":[{"damage_healed":0,"gold_gain":0,"player_choice":"Ignored","damage_taken":0,"max_hp_gain":0,"max_hp_loss":0,"event_name":"Golden Wing","floor":2,"gold_loss":0},{"damage_healed":0,"gold_gain":75,"player_choice":"Gather Gold","damage_taken":11,"max_hp_gain":0,"max_hp_loss":0,"event_name":"World of Goop","floor":4,"gold_loss":0},{"damage_healed":0,"gold_gain":0,"player_choice":"Entered Light","damage_taken":15,"max_hp_gain":0,"max_hp_loss":0,"event_name":"Shining Light","floor":14,"gold_loss":0,"cards_upgraded":["Echo Form","Beam Cell"]},{"damage_healed":0,"gold_gain":99,"player_choice":"Stole From Cult","damage_taken":0,"max_hp_gain":0,"max_hp_loss":0,"event_name":"Nest","floor":20,"gold_loss":0},{"damage_healed":0,"gold_gain":0,"player_choice":"Fought Bandits","damage_taken":0,"max_hp_gain":0,"max_hp_loss":0,"event_name":"Masked Bandits","floor":21,"gold_loss":0},{"damage_healed":0,"gold_gain":100,"player_choice":"Bet on Murderer","damage_taken":0,"max_hp_gain":0,"max_hp_loss":0,"event_name":"The Joust","floor":24,"gold_loss":50}],"is_beta":false,"boss_relics":[{"not_picked":["bronze:MakeshiftBattery","Snecko Eye"],"picked":"Coffee Dripper"}],"items_purged_floors":[],"is_endless":false,"potions_floor_spawned":[10,13,18,22,28],"killed_by":"Snake Plant","ascension_level":0}}