{"host":"jxfu8s82udg9bau6","time":1614029494,"event":{"mods":["AchievementEnabler","BaseMod","Block Reminder","Colored Map","Colored Powertips","Highlight Path","Minty Spire (QoL Compilation)","Quick Restart"],"gold_per_floor":[116,127,127,140,240,240,270,270,345,379,398,398,67,87,87,191,191,203,49,62,62,82,109,109,289,312,330,350,350,382,399,399,504,504,522,522,534,550,560,592,592,637,660,687,687,157,157,183,183,183],"floor_reached":51,"language":"ENG","playtime":6578,"items_purged":["Strike_G","Strike_G","Defend_G"],"score":982,"play_id":"f8e88aea-1e54-4c70-98d3-c3344b11703f","local_time":"20210222223133","is_ascension_mode":true,"campfire_choices":[{"data":"Predator","floor":6.0,"key":"SMITH"},{"floor":8.0,"key":"REST"},{"data":"Accuracy","floor":15.0,"key":"SMITH"},{"data":"Choke","floor":24.0,"key":"SMITH"},{"data":"Blade Dance","floor":29.0,"key":"SMITH"},{"floor":32.0,"key":"REST"},{"data":"Adrenaline","floor":47.0,"key":"SMITH"},{"data":"Blade Dance","floor":49,"key":"SMITH"}],"circlet_count":0,"master_deck":["Strike_G","Strike_G","Defend_G","Defend_G","Defend_G","Defend_G+1","Survivor","Neutralize","Blade Dance+1","Infinite Blades","Predator+1","Blade Dance+1","Infinite Blades","Accuracy+1","Choke+1","Corpse Explosion","Backflip","Blade Dance","Blur+1","Terror+1","Blade Dance+1","Adrenaline+1","Finisher","Deflect+1","Backstab+1","A Thousand Cuts"],"relics":["Ring of the Serpent","Lantern","Mercury Hourglass","Bottled Flame","Question Card","Bag of Preparation","Toy Ornithopter","PreservedInsect","Centennial Puzzle","Black Star","Sundial","Blood Vial","Peace Pipe","Ancient Tea Set","Shuriken","Potion Belt","Membership Card","Juzu Bracelet","Unceasing Top","Dream Catcher","War Paint"],"acts_visited":["Exordium","TheCity","TheBeyond"],"potions_floor_usage":[48,48,50,50,50,50],"damage_taken":[{"damage":2.0,"enemies":"Small Slimes","floor":1.0,"turns":4.0},{"damage":1.0,"enemies":"Cultist","floor":2.0,"turns":3.0},{"damage":6.0,"enemies":"2 Louse","floor":4.0,"turns":3.0},{"damage":29.0,"enemies":"3 Sentries","floor":7.0,"turns":10.0},{"damage":11.0,"enemies":"Gremlin Nob","floor":10.0,"turns":3.0},{"damage":3.0,"enemies":"Lots of Slimes","floor":11.0,"turns":3.0},{"damage":0.0,"enemies":"3 Louse","floor":14.0,"turns":2.0},{"damage":45.0,"enemies":"The Guardian","floor":16.0,"turns":6.0},{"damage":3.0,"enemies":"Spheric Guardian","floor":18.0,"turns":3.0},{"damage":3.0,"enemies":"2 Thieves","floor":20.0,"turns":2.0},{"damage":16.0,"enemies":"Snake Plant","floor":22.0,"turns":4.0},{"damage":0.0,"enemies":"Slavers","floor":23.0,"turns":1.0},{"damage":7.0,"enemies":"Snecko","floor":27.0,"turns":4.0},{"damage":3.0,"enemies":"Chosen and Byrds","floor":28.0,"turns":5.0},{"damage":11.0,"enemies":"Book of Stabbing","floor":30.0,"turns":3.0},{"damage":2.0,"enemies":"Cultist and Chosen","floor":31.0,"turns":4.0},{"damage":27.0,"enemies":"Collector","floor":33.0,"turns":3.0},{"damage":3.0,"enemies":"Orb Walker","floor":35.0,"turns":2.0},{"damage":25.0,"enemies":"3 Darklings","floor":37.0,"turns":3.0},{"damage":10.0,"enemies":"Sphere and 2 Shapes","floor":38.0,"turns":3.0},{"damage":16.0,"enemies":"4 Shapes","floor":39.0,"turns":1.0},{"damage":0.0,"enemies":"Nemesis","floor":40.0,"turns":1.0},{"damage":4.0,"enemies":"2 Orb Walkers","floor":42.0,"turns":2.0},{"damage":1.0,"enemies":"Giant Head","floor":44.0,"turns":3.0},{"damage":0,"enemies":"Nemesis","floor":48,"turns":1},{"damage":77,"enemies":"Awakened One","floor":50,"turns":7}],"seed_played":"2645051732286466112","potions_obtained":[{"floor":11.0,"key":"Swift Potion"},{"floor":18.0,"key":"SpeedPotion"},{"floor":22.0,"key":"AttackPotion"},{"floor":23.0,"key":"GamblersBrew"},{"floor":31.0,"key":"CunningPotion"},{"floor":33.0,"key":"GamblersBrew"},{"floor":38.0,"key":"ColorlessPotion"},{"floor":42.0,"key":"GamblersBrew"},{"floor":44.0,"key":"ColorlessPotion"},{"floor":48,"key":"AttackPotion"}],"is_trial":false,"path_per_floor":["M","M","?","M","?","R","E","R","T","E","M","?","$","M","R","B",null,"M","$","M","?","M","E","R","?","T","M","M","R","E","M","R","B",null,"M","?","M","M","M","E","?","?","T","E","?","$","R","E","R","B",null],"character_chosen":"THE_SILENT","items_purchased":["Question Card","Blade Dance","Membership Card","Juzu Bracelet","Regen Potion","Explosive Potion","Block Potion","Unceasing Top"],"campfire_rested":2,"item_purchase_floors":[13,19,46,46,46,46,46,46],"current_hp_per_floor":[75,74,74,68,68,68,39,62,62,51,48,48,48,48,48,3,77,74,74,71,71,55,55,55,36,36,29,26,26,15,13,36,14,77,74,74,54,44,28,33,33,41,41,42,35,35,35,47,47,7],"gold":183,"neow_bonus":"TEN_PERCENT_HP_BONUS","is_daily":false,"chose_seed":false,"campfire_upgraded":6,"win_rate":0.0,"timestamp":1614029493,"path_taken":["M","M","?","?","?","R","E","R","T","E","?","?","$","M","R","BOSS","M","?","M","?","M","E","R","?","T","M","M","R","E","?","R","BOSS","M","?","M","M","M","E","?","?","T","E","?","$","R","E","R","BOSS"],"items_purchased_type":["Relic","Card","Relic","Relic","Potion","Potion","Potion","Relic"],"build_version":"2020-12-22","purchased_purges":3,"victory":true,"max_hp_per_floor":[77,77,77,77,77,77,77,77,77,77,77,77,77,77,77,77,77,77,77,77,77,77,77,77,77,77,77,77,77,77,77,77,77,77,77,77,77,77,77,77,73,73,73,73,73,73,73,73,73,73],"card_choices":[{"not_picked":["Outmaneuver","Dagger Throw"],"picked":"Blade Dance","floor":1.0},{"not_picked":["Deadly Poison","Terror"],"picked":"Infinite Blades","floor":2.0},{"not_picked":["Heel Hook","Slice"],"picked":"Predator","floor":4.0},{"not_picked":["Catalyst","Dagger Throw"],"picked":"Blade Dance","floor":7.0},{"not_picked":["Tools of the Trade","Sucker Punch"],"picked":"Infinite Blades","floor":10.0},{"not_picked":["Calculated Gamble","Riddle With Holes"],"picked":"Accuracy","floor":11.0},{"not_picked":["Dodge and Roll","Eviscerate","Outmaneuver"],"picked":"Choke","floor":14.0},{"not_picked":["Bullet Time","Storm of Steel","Glass Knife"],"picked":"Corpse Explosion","floor":16.0},{"not_picked":["Sucker Punch","Dagger Throw+1","Prepared"],"picked":"Backflip","floor":18.0},{"not_picked":["Catalyst","Prepared","Bane"],"picked":"Blur+1","floor":20.0},{"not_picked":["Riddle With Holes","Backflip","Acrobatics","PiercingWail"],"picked":"SKIP","floor":22.0},{"not_picked":["Acrobatics","Skewer+1","Well Laid Plans","Dodge and Roll"],"picked":"SKIP","floor":23.0},{"not_picked":["Quick Slash+1","Envenom","Riddle With Holes","Distraction"],"picked":"SKIP","floor":27.0},{"not_picked":["PiercingWail+1","Dagger Throw","Slice","Outmaneuver+1"],"picked":"SKIP","floor":28.0},{"not_picked":["Dodge and Roll","Wraith Form v2","Acrobatics"],"picked":"Terror","floor":30.0},{"not_picked":["Infinite Blades","Slice","Dagger Spray"],"picked":"Blade Dance+1","floor":31.0},{"not_picked":["Venomology","Night Terror","Glass Knife"],"picked":"Adrenaline","floor":33.0},{"not_picked":["Crippling Poison","Quick Slash","Dagger Throw"],"picked":"Finisher","floor":35.0},{"not_picked":["Deadly Poison","Dodge and Roll","Calculated Gamble"],"picked":"Deflect+1","floor":37.0},{"not_picked":["Sucker Punch+1","Cloak And Dagger","Blade Dance"],"picked":"Backstab+1","floor":38.0},{"not_picked":["Skewer","Eviscerate","Deflect+1","Slice"],"picked":"SKIP","floor":39.0},{"not_picked":["Calculated Gamble","Flying Knee","Heel Hook+1"],"picked":"A Thousand Cuts","floor":40.0},{"not_picked":["Masterful Stab","Quick Slash+1","Underhanded Strike","Dodge and Roll+1"],"picked":"SKIP","floor":44.0},{"not_picked":["Bouncing Flask+1","All Out Attack+1","Skewer","Outmaneuver+1"],"picked":"SKIP","floor":48}],"player_experience":269101,"relics_obtained":[{"floor":7.0,"key":"Lantern"},{"floor":9.0,"key":"Mercury Hourglass"},{"floor":10.0,"key":"Bottled Flame"},{"floor":23.0,"key":"Toy Ornithopter"},{"floor":26.0,"key":"PreservedInsect"},{"floor":30.0,"key":"Centennial Puzzle"},{"floor":40.0,"key":"Sundial"},{"floor":40.0,"key":"Blood Vial"},{"floor":42.0,"key":"Peace Pipe"},{"floor":43.0,"key":"Ancient Tea Set"},{"floor":44.0,"key":"Shuriken"},{"floor":44.0,"key":"Potion Belt"},{"floor":48,"key":"Dream Catcher"},{"floor":48,"key":"War Paint"}],"event_choices":[{"damage_healed":0.0,"max_hp_gain":0.0,"max_hp_loss":0.0,"gold_gain":0.0,"event_name":"The Woman in Blue","player_choice":"Bought 0 Potions","floor":3.0,"gold_loss":0.0,"damage_taken":0.0},{"damage_healed":0.0,"max_hp_gain":0.0,"max_hp_loss":0.0,"gold_gain":100.0,"event_name":"Golden Shrine","player_choice":"Pray","floor":5.0,"gold_loss":0.0,"damage_taken":0.0},{"cards_removed":["Strike_G"],"damage_healed":0.0,"max_hp_gain":0.0,"max_hp_loss":0.0,"gold_gain":0.0,"event_name":"Purifier","player_choice":"Purged","floor":12.0,"gold_loss":0.0,"damage_taken":0.0},{"damage_healed":0.0,"max_hp_gain":0.0,"max_hp_loss":0.0,"gold_gain":0.0,"event_name":"The Mausoleum","player_choice":"Opened","floor":21.0,"gold_loss":0.0,"damage_taken":0.0,"relics_obtained":["Bag of Preparation"]},{"damage_healed":0.0,"max_hp_gain":0.0,"max_hp_loss":0.0,"gold_gain":180.0,"event_name":"Knowing Skull","player_choice":"GOLD GOLD ","floor":25.0,"potions_obtained":[],"gold_loss":0.0,"damage_taken":19.0,"cards_obtained":[]},{"damage_healed":0.0,"max_hp_gain":0.0,"max_hp_loss":0.0,"gold_gain":0.0,"event_name":"Tomb of Lord Red Mask","player_choice":"Ignored","floor":36.0,"gold_loss":0.0,"damage_taken":0.0},{"damage_healed":0.0,"max_hp_gain":0.0,"max_hp_loss":4.0,"gold_gain":0.0,"event_name":"Winding Halls","player_choice":"Max HP","floor":41.0,"gold_loss":0.0,"damage_taken":0.0},{"damage_healed":0.0,"max_hp_gain":0.0,"max_hp_loss":0.0,"gold_gain":0.0,"event_name":"Mysterious Sphere","player_choice":"Fight","floor":42.0,"gold_loss":0.0,"damage_taken":0.0},{"damage_healed":0.0,"max_hp_gain":0.0,"max_hp_loss":0.0,"gold_gain":0.0,"event_name":"Wheel of Change","player_choice":"Damaged","floor":45.0,"gold_loss":0.0,"damage_taken":7.0}],"is_beta":false,"boss_relics":[{"not_picked":["Busted Crown","Ectoplasm"],"picked":"Ring of the Serpent"},{"not_picked":["Runic Pyramid","Calling Bell"],"picked":"Black Star"}],"items_purged_floors":[13,19,46],"is_endless":false,"potions_floor_spawned":[11,18,22,23,31,33,38,42,44,48],"ascension_level":3}}