{"host":"qc8p2flj7wsy3zpg","time":1614017836,"event":{"mods":["BaseMod","Highlight Path","Minty Spire (QoL Compilation)","Monster List Patch","Relic Stats","StSLib"],"gold_per_floor":[368,24,24,44,120,148,148,174,197,227,2,21,54,68,68,148,148,161,111,44,94,117,149,172,172,172,172,207,236,247,262,262,348,348,367,25,41,50,50,50,50],"floor_reached":40,"language":"ENG","playtime":2623,"items_purged":[],"score":958,"play_id":"16019693-fe1c-4926-a18a-4cf9d1aa69c9","local_time":"20210222121716","is_ascension_mode":true,"campfire_choices":[{"data":"Fiend Fire","floor":7.0,"key":"SMITH"},{"data":"Immolate","floor":15.0,"key":"SMITH"},{"floor":25.0,"key":"REST"},{"data":"Second Wind","floor":27.0,"key":"SMITH"},{"floor":32.0,"key":"REST"}],"circlet_count":0,"master_deck":["AscendersBane","Strike_R","Strike_R","Strike_R","Strike_R","Strike_R","Defend_R","Defend_R","Defend_R","Defend_R","Bash","Hemokinesis","Fiend Fire+1","Cleave","Berserk","Exhume","Feel No Pain","Feed+1","Inflame","Second Wind+1","Ghostly Armor","Double Tap","True Grit","Reaper","Feel No Pain","Dark Shackles"],"relics":["Burning Blood","Akabeko","Potion Belt","MealTicket","Bronze Scales","Ginger","ClockworkSouvenir","CeramicFish","Runic Pyramid","Strawberry","Singing Bowl","Omamori","Philosopher\u0027s Stone","Gambling Chip"],"acts_visited":["Exordium","TheCity","TheBeyond"],"potions_floor_usage":[40,40],"damage_taken":[{"damage":4.0,"enemies":"Small Slimes","floor":1.0,"turns":4.0},{"damage":0.0,"enemies":"Cultist","floor":4.0,"turns":2.0},{"damage":10.0,"enemies":"Gremlin Nob","floor":6.0,"turns":3.0},{"damage":25.0,"enemies":"Lagavulin","floor":8.0,"turns":5.0},{"damage":12.0,"enemies":"3 Sentries","floor":10.0,"turns":3.0},{"damage":0.0,"enemies":"Jaw Worm","floor":12.0,"turns":1.0},{"damage":8.0,"enemies":"Gremlin Nob","floor":13.0,"turns":3.0},{"damage":0.0,"enemies":"Gremlin Gang","floor":14.0,"turns":1.0},{"damage":15.0,"enemies":"Slime Boss","floor":16.0,"turns":8.0},{"damage":13.0,"enemies":"3 Byrds","floor":18.0,"turns":2.0},{"damage":2.0,"enemies":"Chosen","floor":22.0,"turns":3.0},{"damage":58.0,"enemies":"Book of Stabbing","floor":23.0,"turns":4.0},{"damage":21.0,"enemies":"Centurion and Healer","floor":24.0,"turns":5.0},{"damage":41.0,"enemies":"Slavers","floor":28.0,"turns":3.0},{"damage":11.0,"enemies":"Cultist and Chosen","floor":29.0,"turns":5.0},{"damage":0.0,"enemies":"Snake Plant","floor":30.0,"turns":2.0},{"damage":18.0,"enemies":"Shelled Parasite and Fungi","floor":31.0,"turns":4.0},{"damage":66.0,"enemies":"Automaton","floor":33.0,"turns":8.0},{"damage":27.0,"enemies":"3 Shapes","floor":35.0,"turns":5.0},{"damage":31.0,"enemies":"Orb Walker","floor":37.0,"turns":4.0},{"damage":153,"enemies":"Giant Head","floor":40,"turns":8}],"seed_played":"8363076954968705647","potions_obtained":[{"floor":1.0,"key":"SkillPotion"},{"floor":4.0,"key":"ColorlessPotion"},{"floor":12.0,"key":"EssenceOfSteel"},{"floor":22.0,"key":"BloodPotion"},{"floor":24.0,"key":"Strength Potion"},{"floor":30.0,"key":"DistilledChaos"},{"floor":31.0,"key":"DuplicationPotion"},{"floor":33.0,"key":"Block Potion"},{"floor":35.0,"key":"SteroidPotion"}],"is_trial":false,"path_per_floor":["M","$","?","M","?","E","R","E","T","E","$","M","E","M","R","B",null,"M","?","$","?","M","E","M","R","T","R","E","M","M","M","R","B",null,"M","$","M","?","?","E"],"character_chosen":"IRONCLAD","items_purchased":["Akabeko","Fiend Fire","ClockworkSouvenir","BloodPotion","Inflame","Gambling Chip"],"campfire_rested":2,"item_purchase_floors":[2,2,11,11,20,36],"current_hp_per_floor":[68,68,73,73,73,69,69,50,50,44,59,65,63,69,69,60,70,63,63,73,73,73,28,17,42,42,42,11,10,36,30,60,20,80,95,104,91,85,85,0,0],"gold":50,"neow_bonus":"TWO_FIFTY_GOLD","is_daily":false,"chose_seed":false,"campfire_upgraded":3,"win_rate":0.0,"timestamp":1614017836,"path_taken":["M","$","?","M","?","E","R","E","T","E","$","M","E","M","R","BOSS","M","?","?","?","M","E","?","R","T","R","E","M","?","?","R","BOSS","M","$","M","?","?","E"],"items_purchased_type":["Relic","Card","Relic","Potion","Card","Relic"],"build_version":"2020-12-22","purchased_purges":0,"victory":false,"max_hp_per_floor":[68,68,73,73,73,73,73,73,73,73,73,73,73,73,73,73,73,73,73,73,73,73,80,84,84,84,84,88,92,94,100,100,100,100,104,104,110,114,114,114,114],"relic_stats":{"Singing Bowl":10,"counters":[21,83],"Bronze Scales":[168],"CeramicFish":81,"Gambling Chip":[8],"MealTicket":34,"Ginger":[7],"obtain_stats":[{"Potion Belt":6,"Singing Bowl":26,"CeramicFish":13,"Omamori":28,"Ginger":10,"Burning Blood":0,"Akabeko":2,"ClockworkSouvenir":11,"Bronze Scales":9,"Strawberry":23,"Gambling Chip":36,"MealTicket":8,"Philosopher\u0027s Stone":34,"Runic Pyramid":17},{"Potion Belt":3,"Singing Bowl":13,"CeramicFish":7,"Omamori":14,"Ginger":5,"Burning Blood":0,"Akabeko":1,"ClockworkSouvenir":5,"Bronze Scales":4,"Strawberry":12,"Gambling Chip":19,"MealTicket":4,"Philosopher\u0027s Stone":18,"Runic Pyramid":9},{"Potion Belt":9,"Singing Bowl":44,"CeramicFish":21,"Omamori":47,"Ginger":17,"Burning Blood":0,"Akabeko":4,"ClockworkSouvenir":17,"Bronze Scales":14,"Strawberry":39,"Gambling Chip":71,"MealTicket":14,"Philosopher\u0027s Stone":66,"Runic Pyramid":30}],"Burning Blood":108},"card_choices":[{"not_picked":["Spot Weakness","Warcry"],"picked":"Hemokinesis","floor":1.0},{"not_picked":["Ghostly Armor","Pommel Strike"],"picked":"Cleave","floor":4.0},{"not_picked":["Wild Strike","Headbutt"],"picked":"Berserk","floor":6.0},{"not_picked":["Searing Blow","Iron Wave"],"picked":"Immolate","floor":8.0},{"not_picked":["Sword Boomerang","Perfected Strike"],"picked":"Exhume","floor":10.0},{"not_picked":["Sentinel","True Grit"],"picked":"Feel No Pain","floor":12.0},{"not_picked":["Barricade","Double Tap"],"picked":"Feed","floor":16.0},{"not_picked":["Pommel Strike","Sever Soul"],"picked":"Second Wind","floor":22.0},{"not_picked":["Dark Embrace","Rupture"],"picked":"Ghostly Armor","floor":24.0},{"not_picked":["Seeing Red","Perfected Strike"],"picked":"Double Tap","floor":28.0},{"not_picked":["Cleave","Burning Pact"],"picked":"True Grit","floor":29.0},{"not_picked":["Body Slam","Perfected Strike+1","Warcry"],"picked":"Singing Bowl","floor":30.0},{"not_picked":["Headbutt","Iron Wave","Body Slam"],"picked":"Singing Bowl","floor":31.0},{"not_picked":["Feed","Brutality"],"picked":"Reaper","floor":33.0},{"not_picked":["Dark Embrace","Twin Strike"],"picked":"Feel No Pain","floor":35.0},{"not_picked":["Perfected Strike+1","Rupture","Infernal Blade+1"],"picked":"Singing Bowl","floor":37.0},{"not_picked":["Magnetism","Deep Breath","Jack Of All Trades"],"picked":"Singing Bowl","floor":38.0},{"not_picked":["Mayhem","Thinking Ahead"],"picked":"Dark Shackles","floor":38.0},{"not_picked":["Mayhem","Jack Of All Trades","Apotheosis"],"picked":"Singing Bowl","floor":38.0}],"player_experience":2413273,"relics_obtained":[{"floor":6.0,"key":"Potion Belt"},{"floor":8.0,"key":"MealTicket"},{"floor":9.0,"key":"Bronze Scales"},{"floor":10.0,"key":"Ginger"},{"floor":13.0,"key":"CeramicFish"},{"floor":23.0,"key":"Strawberry"},{"floor":26.0,"key":"Singing Bowl"},{"floor":28.0,"key":"Omamori"}],"event_choices":[{"damage_healed":0.0,"max_hp_gain":5.0,"max_hp_loss":0.0,"gold_gain":0.0,"event_name":"Big Fish","player_choice":"Donut","floor":3.0,"gold_loss":0.0,"damage_taken":0.0},{"damage_healed":0.0,"max_hp_gain":0.0,"max_hp_loss":0.0,"gold_gain":76.0,"event_name":"Golden Wing","player_choice":"Gained Gold","floor":5.0,"gold_loss":0.0,"damage_taken":0.0},{"damage_healed":0.0,"max_hp_gain":0.0,"max_hp_loss":0.0,"gold_gain":0.0,"event_name":"Designer","player_choice":"Upgrade","floor":19.0,"gold_loss":50.0,"damage_taken":0.0,"cards_upgraded":["Feed"]},{"damage_healed":0.0,"max_hp_gain":0.0,"max_hp_loss":0.0,"gold_gain":50.0,"event_name":"Nest","player_choice":"Stole From Cult","floor":21.0,"gold_loss":0.0,"damage_taken":0.0},{"damage_healed":0.0,"max_hp_gain":0.0,"max_hp_loss":0.0,"gold_gain":0.0,"event_name":"SensoryStone","player_choice":"Memory 3","floor":38.0,"gold_loss":0.0,"damage_taken":10.0},{"cards_removed":["Immolate"],"damage_healed":0.0,"max_hp_gain":0.0,"max_hp_loss":0.0,"gold_gain":0.0,"event_name":"Falling","player_choice":"Removed Attack","floor":39.0,"gold_loss":0.0,"damage_taken":0.0}],"is_beta":false,"boss_relics":[{"not_picked":["Empty Cage","Pandora\u0027s Box"],"picked":"Runic Pyramid"},{"not_picked":["Mark of Pain","Black Blood"],"picked":"Philosopher\u0027s Stone"}],"items_purged_floors":[],"is_endless":false,"potions_floor_spawned":[1,4,12,22,24,30,31,33,35],"killed_by":"Giant Head","ascension_level":20}}