{"host":"zlolxa879v8f5dwy","time":1614035883,"event":{"mods":["AchievementEnabler","BaseMod","Downfall","Friendly Minions","Hermit","Hubris","Jorbs\u0027s Wanderer Trilogy","Kiyohime????","Koishi","Marisa????????","Minty Spire (QoL Compilation)","Remilia??????","StSLib","The Animator","The Cursed","The Disciple","The Hierophant","The Servant 0.9.4"],"gold_per_floor":[14,29,42,42,42,76,76,94,94,122,122,122,122,136,136,231,231,247,263,62,82,82,116,116,135,212,55,69,69,69,82,82,180,180,192,192,205,220,237,237,262,262,287,320,330,357,374,374,374,374,374,374,42,72,172,172],"floor_reached":55,"language":"ENG","playtime":4451,"items_purged":["Strike_RM","Strike_RM"],"score":1014,"play_id":"252c4aca-3188-4df3-9324-f4e4feb9f552","local_time":"20210223001803","is_ascension_mode":false,"campfire_choices":[{"data":"Stigmanizer","floor":7,"key":"SMITH"},{"floor":12,"key":"RECALL"},{"data":"FitfulNightmare","floor":15,"key":"SMITH"},{"floor":24,"key":"REST"},{"data":"BloodySeventeenLaser","floor":30,"key":"SMITH"},{"data":"BloodHunter","floor":32,"key":"SMITH"},{"floor":40,"key":"REST"},{"data":"GlobalNightmare","floor":49,"key":"SMITH"},{"data":"MastersStateliness","floor":52,"key":"SMITH"}],"circlet_count":0,"master_deck":["Strike_RM+1","Strike_RM+1","Defend_RM","Defend_RM","Defend_RM","Defend_RM","RedMoon","ScarletShoot+1","Stigmanizer+1","ScarletImprint","CeilingFear+1","NightDance+1","CharismaGuard","FitfulNightmare+1","RedRainbow","BloodySeventeenLaser+1","BloodAndWine","ScarletDream","CharismaGuard","CeilingFear+1","MastersStateliness+1","AfternoonTea+1","EndlessAdversity","Panacea","Maim","BloodHunter+1","KillingBlow","MillenniumVampire+1","BlasphemousPunishment+1","DiffusionOfMisfortune+1","StarOfDavid+1","NightDance+1","ScarletNetherworld","MastersStateliness+1","GlobalNightmare+1","StarOfDavid+1","MastersStateliness+1","MiserableFate+1","UnstableMagic+1","ChainGang","The Bomb","BloodRain"],"relics":["ScarletHat","Bag of Marbles","Art of War","Whetstone","Black Star","DollysMirror","Tiny Chest","Omamori","hubris:BottledRain","White Beast Statue","Calling Bell","Orichalcum","Darkstone Periapt","Prayer Wheel","Ornamental Fan","Du-Vu Doll","Nunchaku","Pen Nib","Singing Bowl","Vajra","Sundial","MealTicket","hubris:Icosahedron","Eternal Feather","Gremlin Horn"],"acts_visited":["Exordium","TheCity","TheBeyond","TheEnding"],"potions_floor_usage":[6,10,19,23,33,33,38,38,41,41,46,50,54,55],"damage_taken":[{"damage":1,"enemies":"Jaw Worm","floor":1,"turns":4},{"damage":0,"enemies":"Small Slimes","floor":2,"turns":5},{"damage":0,"enemies":"2 Louse","floor":3,"turns":2},{"damage":0,"enemies":"Lagavulin","floor":6,"turns":5},{"damage":0,"enemies":"Looter","floor":8,"turns":3},{"damage":0,"enemies":"Gremlin Nob","floor":10,"turns":2},{"damage":0,"enemies":"Exordium Wildlife","floor":14,"turns":1},{"damage":0,"enemies":"Slime Boss","floor":16,"turns":3},{"damage":2,"enemies":"Shell Parasite","floor":18,"turns":6},{"damage":1,"enemies":"Spheric Guardian","floor":19,"turns":3},{"damage":13,"enemies":"Snake Plant","floor":21,"turns":7},{"damage":39,"enemies":"Gremlin Leader","floor":23,"turns":7},{"damage":0,"enemies":"3 Cultists","floor":25,"turns":5},{"damage":15,"enemies":"Centurion and Healer","floor":28,"turns":5},{"damage":0,"enemies":"Snecko","floor":31,"turns":5},{"damage":28,"enemies":"Champ","floor":33,"turns":11},{"damage":8,"enemies":"Orb Walker","floor":35,"turns":3},{"damage":26,"enemies":"3 Shapes","floor":37,"turns":4},{"damage":14,"enemies":"Sphere and 2 Shapes","floor":38,"turns":3},{"damage":7,"enemies":"3 Darklings","floor":39,"turns":4},{"damage":0,"enemies":"Reptomancer","floor":41,"turns":6},{"damage":8,"enemies":"Nemesis","floor":44,"turns":7},{"damage":20,"enemies":"Transient","floor":45,"turns":5},{"damage":10,"enemies":"Giant Head","floor":46,"turns":8},{"damage":0,"enemies":"Maw","floor":47,"turns":7},{"damage":4,"enemies":"hubris:GrandSnecko","floor":50,"turns":9},{"damage":31,"enemies":"Shield and Spear","floor":54,"turns":8},{"damage":159,"enemies":"The Heart","floor":55,"turns":8}],"seed_played":"-1648008595727140924","potions_obtained":[{"floor":2,"key":"Guardian:BlockOnCardUsePotion"},{"floor":3,"key":"EssenceOfSteel"},{"floor":6,"key":"DistilledChaos"},{"floor":14,"key":"GamblersBrew"},{"floor":21,"key":"LiquidBronze"},{"floor":25,"key":"BlessingOfTheForge"},{"floor":31,"key":"Fire Potion"},{"floor":33,"key":"SkillPotion"},{"floor":35,"key":"GamblersBrew"},{"floor":37,"key":"Regen Potion"},{"floor":38,"key":"FearPotion"},{"floor":39,"key":"champ:CounterPotion"},{"floor":41,"key":"GamblersBrew"},{"floor":44,"key":"ColorlessPotion"},{"floor":45,"key":"FairyPotion"},{"floor":46,"key":"Explosive Potion"},{"floor":47,"key":"ColorlessPotion"},{"floor":54,"key":"SteroidPotion"}],"is_trial":false,"path_per_floor":["M","M","M","?","?","E","R","M","T","E","?","R","T","M","R","B",null,"M","M","$","M","?","E","R","M","T","$","M","T","R","M","R","B",null,"M","?","M","M","M","R","E","T","T","E","M","E","M","?","R","B",null,"R","$","E","B"],"character_chosen":"REMILIA","items_purchased":["CharismaGuard","DollysMirror","Panacea","ChainGang","The Bomb"],"campfire_rested":2,"item_purchase_floors":[20,20,27,53,53],"current_hp_per_floor":[88,89,89,89,89,89,89,89,89,89,71,71,71,71,71,81,89,87,88,88,77,77,47,73,79,79,79,68,68,68,79,79,75,89,81,73,52,48,47,73,81,81,81,87,81,87,91,91,91,93,93,93,93,77,0,0],"gold":172,"neow_bonus":"TWENTY_PERCENT_HP_BONUS","is_daily":false,"chose_seed":false,"campfire_upgraded":6,"win_rate":0.0,"timestamp":1614035883,"path_taken":["M","M","M","?","?","E","R","M","T","E","?","R","?","?","R","BOSS","M","M","$","M","?","E","R","M","T","$","M","?","R","M","R","BOSS","M","?","M","?","M","R","E","?","T","E","M","E","M","?","R","BOSS","R","$","E","BOSS"],"items_purchased_type":["Card","Relic","Card","Card","Card"],"build_version":"2020-12-22","purchased_purges":2,"victory":false,"max_hp_per_floor":[89,89,89,89,89,89,89,89,89,89,89,89,89,89,89,89,89,89,89,89,89,89,89,89,89,89,89,89,89,89,89,89,89,89,89,89,89,89,89,89,89,89,89,89,91,93,93,93,93,93,93,93,93,93,93,93],"card_choices":[{"not_picked":["BlasphemousPunishment","UnderTheZenith"],"picked":"Stigmanizer","floor":1},{"not_picked":["Maim","VampireKiss"],"picked":"ScarletImprint","floor":2},{"not_picked":["EndlessAdversity","MastersStateliness"],"picked":"CeilingFear","floor":3},{"not_picked":["UltimateOffering","ScarletNetherworld"],"picked":"NightDance","floor":6},{"not_picked":["BloodHunter","LeisurelyOfLord"],"picked":"CharismaGuard","floor":8},{"not_picked":["StarOfDavid","BloodAndWine"],"picked":"FitfulNightmare","floor":10},{"not_picked":["EndlessAdversity","FavorOfDestiny"],"picked":"RedRainbow","floor":14},{"not_picked":["QueenOfMidnight","KillingBlow"],"picked":"BloodySeventeenLaser","floor":16},{"not_picked":["UnderTheZenith","NightDance"],"picked":"BloodAndWine","floor":18},{"not_picked":["RedRainbow+1","UltimateOffering"],"picked":"ScarletDream","floor":19},{"not_picked":["UltimateOffering","VampireSweep"],"picked":"MastersStateliness","floor":21},{"not_picked":["ForecastOfChange","UltimateOffering"],"picked":"AfternoonTea+1","floor":23},{"not_picked":["FavorOfDestiny+1","CharismaGuard"],"picked":"EndlessAdversity","floor":25},{"not_picked":["NightDance","NightLord"],"picked":"Maim","floor":28},{"not_picked":["VampirishNight","ForbiddenFruit"],"picked":"BloodHunter","floor":31},{"not_picked":["CeilingFear","CurseOfVladTepes"],"picked":"KillingBlow","floor":33},{"not_picked":["BloodHunter","DiffusionOfMisfortune"],"picked":"MillenniumVampire+1","floor":35},{"not_picked":["ScarletImprint","UltimateOffering"],"picked":"BlasphemousPunishment+1","floor":35},{"not_picked":["TwelveNightmare+1","EndlessAdversity"],"picked":"DiffusionOfMisfortune+1","floor":37},{"not_picked":["BlasphemousPunishment","BloodySeventeenLaser"],"picked":"StarOfDavid+1","floor":37},{"not_picked":["BloodHunter","VampireSweep+1"],"picked":"NightDance+1","floor":38},{"not_picked":["BloodyMagicSquare","NightDance","AfternoonTea"],"picked":"SKIP","floor":38},{"not_picked":["ScarletDevilSign+1","ScarletImprint"],"picked":"ScarletNetherworld","floor":39},{"not_picked":["NightDance+1","ScarletImprint"],"picked":"MastersStateliness+1","floor":39},{"not_picked":["CurseOfVladTepes","ScarletDream+1"],"picked":"GlobalNightmare","floor":41},{"not_picked":["VampireKiss+1","Stigmanizer"],"picked":"StarOfDavid+1","floor":44},{"not_picked":["StarOfDavid+1","UnderTheZenith"],"picked":"MastersStateliness+1","floor":45},{"not_picked":["EndlessAdversity+1","AfternoonTea","RedRainbow+1"],"picked":"Singing Bowl","floor":45},{"not_picked":["ReincarnationDial","VampireClaw","RedRainbow"],"picked":"Singing Bowl","floor":46},{"not_picked":["DiffusionOfMisfortune","BloodHunter+1"],"picked":"MiserableFate+1","floor":47},{"not_picked":["NightDance+1","BloodHunter+1"],"picked":"UnstableMagic+1","floor":47},{"not_picked":["UnderTheZenith+1","DevilSight+1"],"picked":"BloodRain","floor":54}],"player_experience":178306,"relics_obtained":[{"floor":6,"key":"Bag of Marbles"},{"floor":10,"key":"Art of War"},{"floor":13,"key":"Whetstone"},{"floor":23,"key":"Tiny Chest"},{"floor":23,"key":"Omamori"},{"floor":26,"key":"hubris:BottledRain"},{"floor":29,"key":"White Beast Statue"},{"floor":34,"key":"Orichalcum"},{"floor":34,"key":"Darkstone Periapt"},{"floor":34,"key":"Prayer Wheel"},{"floor":41,"key":"Ornamental Fan"},{"floor":41,"key":"Du-Vu Doll"},{"floor":42,"key":"Nunchaku"},{"floor":43,"key":"Pen Nib"},{"floor":44,"key":"Singing Bowl"},{"floor":44,"key":"Vajra"},{"floor":46,"key":"Sundial"},{"floor":46,"key":"MealTicket"},{"floor":54,"key":"Eternal Feather"},{"floor":54,"key":"Gremlin Horn"}],"event_choices":[{"damage_healed":0,"gold_gain":0,"player_choice":"Ignored","damage_taken":0,"max_hp_gain":0,"max_hp_loss":0,"event_name":"Liars Game","floor":4,"gold_loss":0},{"damage_healed":0,"gold_gain":0,"player_choice":"Entered Light","damage_taken":18,"max_hp_gain":0,"max_hp_loss":0,"event_name":"Shining Light","floor":11,"gold_loss":0,"cards_upgraded":["ScarletShoot","Strike_RM"]},{"damage_healed":0,"gold_gain":0,"player_choice":"Ignored","damage_taken":0,"max_hp_gain":0,"max_hp_loss":0,"event_name":"Ghosts","floor":22,"gold_loss":0},{"damage_healed":0,"gold_gain":0,"player_choice":"Damaged","damage_taken":8,"max_hp_gain":0,"max_hp_loss":0,"event_name":"Wheel of Change","floor":36,"gold_loss":0}],"is_beta":false,"boss_relics":[{"not_picked":["Runic Pyramid","Fusion Hammer"],"picked":"Black Star"},{"not_picked":["APieceOfRedMist","hubris:GrandSneckoEye"],"picked":"Calling Bell"}],"items_purged_floors":[27,53],"is_endless":false,"potions_floor_spawned":[2,3,6,14,21,25,31,33,35,37,38,39,41,44,45,46,47,54],"killed_by":"The Heart","ascension_level":0}}