{"host":"bpr07pynnqpe5ded","time":1614028204,"event":{"mods":["2.2 Compatiblity","Aspiration","BaseMod","Better Note","Better Third Choice","BetterRewards","Downfall","Jorbs\u0027s Wanderer Trilogy","Minty Spire (QoL Compilation)","Replay The Spire","Shop Mod","StSLib","The Marked","??????REMEMod"],"gold_per_floor":[119,135,154,3,16,47,47,59,59,70,82,82,94,104,104,199,199,214,214,313,329,349,384,384,400,481,481,492,492,492,511,511,615,615,634,653,672,672,672,704,629,643,716,292,304,336,349,349,349,349],"floor_reached":51,"language":"ENG","playtime":2650,"items_purged":["Dualcast","Defend_B"],"score":712,"play_id":"b0471efe-15bf-4037-84ae-2d5d1deec0df","local_time":"20210222211004","is_ascension_mode":false,"campfire_choices":[{"data":"Mirror Shield","floor":7,"key":"SMITH"},{"data":"Defragment","floor":12,"key":"SMITH"},{"floor":15,"key":"DIG"},{"floor":24,"key":"REST"},{"data":"Chill","floor":27,"key":"SMITH"},{"floor":29,"key":"REST"},{"data":"Zap","floor":32,"key":"PURGE"}],"circlet_count":0,"master_deck":["Defend_B","Defend_B","Defend_B","Secret Technique+1","Crystallizer","Mirror Shield+1","Defragment+1","Juggernaut+1","Crystallizer","Skim+1","Chill+1","Slimebound:Tackle+1","Slimebound:Tackle+1","Slimebound:Tackle+1","Loop+1","Defragment+1","aspiration:Polymerization","Consume+1"],"relics":["Cracked Core","REME_ComplimentaryCards","Dream Catcher","Replay:Rubber Ducky","Inserter","Prayer Wheel","Cables","Fusion Hammer","Golden Egg","MerchantsRug","Counterbalance","Boot"],"acts_visited":["Exordium","TheCity","TheBeyond"],"potions_floor_usage":[16,18,21,23,23,37,40,50,50,50],"damage_taken":[{"damage":1,"enemies":"2 Louse","floor":1,"turns":2},{"damage":1,"enemies":"Cultist","floor":2,"turns":3},{"damage":6,"enemies":"Jaw Worm","floor":3,"turns":3},{"damage":6,"enemies":"Looter","floor":5,"turns":3},{"damage":4,"enemies":"3 Sentries","floor":6,"turns":12},{"damage":0,"enemies":"Exordium Wildlife","floor":8,"turns":4},{"damage":6,"enemies":"Exordium Thugs","floor":10,"turns":4},{"damage":0,"enemies":"Large Slime","floor":11,"turns":5},{"damage":0,"enemies":"Red Slaver","floor":13,"turns":4},{"damage":7,"enemies":"Gremlin Gang","floor":14,"turns":4},{"damage":16,"enemies":"The Guardian","floor":16,"turns":12},{"damage":4,"enemies":"3 Byrds","floor":18,"turns":5},{"damage":0,"enemies":"Shell Parasite","floor":21,"turns":4},{"damage":12,"enemies":"Shelled Parasite and Fungi","floor":22,"turns":4},{"damage":45,"enemies":"Slavers","floor":23,"turns":6},{"damage":8,"enemies":"Snecko","floor":25,"turns":5},{"damage":0,"enemies":"3 Cultists","floor":28,"turns":5},{"damage":0,"enemies":"Cultist and Chosen","floor":31,"turns":5},{"damage":0,"enemies":"Automaton","floor":33,"turns":10},{"damage":0,"enemies":"Orb Walker","floor":35,"turns":2},{"damage":16,"enemies":"3 Darklings","floor":36,"turns":5},{"damage":4,"enemies":"Sphere and 2 Shapes","floor":37,"turns":3},{"damage":0,"enemies":"Reptomancer","floor":40,"turns":5},{"damage":0,"enemies":"Jaw Worm Horde","floor":42,"turns":3},{"damage":0,"enemies":"4 Shapes","floor":45,"turns":5},{"damage":0,"enemies":"Nemesis","floor":46,"turns":4},{"damage":9,"enemies":"3 Darklings","floor":47,"turns":4},{"damage":0,"enemies":"Replay:Hell Engine","floor":50,"turns":14}],"seed_played":"-5540356581077032687","potions_obtained":[{"floor":1,"key":"Dexterity Potion"},{"floor":6,"key":"PotionOfCapacity"},{"floor":10,"key":"Energy Potion"},{"floor":11,"key":"Reflective Coating"},{"floor":16,"key":"PowerPotion"},{"floor":18,"key":"Weak Potion"},{"floor":22,"key":"PowerPotion"},{"floor":25,"key":"Fire Potion"},{"floor":35,"key":"Adrenaline Potion"},{"floor":40,"key":"LiquidBronze"},{"floor":46,"key":"hexamod:SoulburnPotion"}],"is_trial":false,"path_per_floor":["M","M","M","$","M","E","R","M","T","M","M","R","M","M","R","B",null,"M","?","?","M","M","E","R","M","T","R","M","R","?","M","R","B",null,"M","M","M","?","T","E","$","M","T","$","M","E","M","?","R","B",null],"character_chosen":"DEFECT","items_purchased":["Mirror Shield","MerchantsRug","Counterbalance"],"campfire_rested":2,"item_purchase_floors":[4,44,44],"current_hp_per_floor":[74,73,67,67,61,57,57,57,57,51,51,51,51,44,44,28,75,71,71,71,71,59,14,36,28,28,28,28,50,50,50,50,50,75,75,59,55,55,55,55,55,55,55,55,55,55,46,46,67,67],"gold":349,"neow_bonus":"UPGRADE_CARD","is_daily":false,"chose_seed":false,"campfire_upgraded":3,"win_rate":0.0,"timestamp":1614028204,"path_taken":["M","M","M","$","M","E","R","M","T","M","M","R","M","M","R","BOSS","M","?","?","M","M","E","R","M","T","R","M","R","?","M","R","BOSS","M","M","M","?","?","E","$","M","T","$","M","E","M","?","R","BOSS"],"items_purchased_type":["Card","Relic","Relic"],"build_version":"2020-12-22","purchased_purges":2,"victory":true,"max_hp_per_floor":[75,75,75,75,75,75,75,75,75,75,75,75,75,75,75,75,75,75,75,75,75,75,75,75,75,75,75,75,75,75,75,75,75,75,75,75,75,71,71,71,71,71,71,71,71,71,71,71,71,71],"card_choices":[{"not_picked":["Fusion","Cold Snap"],"picked":"Crystallizer","floor":1},{"not_picked":["Leap","Turbo","Go for the Eyes"],"picked":"SKIP","floor":2},{"not_picked":["Sweeping Beam","Turbo","Melter"],"picked":"SKIP","floor":3},{"not_picked":["Self Repair","Undo","Rip and Tear"],"picked":"SKIP","floor":5},{"not_picked":["Stack","REME_Compress","Panic Button"],"picked":"SKIP","floor":6},{"not_picked":["Panic Button","Leap","Tempest"],"picked":"SKIP","floor":8},{"not_picked":["Meteor Strike","Panic Button"],"picked":"Defragment","floor":10},{"not_picked":["Gash","Conserve Battery","BasicCrystalCard"],"picked":"SKIP","floor":11},{"not_picked":["REME_DataAnalysis","Gash","Redo"],"picked":"SKIP","floor":13},{"not_picked":["Recycle","Steam","Conserve Battery"],"picked":"SKIP","floor":14},{"not_picked":["Rainbow","REME_Shoggoth"],"picked":"ReplayTheSpireMod:Fabricate Wheel","floor":16},{"not_picked":["Barrage","Redo","Glacier"],"picked":"SKIP","floor":18},{"not_picked":["Rebound","ReplaySolidLightProjector+1","Compile Driver"],"picked":"SKIP","floor":18},{"not_picked":["Rebound","Chaos"],"picked":"Crystallizer","floor":21},{"not_picked":["Chaos","Leap+1","Gash"],"picked":"SKIP","floor":21},{"not_picked":["Barrage","Streamline+1"],"picked":"Skim","floor":22},{"not_picked":["Double Energy+1","Stack","Rebound+1"],"picked":"SKIP","floor":22},{"not_picked":["Stack","Redo"],"picked":"Chill","floor":23},{"not_picked":["Sweeping Beam","Fusion+1","Hyperbeam"],"picked":"SKIP","floor":25},{"not_picked":["Sweeping Beam","Darkness","ReplaySolidLightProjector"],"picked":"SKIP","floor":25},{"not_picked":["Ball Lightning+1","Stack","Crystallizer"],"picked":"SKIP","floor":28},{"not_picked":["Reinforced Body","Coolheaded+1","Conserve Battery"],"picked":"SKIP","floor":28},{"not_picked":["Streamline","Redo"],"picked":"Loop+1","floor":31},{"not_picked":["Conserve Battery","Ball Lightning+1","Chill"],"picked":"SKIP","floor":31},{"not_picked":["Leap+1","Doom and Gloom+1","Panic Button+1"],"picked":"SKIP","floor":35},{"not_picked":["Self Repair+1","Go for the Eyes+1","Fusion+1"],"picked":"SKIP","floor":35},{"not_picked":["Lockon+1","Gash","Steam+1"],"picked":"SKIP","floor":36},{"not_picked":["Redo","REME_DataAnalysis+1","Streamline+1"],"picked":"SKIP","floor":36},{"not_picked":["Leap","Coolheaded+1"],"picked":"Defragment+1","floor":37},{"not_picked":["Hologram+1","Panic Button","Static Discharge+1"],"picked":"SKIP","floor":37},{"not_picked":["Self Repair","Barrage+1","ReplayTheSpireMod:Omega Cannon"],"picked":"SKIP","floor":40},{"not_picked":["Coolheaded+1","Heatsinks+1"],"picked":"aspiration:Polymerization","floor":42},{"not_picked":["Compile Driver","Turbo","Auto Shields+1"],"picked":"SKIP","floor":42},{"not_picked":["Compile Driver+1","Time Bomb+1","Go for the Eyes"],"picked":"SKIP","floor":45},{"not_picked":["ReplayRNGCard","ReplayGash","ReplayTheSpireMod:GoodbyeWorld+1"],"picked":"SKIP","floor":45},{"not_picked":["Sweeping Beam","Beam Cell+1","Meteor Strike"],"picked":"SKIP","floor":46},{"not_picked":["Streamline+1","Turbo+1"],"picked":"Consume","floor":47},{"not_picked":["Gash+1","BasicCrystalCard","Leap"],"picked":"SKIP","floor":47}],"player_experience":1222218,"relics_obtained":[{"floor":6,"key":"Dream Catcher"},{"floor":15,"key":"Replay:Rubber Ducky"},{"floor":23,"key":"aspiration:Lifesprig"},{"floor":26,"key":"Cables"},{"floor":39,"key":"Golden Egg"},{"floor":40,"key":"Akabeko"},{"floor":43,"key":"ReplayTheSpireMod:Ninjato"},{"floor":46,"key":"Boot"}],"event_choices":[{"damage_healed":0,"gold_gain":0,"player_choice":"Take","damage_taken":0,"max_hp_gain":0,"max_hp_loss":0,"event_name":"betterNote:BetterNote","floor":19,"gold_loss":0,"cards_obtained":["Juggernaut"]},{"damage_healed":0,"gold_gain":99,"player_choice":"Steal","damage_taken":0,"max_hp_gain":0,"max_hp_loss":0,"event_name":"betterThird:BetterNest","floor":20,"gold_loss":0},{"damage_healed":0,"gold_gain":0,"player_choice":"Max HP","damage_taken":0,"max_hp_gain":0,"max_hp_loss":4,"event_name":"Winding Halls","floor":38,"gold_loss":0},{"damage_healed":0,"gold_gain":0,"player_choice":"Upgraded","damage_taken":0,"max_hp_gain":0,"max_hp_loss":0,"event_name":"Upgrade Shrine","floor":48,"gold_loss":0,"cards_upgraded":["Consume"]}],"is_beta":false,"boss_relics":[{"not_picked":["Replay:Drink Me","Cursed Key"],"picked":"Inserter"},{"not_picked":["Kintsugi","aspiration:IroncladSkillbook"],"picked":"Fusion Hammer"}],"items_purged_floors":[41,44],"is_endless":false,"potions_floor_spawned":[1,6,10,11,16,18,22,25,35,36,40,46],"ascension_level":0}}