{"host":"i45hfqkcke4zequp","time":1614007493,"event":{"mods":["AchievementEnabler","BaseMod","BetterRewards","Minty Spire (QoL Compilation)","Permanent Neow","Shop Mod","SuperFastMode"],"gold_per_floor":[114,94,105,255,6,6,20,20,20,38,64,13,13,31,31,108,108,121,138,150,72,72,72,72],"floor_reached":23,"language":"KOR","playtime":3339,"items_purged":[],"score":509,"play_id":"1a032a11-e08d-4365-a648-47d40782ecbd","local_time":"20210223002453","is_ascension_mode":true,"campfire_choices":[{"floor":6.0,"key":"REST"},{"floor":13.0,"key":"REST"},{"data":"Echo Form","floor":15,"key":"SMITH"}],"circlet_count":0,"master_deck":["AscendersBane","Strike_B","Strike_B","Strike_B","Strike_B","Defend_B","Defend_B","Defend_B","Defend_B","Zap","Dualcast","Gash","Cold Snap","Genetic Algorithm","Force Field","Doubt","Sunder","Turbo","Ball Lightning","Beam Cell","Echo Form+1","Seek","Ball Lightning","Self Repair"],"relics":["Cracked Core","Girya","HornCleat","Peace Pipe","Happy Flower","Gremlin Horn","Vajra","Kunai","Strawberry","Busted Crown"],"acts_visited":["TheCity"],"potions_floor_usage":[16,18,23],"damage_taken":[{"damage":0.0,"enemies":"Small Slimes","floor":1.0,"turns":3.0},{"damage":0.0,"enemies":"Cultist","floor":3.0,"turns":3.0},{"damage":6.0,"enemies":"2 Louse","floor":7.0,"turns":2.0},{"damage":4.0,"enemies":"Exordium Wildlife","floor":10.0,"turns":4.0},{"damage":7.0,"enemies":"3 Sentries","floor":11.0,"turns":5.0},{"damage":17.0,"enemies":"Large Slime","floor":14.0,"turns":6.0},{"damage":8,"enemies":"Hexaghost","floor":16,"turns":7},{"damage":9,"enemies":"2 Thieves","floor":18,"turns":3},{"damage":12,"enemies":"Chosen","floor":19,"turns":4},{"damage":27,"enemies":"Shelled Parasite and Fungi","floor":20,"turns":5},{"damage":36,"enemies":"Slavers","floor":23,"turns":4}],"seed_played":"-3226955091227047236","potions_obtained":[{"floor":2.0,"key":"EntropicBrew"},{"floor":7.0,"key":"Explosive Potion"},{"floor":16,"key":"Dexterity Potion"},{"floor":20,"key":"SpeedPotion"}],"is_trial":false,"path_per_floor":["M","?","M","?","$","R","M","?","T","M","E","$","R","M","R","B",null,"M","M","M","$","?","E"],"character_chosen":"DEFECT","items_purchased":["HornCleat","Gash","Gremlin Horn","Beam Cell","Self Repair"],"campfire_rested":2,"item_purchase_floors":[0,0,5,12,21],"current_hp_per_floor":[36,36,36,36,36,57,51,40,40,36,36,36,59,42,42,34,67,58,46,19,19,35,0,0],"gold":72,"neow_bonus":"","is_daily":false,"chose_seed":false,"campfire_upgraded":1,"win_rate":0.0,"timestamp":1614007493,"path_taken":["M","?","?","?","?","R","M","?","T","M","E","$","R","M","R","BOSS","M","M","M","$","?","E"],"items_purchased_type":["Relic","Card","Relic","Card","Card"],"build_version":"2020-12-22","purchased_purges":0,"victory":false,"max_hp_per_floor":[71,71,71,71,71,71,71,71,71,71,78,78,78,78,78,78,78,78,78,78,78,78,78,78],"card_choices":[{"not_picked":["Conserve Battery","Undo"],"picked":"Genetic Algorithm","floor":1.0},{"not_picked":["Genetic Algorithm","Cold Snap"],"picked":"Force Field","floor":3.0},{"not_picked":["Ball Lightning","Turbo"],"picked":"Sunder","floor":7.0},{"not_picked":["Leap","Redo"],"picked":"Turbo","floor":10.0},{"not_picked":["Glacier","Redo"],"picked":"Ball Lightning","floor":11.0},{"not_picked":["Beam Cell","Skim"],"picked":"Echo Form","floor":14},{"not_picked":["Machine Learning","Rainbow"],"picked":"Seek","floor":16},{"not_picked":[],"picked":"Ball Lightning","floor":18},{"not_picked":["Loop"],"picked":"SKIP","floor":19},{"not_picked":["Steam Power"],"picked":"SKIP","floor":20}],"player_experience":587415,"relics_obtained":[{"floor":9.0,"key":"Kunai"},{"floor":11.0,"key":"Strawberry"}],"event_choices":[{"damage_healed":0.0,"max_hp_gain":0.0,"max_hp_loss":0.0,"gold_gain":0.0,"event_name":"The Woman in Blue","player_choice":"Bought 1 Potion","floor":2.0,"gold_loss":0.0,"damage_taken":0.0},{"damage_healed":0.0,"max_hp_gain":0.0,"max_hp_loss":0.0,"gold_gain":150.0,"event_name":"Liars Game","player_choice":"AGREE","floor":4.0,"gold_loss":0.0,"damage_taken":0.0,"cards_obtained":["Doubt"]},{"damage_healed":0.0,"max_hp_gain":0.0,"max_hp_loss":0.0,"gold_gain":0.0,"event_name":"Scrap Ooze","player_choice":"Success","floor":8.0,"gold_loss":0.0,"damage_taken":11.0,"relics_obtained":["Vajra"]},{"damage_healed":16,"gold_gain":0,"player_choice":"Heal","damage_taken":0,"max_hp_gain":0,"max_hp_loss":0,"event_name":"The Library","floor":22,"gold_loss":0}],"is_beta":false,"boss_relics":[{"not_picked":["Pandora\u0027s Box","Snecko Eye"],"picked":"Busted Crown"}],"items_purged_floors":[],"is_endless":false,"potions_floor_spawned":[7,10,16,20],"killed_by":"Slavers","ascension_level":15}}