{"host":"krw8blyxua7at9ak","time":1614030394,"event":{"mods":["BaseMod","Highlight Path","Minty Spire (QoL Compilation)","ojb\u0027s Info Mod"],"gold_per_floor":[116,166,183,198,198,198,217,249,249,249,200,212,256,287,299,311,311],"floor_reached":16,"language":"ENG","playtime":540,"items_purged":[],"score":320,"play_id":"d335ef48-24b6-4ca9-a745-a08d495acf62","local_time":"20210222224634","is_ascension_mode":true,"campfire_choices":[{"data":"Blade Dance","floor":6,"key":"SMITH"},{"floor":12,"key":"REST"},{"data":"Neutralize","floor":15,"key":"SMITH"}],"circlet_count":0,"master_deck":["AscendersBane","Strike_G","Strike_G","Strike_G","Strike_G","Strike_G","Defend_G","Defend_G","Defend_G","Defend_G","Defend_G","Survivor","Neutralize+1","Blade Dance+1","Blade Dance","Regret","Terror+1","Backflip+1","Prepared+1","Calculated Gamble+1"],"relics":["Ring of the Snake","NeowsBlessing","Toxic Egg 2","Paper Crane","Mercury Hourglass","MawBank","StrikeDummy"],"acts_visited":["Exordium"],"potions_floor_usage":[7,8,16,16],"damage_taken":[{"damage":0,"enemies":"Small Slimes","floor":1,"turns":1},{"damage":0,"enemies":"Cultist","floor":3,"turns":1},{"damage":0,"enemies":"2 Louse","floor":4,"turns":1},{"damage":25,"enemies":"Large Slime","floor":7,"turns":7},{"damage":27,"enemies":"3 Sentries","floor":8,"turns":7},{"damage":11,"enemies":"Lagavulin","floor":13,"turns":7},{"damage":3,"enemies":"3 Louse","floor":14,"turns":3}],"seed_played":"2496675384502017463","potions_obtained":[{"floor":1,"key":"Energy Potion"},{"floor":4,"key":"Regen Potion"},{"floor":13,"key":"SneckoOil"},{"floor":14,"key":"Fruit Juice"}],"is_trial":false,"path_per_floor":["M","?","M","M","?","R","M","E","T","?","?","R","E","M","R","B"],"character_chosen":"THE_SILENT","items_purchased":[],"campfire_rested":1,"item_purchase_floors":[],"current_hp_per_floor":[59,53,53,53,53,53,40,13,13,8,8,27,16,13,13,0,0],"gold":311,"neow_bonus":"THREE_ENEMY_KILL","is_daily":false,"chose_seed":false,"campfire_upgraded":2,"win_rate":0.0,"timestamp":1614030394,"path_taken":["M","?","M","?","?","R","M","E","T","?","?","R","E","M","R","BOSS"],"items_purchased_type":[],"build_version":"2020-12-22","purchased_purges":0,"victory":false,"max_hp_per_floor":[66,66,66,66,66,66,66,66,66,66,66,66,66,66,66,71,71],"card_choices":[{"not_picked":["Noxious Fumes","Endless Agony"],"picked":"Blade Dance","floor":1},{"not_picked":["Heel Hook","Outmaneuver","Deadly Poison"],"picked":"SKIP","floor":3},{"not_picked":["Footwork","Skewer"],"picked":"Blade Dance","floor":4},{"not_picked":["Flechettes","Outmaneuver+1"],"picked":"Terror+1","floor":7},{"not_picked":["Noxious Fumes","Underhanded Strike"],"picked":"Backflip+1","floor":8},{"not_picked":["Infinite Blades","Terror+1"],"picked":"Prepared+1","floor":13},{"not_picked":["PiercingWail+1","Deadly Poison+1"],"picked":"Calculated Gamble+1","floor":14}],"player_experience":420992,"relics_obtained":[{"floor":8,"key":"Paper Crane"},{"floor":9,"key":"Mercury Hourglass"},{"floor":13,"key":"StrikeDummy"}],"event_choices":[{"damage_healed":0,"gold_gain":50,"player_choice":"Touch","damage_taken":6,"max_hp_gain":0,"max_hp_loss":0,"event_name":"FaceTrader","floor":2,"gold_loss":0},{"damage_healed":0,"gold_gain":0,"player_choice":"Box","damage_taken":0,"relics_obtained":["Toxic Egg 2"],"max_hp_gain":0,"max_hp_loss":0,"event_name":"Big Fish","floor":5,"gold_loss":0,"cards_obtained":["Regret"]},{"damage_healed":0,"gold_gain":0,"player_choice":"Success","damage_taken":5,"relics_obtained":["MawBank"],"max_hp_gain":0,"max_hp_loss":0,"event_name":"Scrap Ooze","floor":10,"gold_loss":0},{"damage_healed":0,"gold_gain":0,"player_choice":"Left Gold","damage_taken":0,"max_hp_gain":0,"max_hp_loss":0,"event_name":"World of Goop","floor":11,"gold_loss":61}],"is_beta":false,"boss_relics":[],"items_purged_floors":[],"is_endless":false,"potions_floor_spawned":[1,4,13,14],"killed_by":"The Guardian","ascension_level":20}}