{"host":"chv1qanoipyt46jc","time":1614033351,"event":{"mods":["2.2 Compatiblity","AchievementEnabler","BaseMod","BetterRewards","CapriCore","Card Filter","Evolution","Gold Saver","Grow up Mod","Melee Mod","Minty Spire (QoL Compilation)","Rare Cards Sparkle","Relic Filter","Remove Card Discount Mod","Reorder Act Four","StSLib"],"gold_per_floor":[953,967,987,1001,1020,1051,1051,1051,1077,1094,1094,1094,1094,1123,1123,1227,1277,1296,1286,1299,1310,1310,1335,1335,1350,1350,1350,1350,1350,1350,1369,1369,1467,1467,1477,1487,1501,1513,1524,1553,1553,1567,1567,1567,1596,1596,1613,1663,1663,1663,1663,1663,1663,1689,1689],"floor_reached":56,"language":"ENG","playtime":1388,"items_purged":["meleeMod_RaptorBoost","meleeMod_RaptorBoost","meleeMod_RaptorBoost","meleeMod_RaptorBoost","meleeMod_Shield","meleeMod_Shield","meleeMod_Shield","meleeMod_Shield","meleeMod_UpAir","meleeMod_UpAir","meleeMod_BackAir","meleeMod_UpAir","meleeMod_NeutralAir+1"],"score":1816,"play_id":"5d34651f-44f4-45d7-a3ac-938c129d9136","local_time":"20210222163551","is_ascension_mode":false,"campfire_choices":[{"data":"meleeMod_EdgeCancel","floor":7.0,"key":"SMITH"},{"data":"meleeMod_Grab","floor":11.0,"key":"SMITH"},{"data":"meleeMod_BackAir","floor":13.0,"key":"SMITH"},{"data":"meleeMod_Grab","floor":15.0,"key":"SMITH"},{"data":"meleeMod_SoftKnee","floor":24.0,"key":"SMITH"},{"data":"meleeMod_BackAir","floor":28.0,"key":"SMITH"},{"floor":30.0,"key":"RECALL"},{"floor":32.0,"key":"REST"},{"data":"meleeMod_EdgeCancel","floor":41.0,"key":"SMITH"},{"floor":46.0,"key":"REST"},{"floor":49,"key":"REST"},{"floor":53,"key":"REST"}],"circlet_count":0,"master_deck":["meleeMod_BackAir+1","meleeMod_Grab+1","meleeMod_Grab+1","meleeMod_SoftKnee+1","meleeMod_EdgeCancel+1","meleeMod_AmsahTech+1","meleeMod_BackAir+1","meleeMod_SoftKnee+1","meleeMod_EdgeCancel+1"],"relics":["meleeMod_TeamBeerMang0","EVO:Axolotl","meleeMod_AirWobbling","meleeMod_NoKnee","Medical Kit","Unceasing Top","Bird Faced Urn","meleeMod_NonNeutralStart","Tiny House","meleeMod_AutoLCanceling","Meat on the Bone","SacredBark","Akabeko","Singing Bowl","Frozen Egg 2","Mango","Pen Nib"],"acts_visited":["Exordium","TheCity","TheBeyond","TheEnding"],"potions_floor_usage":[55,55],"damage_taken":[{"damage":0.0,"enemies":"Small Slimes","floor":1.0,"turns":1.0},{"damage":0.0,"enemies":"2 Louse","floor":2.0,"turns":1.0},{"damage":0.0,"enemies":"Jaw Worm","floor":3.0,"turns":1.0},{"damage":8.0,"enemies":"Exordium Wildlife","floor":4.0,"turns":2.0},{"damage":0.0,"enemies":"3 Louse","floor":5.0,"turns":1.0},{"damage":0.0,"enemies":"Gremlin Nob","floor":6.0,"turns":2.0},{"damage":0.0,"enemies":"Blue Slaver","floor":10.0,"turns":1.0},{"damage":0.0,"enemies":"Lagavulin","floor":14.0,"turns":1.0},{"damage":0.0,"enemies":"The Guardian","floor":16.0,"turns":1.0},{"damage":0.0,"enemies":"Spheric Guardian","floor":18.0,"turns":1.0},{"damage":0.0,"enemies":"2 Thieves","floor":20.0,"turns":1.0},{"damage":0.0,"enemies":"Cultist and Chosen","floor":21.0,"turns":1.0},{"damage":0.0,"enemies":"Slavers","floor":23.0,"turns":1.0},{"damage":0.0,"enemies":"Chosen and Byrds","floor":25.0,"turns":1.0},{"damage":0.0,"enemies":"3 Cultists","floor":31.0,"turns":1.0},{"damage":0.0,"enemies":"Collector","floor":33.0,"turns":1.0},{"damage":0.0,"enemies":"3 Darklings","floor":35.0,"turns":1.0},{"damage":0.0,"enemies":"Orb Walker","floor":36.0,"turns":1.0},{"damage":0.0,"enemies":"Jaw Worm Horde","floor":37.0,"turns":1.0},{"damage":15.0,"enemies":"4 Shapes","floor":38.0,"turns":1.0},{"damage":0.0,"enemies":"Writhing Mass","floor":39.0,"turns":1.0},{"damage":0.0,"enemies":"Giant Head","floor":40.0,"turns":1.0},{"damage":0.0,"enemies":"3 Darklings","floor":42.0,"turns":1.0},{"damage":0.0,"enemies":"Reptomancer","floor":45.0,"turns":1.0},{"damage":0.0,"enemies":"Transient","floor":47.0,"turns":1.0},{"damage":0.0,"enemies":"Mind Bloom Boss Battle","floor":48.0,"turns":1.0},{"damage":61,"enemies":"Time Eater","floor":50,"turns":3},{"damage":0,"enemies":"Shield and Spear","floor":54,"turns":1},{"damage":110,"enemies":"The Heart","floor":55,"turns":3}],"seed_played":"-4482854917951568136","potions_obtained":[{"floor":3.0,"key":"Weak Potion"},{"floor":4.0,"key":"FearPotion"},{"floor":5.0,"key":"PowerPotion"}],"is_trial":false,"path_per_floor":["M","M","M","M","M","E","R","?","T","M","R","?","R","E","R","B",null,"M","$","M","M","?","E","R","M","T","?","R","$","R","M","R","B",null,"M","M","M","M","M","E","R","M","T","?","E","R","M","?","R","B",null,"$","R","E","B",null],"character_chosen":"FALCON","items_purchased":["meleeMod_AirWobbling","meleeMod_BackAir","meleeMod_NoKnee","Medical Kit","meleeMod_Grab","Unceasing Top","meleeMod_UpAir","meleeMod_Grab"],"campfire_rested":4,"item_purchase_floors":[0,0,0,0,0,0,0,0],"current_hp_per_floor":[52,62,72,74,84,94,104,81,91,101,111,121,131,141,151,161,270,280,290,300,310,320,330,340,350,360,370,380,390,400,410,420,430,440,450,460,470,465,475,485,495,505,515,525,537,562,574,600,610,559,630,640,650,662,566],"gold":1689,"neow_bonus":"","is_daily":false,"chose_seed":false,"campfire_upgraded":7,"win_rate":0.0,"timestamp":1614033351,"path_taken":["M","M","M","M","M","E","R","?","T","M","R","?","R","E","R","BOSS","M","$","M","M","?","E","R","M","T","?","R","?","R","M","R","BOSS","M","M","M","M","M","E","R","M","T","?","E","R","M","?","R","BOSS","$","R","E","BOSS"],"items_purchased_type":["Relic","Card","Relic","Relic","Card","Relic","Card","Card"],"build_version":"2020-12-22","purchased_purges":13,"victory":true,"max_hp_per_floor":[105,115,125,135,145,155,165,175,185,195,205,215,225,235,245,255,270,280,290,300,310,320,330,340,350,360,370,380,390,400,410,420,430,440,450,460,470,480,490,500,510,520,530,540,552,562,574,600,610,620,630,640,650,662,672],"card_choices":[{"not_picked":["meleeMod_WaveDash","meleeMod_Knee","meleeMod_FireFlower"],"picked":"SKIP","floor":1.0},{"not_picked":["meleeMod_CommandGrab","meleeMod_TeamAttackOn","meleeMod_DownSmash"],"picked":"SKIP","floor":2.0},{"not_picked":["meleeMod_HaxDash","meleeMod_DIMixUp"],"picked":"meleeMod_DownTilt","floor":3.0},{"not_picked":["meleeMod_PowerShield","meleeMod_SweetSpot"],"picked":"meleeMod_UpAir","floor":4.0},{"not_picked":["meleeMod_GetUpAttack","meleeMod_BackAir"],"picked":"meleeMod_SoftKnee","floor":5.0},{"not_picked":["meleeMod_GetUpAttack","meleeMod_FalconDive"],"picked":"meleeMod_EdgeCancel","floor":6.0},{"not_picked":["meleeMod_NoDI","meleeMod_BackAir"],"picked":"meleeMod_UpAir","floor":10.0},{"not_picked":["meleeMod_Gentleman","meleeMod_TeamAttackOn","meleeMod_DownSmash"],"picked":"SKIP","floor":14.0},{"not_picked":["meleeMod_BlueFalcon","meleeMod_LoseStock"],"picked":"meleeMod_AmsahTech","floor":16.0},{"not_picked":["meleeMod_NoDI","meleeMod_Moonwalking"],"picked":"meleeMod_BackAir","floor":17.0},{"not_picked":["meleeMod_SuperMushroom","meleeMod_UpTilt"],"picked":"meleeMod_SoftKnee","floor":18.0},{"not_picked":["meleeMod_GetUpAttack","meleeMod_Moonwalking","meleeMod_WaveLand"],"picked":"SKIP","floor":20.0},{"not_picked":["meleeMod_UnclePunch","meleeMod_Gentleman","meleeMod_L_Cancel"],"picked":"SKIP","floor":21.0},{"not_picked":["meleeMod_SuperMushroom+1","meleeMod_MindReader","meleeMod_ForwardTilt"],"picked":"SKIP","floor":23.0},{"not_picked":["meleeMod_RockCrock","meleeMod_NeutralAir","meleeMod_DashDance"],"picked":"SKIP","floor":25.0},{"not_picked":["meleeMod_Knee","meleeMod_DownSmash","meleeMod_Moonwalking+1"],"picked":"SKIP","floor":31.0},{"not_picked":["meleeMod_SDRemix","meleeMod_SomebodyClipThat"],"picked":"meleeMod_EdgeCancel","floor":33.0},{"not_picked":["meleeMod_WallJump","meleeMod_DashDance","meleeMod_Gentleman+1"],"picked":"SKIP","floor":35.0},{"not_picked":["meleeMod_Knee+1","meleeMod_Gentleman","meleeMod_Cautious+1"],"picked":"SKIP","floor":36.0},{"not_picked":["meleeMod_DownSmash+1","meleeMod_Taunt+1","meleeMod_Pause+1"],"picked":"SKIP","floor":37.0},{"not_picked":["meleeMod_TeamAttackOn","meleeMod_WaveDash","meleeMod_ShieldPoke"],"picked":"SKIP","floor":38.0},{"not_picked":["meleeMod_FalconPunch","meleeMod_Knee","meleeMod_DownTilt"],"picked":"SKIP","floor":39.0},{"not_picked":["meleeMod_WeTechThose","meleeMod_CommandGrab+1","meleeMod_PowerShield"],"picked":"SKIP","floor":40.0},{"not_picked":["meleeMod_FalconDive+1","meleeMod_WallJump+1","meleeMod_Gentleman+1"],"picked":"SKIP","floor":42.0},{"not_picked":["meleeMod_MindReader+1","meleeMod_BabActivated+1","meleeMod_ShieldDrop+1"],"picked":"Singing Bowl","floor":45.0},{"not_picked":["meleeMod_DashDance+1","meleeMod_SuperSpicyCurry+1","meleeMod_WallJump"],"picked":"Singing Bowl","floor":47.0},{"not_picked":["meleeMod_RaptorBoost+1","meleeMod_Wildfire","meleeMod_Cautious+1"],"picked":"Singing Bowl","floor":48.0},{"not_picked":["meleeMod_DashDance","meleeMod_HaxDash","meleeMod_L_Cancel+1"],"picked":"Singing Bowl","floor":54}],"player_experience":356355,"relics_obtained":[{"floor":6.0,"key":"Bird Faced Urn"},{"floor":14.0,"key":"meleeMod_NonNeutralStart"},{"floor":23.0,"key":"meleeMod_AutoLCanceling"},{"floor":26.0,"key":"Meat on the Bone"},{"floor":40.0,"key":"Akabeko"},{"floor":43.0,"key":"Singing Bowl"},{"floor":45.0,"key":"Frozen Egg 2"},{"floor":48.0,"key":"Mango"},{"floor":54,"key":"Pen Nib"}],"event_choices":[{"damage_healed":0.0,"max_hp_gain":0.0,"max_hp_loss":0.0,"gold_gain":0.0,"event_name":"Shining Light","player_choice":"Entered Light","floor":8.0,"gold_loss":0.0,"damage_taken":33.0,"cards_upgraded":["meleeMod_SoftKnee","meleeMod_NeutralAir"]},{"cards_removed":["meleeMod_DownTilt"],"damage_healed":0.0,"max_hp_gain":0.0,"max_hp_loss":0.0,"gold_gain":0.0,"event_name":"Living Wall","player_choice":"Forget","floor":12.0,"gold_loss":0.0,"damage_taken":0.0},{"damage_healed":0.0,"max_hp_gain":0.0,"max_hp_loss":0.0,"gold_gain":0.0,"event_name":"Ghosts","player_choice":"Ignored","floor":22.0,"gold_loss":0.0,"damage_taken":0.0},{"damage_healed":0.0,"max_hp_gain":0.0,"max_hp_loss":0.0,"gold_gain":0.0,"event_name":"Cursed Tome","player_choice":"Ignored","floor":27.0,"gold_loss":0.0,"damage_taken":0.0},{"damage_healed":0.0,"max_hp_gain":0.0,"max_hp_loss":0.0,"gold_gain":0.0,"event_name":"Tomb of Lord Red Mask","player_choice":"Ignored","floor":44.0,"gold_loss":0.0,"damage_taken":0.0},{"damage_healed":0.0,"max_hp_gain":0.0,"max_hp_loss":0.0,"gold_gain":0.0,"event_name":"MindBloom","player_choice":"Fight","floor":48.0,"gold_loss":0.0,"damage_taken":0.0}],"is_beta":false,"boss_relics":[{"not_picked":["meleeMod_EvidenceZip","Astrolabe"],"picked":"Tiny House"},{"not_picked":["Runic Pyramid","Busted Crown"],"picked":"SacredBark"}],"items_purged_floors":[0,0,0,0,0,0,0,0,19,19,19,19,19],"is_endless":false,"potions_floor_spawned":[3,4,5,14,16,21,23,25,31,35,36,40,48,54],"ascension_level":0}}