{"host":"lg2j834m1ujxvni0","time":1614017901,"event":{"mods":["AchievementEnabler","BaseMod","Beaked The Cultist","Better Vampires","BetterRewards","Colored Map","Colored Powertips","Conspire","Downfall","Gremlin Mod","Hermit","Highlight Path","Hubris","Infinite Spire","Mimic Mod","Minty Spire (QoL Compilation)","Quick Restart","Replay The Spire","Shade Mod","Shop Mod","StSLib","The Bladedancer","The Bug Knight","The Construct","The Cursed","The Death Knight","The Disciple","The Elementalist","The Forsaken","The Hayseed","The IronCluck","The Judge","The Jungle","The Runesmith","The Servant 0.9.4","The Witch"],"gold_per_floor":[99,99,99,99,99,99,99,99],"floor_reached":6,"language":"ENG","playtime":236,"items_purged":[],"score":30,"play_id":"40f25343-f864-4eaf-9679-a41b04d35b3e","local_time":"20210222131821","is_ascension_mode":false,"campfire_choices":[{"floor":1,"key":"RECALL"}],"circlet_count":0,"master_deck":["bronze:Strike","bronze:Strike","bronze:Strike","bronze:Strike","bronze:Defend","bronze:Defend","bronze:Defend","bronze:Defend","bronze:Replicate","bronze:Goto","bronze:Separator","bronze:ChosenStrike","Spreading Infection","bronze:Separator"],"relics":["bronze:BronzeCore","downfall:HeartsMalice","Ring of Hypnosis","Ring of Fangs"],"acts_visited":["Exordium"],"potions_floor_usage":[],"damage_taken":[{"damage":0,"enemies":"Cultist","floor":2,"turns":1},{"damage":0,"enemies":"Jaw Worm","floor":3,"turns":1},{"damage":0,"enemies":"2 Louse","floor":5,"turns":1},{"damage":19,"enemies":"Lagavulin","floor":6,"turns":6}],"seed_played":"8268292906116123510","potions_obtained":[],"is_trial":false,"path_per_floor":["R","M","M","?","M","E"],"character_chosen":"THE_AUTOMATON","items_purchased":[],"campfire_rested":0,"item_purchase_floors":[],"current_hp_per_floor":[70,70,70,70,70,51,51,51],"gold":99,"neow_bonus":"THREE_ENEMY_KILL","is_daily":false,"chose_seed":false,"campfire_upgraded":0,"win_rate":0.0,"timestamp":1614017901,"path_taken":["R","M","?","?","M","E"],"items_purchased_type":[],"build_version":"2020-12-22","purchased_purges":0,"victory":false,"max_hp_per_floor":[70,70,70,70,70,70,70,70],"card_choices":[{"not_picked":["bronze:Refactor","bronze:WildBeam"],"picked":"bronze:Separator","floor":2},{"not_picked":["bronze:BuggyMess","bronze:WildBeam"],"picked":"bronze:ChosenStrike","floor":3},{"not_picked":["bronze:WildBeam","bronze:NullPointer"],"picked":"bronze:Separator","floor":5}],"player_experience":233219,"relics_obtained":[{"floor":4,"key":"Ring of Hypnosis"},{"floor":4,"key":"Ring of Fangs"}],"event_choices":[],"is_beta":false,"boss_relics":[],"items_purged_floors":[],"is_endless":false,"potions_floor_spawned":[],"killed_by":"Lagavulin","ascension_level":0}}