{"host":"sum4dy402bbv9y4o","time":1614027372,"event":{"mods":["Aspiration","BaseMod","Conspire","Highlight Path","Minty Spire (QoL Compilation)","StSLib"],"gold_per_floor":[117,128,128,128,144,177,192,192,192,192,23,298,323,23,23,100,100,114,32,50,50,50,50,82,98,98,98,117,152,152,183,183,258,258,278,289,59,75,88,88,88,8,8,23,39,39,59,0,0,0,0],"floor_reached":50,"language":"ENG","playtime":2080,"items_purged":["Regret","Strike_P"],"score":1120,"play_id":"968f6895-5a7d-4b79-9d27-345cf94fdee6","local_time":"20210222235612","is_ascension_mode":true,"campfire_choices":[{"floor":8,"key":"REST"},{"data":"Eruption","floor":10,"key":"SMITH"},{"floor":15,"key":"REST"},{"floor":23,"key":"REST"},{"floor":30,"key":"REST"},{"floor":32,"key":"REST"},{"floor":40,"key":"REST"},{"data":"Wallop","floor":46,"key":"SMITH"},{"data":"Halt","floor":49,"key":"SMITH"}],"circlet_count":0,"master_deck":["AscendersBane","Strike_P","Strike_P","Strike_P","Defend_P","Defend_P","Defend_P","Eruption+1","Vigilance","Trip","JustLucky","EmptyBody","EmptyFist","Perseverance","Halt+1","Perseverance","Tantrum","Weave","FlurryOfBlows","JustLucky","CrushJoints+1","FlurryOfBlows","Devotion","Wallop+1","BowlingBash","BattleHymn","Brilliance"],"relics":["PureWater","aspiration:ChemicalBlood","GoldenEye","TeardropLocket","Anchor","Pen Nib","Runic Pyramid","aspiration:Stabinomicon","The Courier","Singing Bowl","Strawberry","aspiration:SecretTechniqueScroll","Eternal Feather","aspiration:FrozenJewel","Red Mask"],"acts_visited":["Exordium","TheCity","TheBeyond"],"potions_floor_usage":[2,6,7,13,13,16,16,18,18,24,24,25,25,25,28,31,33,35,38,44,45,47,50,50],"damage_taken":[{"damage":6,"enemies":"Cultist","floor":1,"turns":5},{"damage":0,"enemies":"2 Louse","floor":2,"turns":2},{"damage":4,"enemies":"Small Slimes","floor":5,"turns":3},{"damage":29,"enemies":"Gremlin Nob","floor":6,"turns":4},{"damage":9,"enemies":"3 Louse","floor":7,"turns":3},{"damage":25,"enemies":"3 Sentries","floor":13,"turns":11},{"damage":6,"enemies":"Hexaghost","floor":16,"turns":8},{"damage":0,"enemies":"2 Thieves","floor":18,"turns":3},{"damage":18,"enemies":"3 Byrds","floor":20,"turns":5},{"damage":19,"enemies":"Book of Stabbing","floor":24,"turns":3},{"damage":8,"enemies":"Shelled Parasite and Fungi","floor":25,"turns":3},{"damage":1,"enemies":"Chosen and Byrds","floor":28,"turns":3},{"damage":0,"enemies":"Gremlin Leader","floor":29,"turns":3},{"damage":22,"enemies":"Slavers","floor":31,"turns":4},{"damage":6,"enemies":"conspire:MysteriousRune","floor":33,"turns":6},{"damage":16,"enemies":"3 Shapes","floor":35,"turns":5},{"damage":5,"enemies":"3 Darklings","floor":36,"turns":5},{"damage":30,"enemies":"Spire Growth","floor":38,"turns":4},{"damage":0,"enemies":"Transient","floor":39,"turns":6},{"damage":21,"enemies":"Jaw Worm Horde","floor":44,"turns":4},{"damage":2,"enemies":"Writhing Mass","floor":45,"turns":4},{"damage":8,"enemies":"Sphere and 2 Shapes","floor":47,"turns":3},{"damage":114,"enemies":"conspire:OrnateMirror","floor":50,"turns":6}],"seed_played":"6283274542287878391","potions_obtained":[{"floor":1,"key":"SneckoOil"},{"floor":6,"key":"Regen Potion"},{"floor":16,"key":"LiquidMemories"},{"floor":24,"key":"EntropicBrew"},{"floor":29,"key":"Dexterity Potion"},{"floor":31,"key":"Fruit Juice"},{"floor":33,"key":"LiquidBronze"},{"floor":44,"key":"SpeedPotion"},{"floor":45,"key":"GamblersBrew"}],"is_trial":false,"path_per_floor":["M","M","?","?","M","E","M","R","T","R","$","?","E","$","R","B",null,"M","$","M","?","?","R","E","M","T","?","M","E","R","E","R","B",null,"M","M","$","M","M","R","?","$","T","M","M","R","M","?","R","B"],"character_chosen":"WATCHER","items_purchased":["Anchor","Tantrum","DuplicationPotion","Energy Potion","FlurryOfBlows","JustLucky","Eternal Feather"],"campfire_rested":6,"item_purchase_floors":[11,14,14,14,19,19,37],"current_hp_per_floor":[55,55,60,49,45,16,16,37,37,37,37,37,12,12,33,27,62,62,62,44,23,23,46,27,19,19,19,18,20,44,34,61,55,83,69,66,66,38,40,85,85,85,85,66,66,81,75,75,90,0,0],"gold":0,"neow_bonus":"RANDOM_COLORLESS","is_daily":false,"chose_seed":false,"campfire_upgraded":3,"win_rate":0.0,"timestamp":1614027372,"path_taken":["M","?","?","?","M","E","M","R","T","R","$","?","E","$","R","BOSS","M","$","M","?","?","R","E","M","T","?","?","E","R","E","R","BOSS","M","M","$","M","M","R","?","$","T","M","M","R","M","?","R","BOSS"],"items_purchased_type":["Relic","Card","Potion","Potion","Card","Card","Relic"],"build_version":"2020-12-22","purchased_purges":2,"victory":false,"max_hp_per_floor":[68,68,73,73,73,73,73,73,73,73,73,73,73,73,73,73,73,73,73,73,78,78,78,78,78,78,78,78,80,80,92,92,92,92,94,96,96,98,100,100,100,100,100,102,104,104,106,106,106,106,106],"card_choices":[{"not_picked":["Dramatic Entrance","PanicButton"],"picked":"Trip","floor":0},{"not_picked":["WindmillStrike","ClearTheMind"],"picked":"JustLucky","floor":1},{"not_picked":["Collect","Prostrate"],"picked":"EmptyBody","floor":2},{"not_picked":["EmptyBody","ClearTheMind"],"picked":"EmptyFist","floor":5},{"not_picked":["EmptyFist","JustLucky"],"picked":"Perseverance","floor":6},{"not_picked":["Prostrate","EmptyBody"],"picked":"Halt","floor":7},{"not_picked":["SashWhip","DeceiveReality"],"picked":"Perseverance","floor":13},{"not_picked":["Halt","Worship"],"picked":"Weave","floor":18},{"not_picked":["Swivel","FollowUp"],"picked":"CrushJoints+1","floor":20},{"not_picked":["DeceiveReality","LikeWater"],"picked":"FlurryOfBlows","floor":24},{"not_picked":["FlyingSleeves","EmptyFist","Swivel"],"picked":"SKIP","floor":25},{"not_picked":["ThirdEye","CrushJoints"],"picked":"BowlingBash","floor":28},{"not_picked":["Wallop","Pray","Worship"],"picked":"Singing Bowl","floor":29},{"not_picked":["Worship","PathToVictory"],"picked":"BattleHymn","floor":31},{"not_picked":["ConjureBlade","Wish"],"picked":"Brilliance","floor":33},{"not_picked":["Protect","Crescendo","SashWhip"],"picked":"Singing Bowl","floor":35},{"not_picked":["FlurryOfBlows","CrushJoints","Prostrate"],"picked":"Singing Bowl","floor":36},{"not_picked":["Tantrum","CrushJoints","EmptyMind+1"],"picked":"Singing Bowl","floor":38},{"not_picked":["PathToVictory","Evaluate","Prostrate+1"],"picked":"Singing Bowl","floor":39},{"not_picked":["Tantrum","Halt","WindmillStrike+1"],"picked":"Singing Bowl","floor":44},{"not_picked":["Tantrum+1","Swivel+1","ReachHeaven"],"picked":"Singing Bowl","floor":45},{"not_picked":["Scrawl","EmptyBody","Halt"],"picked":"Singing Bowl","floor":47}],"player_experience":3135175,"relics_obtained":[{"floor":6,"key":"GoldenEye"},{"floor":9,"key":"TeardropLocket"},{"floor":13,"key":"Pen Nib"},{"floor":24,"key":"aspiration:Stabinomicon"},{"floor":26,"key":"The Courier"},{"floor":29,"key":"Singing Bowl"},{"floor":31,"key":"Strawberry"},{"floor":43,"key":"aspiration:FrozenJewel"}],"event_choices":[{"damage_healed":0,"gold_gain":0,"player_choice":"Donut","damage_taken":0,"max_hp_gain":5,"max_hp_loss":0,"event_name":"Big Fish","floor":3,"gold_loss":0},{"damage_healed":0,"gold_gain":0,"player_choice":"Success","damage_taken":11,"relics_obtained":["aspiration:ChemicalBlood"],"max_hp_gain":0,"max_hp_loss":0,"event_name":"Scrap Ooze","floor":4,"gold_loss":0},{"damage_healed":0,"gold_gain":275,"player_choice":"Desecrate","damage_taken":0,"max_hp_gain":0,"max_hp_loss":0,"event_name":"Golden Shrine","floor":12,"gold_loss":0,"cards_obtained":["Regret"]},{"damage_healed":0,"gold_gain":0,"player_choice":"Shed Blood","damage_taken":26,"max_hp_gain":5,"max_hp_loss":0,"event_name":"Forgotten Altar","floor":21,"gold_loss":0},{"damage_healed":0,"gold_gain":0,"player_choice":"Ignored","damage_taken":0,"max_hp_gain":0,"max_hp_loss":0,"event_name":"Ghosts","floor":22,"gold_loss":0},{"damage_healed":0,"gold_gain":0,"player_choice":"2 cards matched","damage_taken":0,"max_hp_gain":0,"max_hp_loss":0,"event_name":"Match and Keep!","floor":27,"gold_loss":0,"cards_obtained":["Devotion","Wallop"]},{"cards_removed":["Defend_P"],"damage_healed":0,"gold_gain":0,"player_choice":"Removed Skill","damage_taken":0,"max_hp_gain":0,"max_hp_loss":0,"event_name":"Falling","floor":41,"gold_loss":0},{"damage_healed":0,"gold_gain":0,"player_choice":"Paid","damage_taken":0,"relics_obtained":["Red Mask"],"max_hp_gain":0,"max_hp_loss":0,"event_name":"Tomb of Lord Red Mask","floor":48,"gold_loss":59}],"is_beta":false,"boss_relics":[{"not_picked":["Runic Dome","conspire:SlowCooker"],"picked":"Runic Pyramid"},{"not_picked":["aspiration:PoetsPen","aspiration:RunicSpoon"],"picked":"aspiration:SecretTechniqueScroll"}],"items_purged_floors":[14,42],"is_endless":false,"potions_floor_spawned":[1,6,16,24,29,31,33,45],"killed_by":"conspire:OrnateMirror","ascension_level":20}}