{"host":"ur8591ivwt16uwtw","time":1614035982,"event":{"mods":["BaseMod","Hubris","Minty Spire (QoL Compilation)","Rare Cards Sparkle","Replay The Spire","StSLib","The Bug Knight","The Cursed","The Disciple","The Hierophant","The Runesmith"],"gold_per_floor":[111,123,123,144,114,114,114,145,160,160,160,203,203,236,236,257,257,380,380,405,405,405,418,54,54,97,97,97,97,115,131,165,176,176,276,276,294,307,307,307,307],"floor_reached":40,"language":"ENG","playtime":4253,"items_purged":["Strike_Br"],"score":644,"play_id":"7512a926-9824-40a8-a521-c38c5f29e83d","local_time":"20210223001942","is_ascension_mode":false,"campfire_choices":[{"data":"PatternShift","floor":10.0,"key":"SMITH"},{"floor":17.0,"key":"REST"},{"data":"LockedThread","floor":25.0,"key":"SMITH"},{"data":"TiringSlam","floor":29.0,"key":"SMITH"},{"data":"HandsUpC","floor":34,"key":"SMITH"}],"circlet_count":0,"master_deck":["Rallentando+1","Strike_Br","Strike_Br","Strike_Br","Defend_Br","Defend_Br","Defend_Br+1","Defend_Br","SecondHand+1","PatternShift+1","TickedOff","HandsUpC+1","TiringSlam+1","LockedThread+1","BiteCommand+1","Keepsakes+1","LockedFlame","BeatsPerMinute+1","Echonomics","ExoVibe","HandsUpC+1","SecondHand+1"],"relics":["Chronometer","Bloody Idol","Gremlin Food","InkBottle","ReplayTheSpireMod:TigerMarble","HollowMod:PaleOreRelic","Replay:Grab Bag","ReplayTheSpireMod:DimensionalGlitch","Velvet Choker","Black Star","hubris:Towel","PreservedInsect","HandDrill","Centennial Puzzle","Bag of Marbles","Orichalcum","hubris:64BitClover","ReplayTheSpireMod:Ninjato","Pantograph","hubris:Backtick","hierophant:PropheticMaskRelic"],"acts_visited":["Exordium","TheCity","TheBeyond"],"potions_floor_usage":[35],"damage_taken":[{"damage":2.0,"enemies":"2 Louse","floor":1.0,"turns":5.0},{"damage":0.0,"enemies":"Small Slimes","floor":2.0,"turns":5.0},{"damage":0.0,"enemies":"Cultist","floor":4.0,"turns":5.0},{"damage":0.0,"enemies":"Looter","floor":5.0,"turns":4.0},{"damage":2.0,"enemies":"Replay:BlueRogue","floor":8.0,"turns":8.0},{"damage":22.0,"enemies":"Exordium Thugs","floor":9.0,"turns":6.0},{"damage":20.0,"enemies":"Lagavulin","floor":12.0,"turns":11.0},{"damage":1.0,"enemies":"HollowMod:MossKnight","floor":14.0,"turns":8.0},{"damage":2.0,"enemies":"Blue Slaver","floor":16.0,"turns":4.0},{"damage":0.0,"enemies":"The Guardian","floor":18.0,"turns":13.0},{"damage":5.0,"enemies":"Chosen","floor":20.0,"turns":6.0},{"damage":5.0,"enemies":"Shell Parasite","floor":23.0,"turns":7.0},{"damage":3.0,"enemies":"HollowMod:Nosk","floor":26.0,"turns":9.0},{"damage":0.0,"enemies":"Centurion and Healer","floor":30.0,"turns":8.0},{"damage":11.0,"enemies":"Snake Plant","floor":31.0,"turns":5.0},{"damage":12.0,"enemies":"Book of Stabbing","floor":32.0,"turns":5.0},{"damage":11,"enemies":"Cultist and Chosen","floor":33,"turns":6},{"damage":10,"enemies":"Pondfish","floor":35,"turns":10},{"damage":4,"enemies":"3 Shapes","floor":37,"turns":7},{"damage":11,"enemies":"Orb Walker","floor":38,"turns":4},{"damage":0,"enemies":"4 Shapes","floor":40,"turns":1}],"seed_played":"3033658598828346312","potions_obtained":[{"floor":1.0,"key":"SteroidPotion"},{"floor":8.0,"key":"DuplicationPotion"},{"floor":9.0,"key":"Languid Potion"},{"floor":12.0,"key":"LiquidMemories"},{"floor":15.0,"key":"Explosive Potion"},{"floor":15.0,"key":"Languid Potion"},{"floor":15.0,"key":"Reflective Coating"},{"floor":20.0,"key":"HastePotion"},{"floor":23.0,"key":"Venom Potion"},{"floor":32,"key":"AttackPotion"},{"floor":35,"key":"DuplicationPotion"},{"floor":38,"key":"SkillPotion"}],"is_trial":false,"path_per_floor":["M","M","?","M","M","PTL","PTL","E","M","R","T","E","?","E","?","M","R","B",null,"M","?","T","M","$","R","E","?","T","R","M","M","E","M","R","B",null,"M","M","?","M"],"character_chosen":"CHRONO_CLASS","items_purchased":["HandDrill","Centennial Puzzle"],"campfire_rested":1,"item_purchase_floors":[24,24],"current_hp_per_floor":[69,69,52,52,52,52,52,50,28,28,28,8,8,7,7,5,26,26,71,67,67,67,62,62,62,59,59,59,59,64,58,51,48,48,56,71,71,65,65,65,65],"gold":307,"neow_bonus":"TEN_PERCENT_HP_BONUS","is_daily":false,"chose_seed":false,"campfire_upgraded":4,"win_rate":0.0,"timestamp":1614035982,"path_taken":["M","M","?","M","M","PTL","PTL","E","M","R","T","E","?","E","?","?","R","BOSS","M","?","?","M","$","R","E","?","T","R","M","M","E","M","R","BOSS","M","M","?","M"],"items_purchased_type":["Relic","Relic"],"build_version":"2020-12-22","purchased_purges":1,"victory":false,"max_hp_per_floor":[71,71,71,71,71,71,71,71,71,71,71,71,71,71,71,71,71,71,71,71,71,71,71,71,71,71,71,71,71,71,71,71,71,71,71,71,71,71,71,71,71],"card_choices":[{"not_picked":["LockedScales","PrimeTime"],"picked":"TickedOff","floor":1.0},{"not_picked":["ExoVibe","LockedAnchor"],"picked":"HandsUpC","floor":2.0},{"not_picked":["LockedMawBank","Engulf","Backlash"],"picked":"SKIP","floor":4.0},{"not_picked":["LockedTornado","LockedWarPaint","EscortCommand"],"picked":"SKIP","floor":5.0},{"not_picked":["HandsUpC","LockedUrn"],"picked":"TiringSlam","floor":8.0},{"not_picked":["Echoward","FormalWear","CrunchTime"],"picked":"SKIP","floor":9.0},{"not_picked":["LockedMercury","LockedAnchor","Echoward"],"picked":"SKIP","floor":12.0},{"not_picked":["LockedMedicine","LockedAnchor","CrunchTime"],"picked":"SKIP","floor":14.0},{"not_picked":["LockedScales","Facsimile"],"picked":"LockedThread","floor":16.0},{"not_picked":["LockedAnchor","Echoward"],"picked":"BiteCommand+1","floor":20.0},{"not_picked":["AlternateTimeline","WatchCommand"],"picked":"Keepsakes+1","floor":23.0},{"not_picked":["WakeUpCall","Tempo+1"],"picked":"LockedFlame","floor":26.0},{"not_picked":["HandsUpB","Tempo","TiringSlam"],"picked":"SKIP","floor":30.0},{"not_picked":["LockedAnchor","LockedPlans","WatchCommand"],"picked":"SKIP","floor":31.0},{"not_picked":["LockedWhetstone+1","LockedMedicine+1","Tempo"],"picked":"SKIP","floor":32},{"not_picked":["Break","WindUp"],"picked":"BeatsPerMinute+1","floor":33},{"not_picked":["LockedBell","LockedCalendar"],"picked":"Echonomics","floor":35},{"not_picked":["Engulf","Echoward"],"picked":"ExoVibe","floor":37},{"not_picked":["Parity","AlternateTimeline"],"picked":"HandsUpC+1","floor":38}],"player_experience":2446787,"relics_obtained":[{"floor":8.0,"key":"Gremlin Food"},{"floor":11.0,"key":"InkBottle"},{"floor":12.0,"key":"ReplayTheSpireMod:TigerMarble"},{"floor":14.0,"key":"HollowMod:PaleOreRelic"},{"floor":22.0,"key":"PreservedInsect"},{"floor":26.0,"key":"Bag of Marbles"},{"floor":26.0,"key":"Orichalcum"},{"floor":28.0,"key":"hubris:64BitClover"},{"floor":32,"key":"ReplayTheSpireMod:Ninjato"},{"floor":32,"key":"Pantograph"}],"event_choices":[{"damage_healed":0.0,"max_hp_gain":0.0,"max_hp_loss":0.0,"gold_gain":0.0,"event_name":"Golden Idol","player_choice":"Take Damage","floor":3.0,"gold_loss":0.0,"damage_taken":17.0,"relics_obtained":["Golden Idol"]},{"damage_healed":0.0,"max_hp_gain":0.0,"max_hp_loss":0.0,"gold_gain":0.0,"event_name":"Living Wall","player_choice":"Grow","floor":13.0,"gold_loss":0.0,"damage_taken":0.0,"cards_upgraded":["SecondHand"]},{"damage_healed":0.0,"max_hp_gain":0.0,"max_hp_loss":0.0,"gold_gain":0.0,"event_name":"Lab","player_choice":"Got Potions","floor":15.0,"gold_loss":0.0,"damage_taken":0.0},{"damage_healed":0.0,"max_hp_gain":0.0,"max_hp_loss":0.0,"gold_gain":0.0,"event_name":"Forgotten Altar","player_choice":"Gave Idol","floor":27.0,"relics_lost":["Golden Idol"],"gold_loss":0.0,"damage_taken":0.0,"relics_obtained":["Bloody Idol"]},{"damage_healed":0,"gold_gain":0,"player_choice":"Copied","damage_taken":0,"max_hp_gain":0,"max_hp_loss":0,"event_name":"Duplicator","floor":39,"gold_loss":0,"cards_obtained":["SecondHand"]}],"is_beta":false,"boss_relics":[{"not_picked":["SacredBark","Tiny House"],"picked":"Replay:Grab Bag"},{"not_picked":["Fusion Hammer","hubris:GrandSneckoEye"],"picked":"ReplayTheSpireMod:DimensionalGlitch"},{"not_picked":["hubris:CrackedHourglass","Replay:Bronze Core"],"picked":"Velvet Choker"},{"not_picked":["Ring of Chaos","Kintsugi"],"picked":"Black Star"},{"not_picked":["Replay:Ancient Bell","hubris:BlackHole"],"picked":"hubris:Backtick"}],"items_purged_floors":[24],"is_endless":false,"potions_floor_spawned":[1,8,9,12,20,23,32,35,38],"killed_by":"4 Shapes","ascension_level":0}}