{"host":"tcdxiwht2vajk3tk","time":1614021405,"event":{"mods":["AchievementEnabler","BaseMod","Beaked The Cultist","Colored Powertips","Conspire","Defuse TimeMaze Blight","Downfall","Halation","Hermit","Hubris","Infinite Spire","Lobotomy","LobotomyExtend","Minty Spire (QoL Compilation)","Replay The Spire","Shop Mod","StSLib","The Cursed","The Disciple"],"gold_per_floor":[118,118,268,30,105,105,105,105,105,139,154,154,154,154,154,154,154],"floor_reached":16,"language":"ENG","playtime":459,"items_purged":["Doubt"],"score":188,"play_id":"3e2e2e15-b4da-4f1e-b6f8-18bda3d3f31f","local_time":"20210222141645","daily_mods":["Flight","DeadlyEvents","Elite Swarm","Lethality"],"is_ascension_mode":true,"campfire_choices":[],"circlet_count":0,"master_deck":["AscendersBane","SpecialBullet","SpecialBullet","SpecialBullet","SpecialBullet","SpecialBullet","SpecialBullet","SpecialBullet","SpecialBullet","SecurityCode","InformationCode","ControlCode","MHz","Lantern","UniverseFragment","GoldRush","Laetitia","Lamp"],"relics":["CogitoBucket","replay:Trail_Library","LetterFromLob","hubris:Icosahedron","MerchantsRug","ReplayTheSpireMod:Shallot","conspire:GlowingRock"],"acts_visited":["Exordium"],"potions_floor_usage":[10,16],"damage_taken":[{"damage":11,"enemies":"2 Louse","floor":1,"turns":2},{"damage":43,"enemies":"Lagavulin","floor":10,"turns":4},{"damage":8,"enemies":"Small Slimes","floor":11,"turns":2},{"damage":24,"enemies":"The Guardian","floor":16,"turns":3}],"seed_played":"-473745200775540132","potions_obtained":[{"floor":11,"key":"DuplicationPotion"}],"is_trial":true,"path_per_floor":["M","?","?","$","?","R","R","R","T","E","M","R","$","$","R","B"],"character_chosen":"Angela","items_purchased":["MerchantsRug"],"campfire_rested":0,"item_purchase_floors":[4],"current_hp_per_floor":[60,60,60,60,49,49,49,49,49,18,22,22,22,22,22,0,0],"gold":154,"neow_bonus":"","is_daily":false,"chose_seed":false,"campfire_upgraded":0,"win_rate":0.0,"timestamp":1614021405,"path_taken":["M","?","?","$","?","R","R","R","T","E","?","R","?","$","R","BOSS"],"items_purchased_type":["Relic"],"build_version":"2020-12-22","purchased_purges":1,"victory":false,"max_hp_per_floor":[70,70,70,70,70,70,70,70,70,74,78,78,78,78,78,78,78],"card_choices":[{"not_picked":["MeatLantern","FairyFestival"],"picked":"MHz","floor":1},{"not_picked":["WristCuter"],"picked":"Lantern","floor":1},{"not_picked":["CrumblingArmor","MeatLantern"],"picked":"UniverseFragment","floor":10},{"not_picked":["TheSmile"],"picked":"GoldRush","floor":10},{"not_picked":["HeroicMonk","PunishingBird"],"picked":"Laetitia","floor":11},{"not_picked":["RapturousDream"],"picked":"Lamp","floor":11}],"player_experience":1862781,"relics_obtained":[{"floor":1,"key":"LetterFromLob"},{"floor":9,"key":"ReplayTheSpireMod:Shallot"},{"floor":10,"key":"conspire:GlowingRock"}],"event_choices":[{"damage_healed":0,"gold_gain":150,"player_choice":"AGREE","damage_taken":0,"max_hp_gain":0,"max_hp_loss":0,"event_name":"Liars Game","floor":3,"gold_loss":0,"cards_obtained":["Doubt"]},{"damage_healed":0,"gold_gain":75,"player_choice":"Gather Gold","damage_taken":11,"max_hp_gain":0,"max_hp_loss":0,"event_name":"World of Goop","floor":5,"gold_loss":0}],"is_beta":false,"boss_relics":[],"items_purged_floors":[4],"is_endless":false,"potions_floor_spawned":[11],"killed_by":"The Guardian","ascension_level":20}}