{"host":"og6lam4kt3nibbw0","time":1614010072,"event":{"mods":["AchievementEnabler","BaseMod","Colored Map","DeckTracker","Highlight Path","Keyboard Shortcuts","Minty Spire (QoL Compilation)","Permanent Neow","Quick Restart","StSLib","SuperFastMode"],"gold_per_floor":[117,117,135,135,60,60,78,78,102,128,142,142,157,174,174,174,174],"floor_reached":16,"language":"KOR","playtime":338,"items_purged":["Strike_R"],"score":204,"play_id":"6c7e4ea5-bbd8-4390-a988-0ee0e76c5fd4","local_time":"20210223010752","is_ascension_mode":true,"campfire_choices":[{"data":"Blood for Blood","floor":6.0,"key":"SMITH"},{"data":"Shrug It Off","floor":8.0,"key":"SMITH"},{"floor":15,"key":"REST"}],"circlet_count":0,"master_deck":["AscendersBane","Strike_R","Strike_R","Strike_R","Defend_R","Defend_R","Defend_R","Defend_R","Bash","Blood for Blood+1","Shrug It Off+1","Pummel","Pommel Strike","Flex"],"relics":["Burning Blood","TungstenRod","Art of War","Blood Vial"],"acts_visited":["Exordium"],"potions_floor_usage":[10,16,16],"damage_taken":[{"damage":9.0,"enemies":"Jaw Worm","floor":1.0,"turns":5.0},{"damage":20.0,"enemies":"Cultist","floor":3.0,"turns":5.0},{"damage":7.0,"enemies":"Small Slimes","floor":7.0,"turns":3.0},{"damage":27,"enemies":"Gremlin Nob","floor":10,"turns":4},{"damage":5,"enemies":"Exordium Thugs","floor":11,"turns":4},{"damage":5,"enemies":"Looter","floor":13,"turns":3},{"damage":18,"enemies":"Exordium Wildlife","floor":14,"turns":4},{"damage":50,"enemies":"The Guardian","floor":16,"turns":10}],"seed_played":"-707890945141094359","potions_obtained":[{"floor":3.0,"key":"SneckoOil"},{"floor":7.0,"key":"Weak Potion"},{"floor":13,"key":"Swift Potion"},{"floor":14,"key":"BloodPotion"}],"is_trial":false,"path_per_floor":["M","?","M","?","$","R","M","R","T","E","M","?","M","M","R","B"],"character_chosen":"IRONCLAD","items_purchased":[],"campfire_rested":1,"item_purchase_floors":[],"current_hp_per_floor":[47,47,33,38,38,38,37,37,37,16,19,19,22,12,36,4,4],"gold":174,"neow_bonus":"ONE_RARE_RELIC","is_daily":false,"chose_seed":false,"campfire_upgraded":2,"win_rate":0.0,"timestamp":1614010072,"path_taken":["M","?","?","?","?","R","M","R","T","E","M","?","?","M","R","BOSS"],"items_purchased_type":[],"build_version":"2020-12-22","purchased_purges":1,"victory":false,"max_hp_per_floor":[75,75,75,80,80,80,80,80,80,80,80,80,80,80,80,80,80],"card_choices":[{"not_picked":["Anger","Heavy Blade"],"picked":"Blood for Blood","floor":1.0},{"not_picked":["Second Wind","Combust","Clothesline"],"picked":"SKIP","floor":3.0},{"not_picked":["Second Wind","Twin Strike"],"picked":"Shrug It Off","floor":7.0},{"not_picked":["Berserk","Sword Boomerang","Iron Wave"],"picked":"SKIP","floor":10},{"not_picked":["Whirlwind","Havoc"],"picked":"Pummel","floor":11},{"not_picked":["Searing Blow","Thunderclap"],"picked":"Pommel Strike","floor":13},{"not_picked":["Pommel Strike","Thunderclap"],"picked":"Flex","floor":14}],"player_experience":989431,"relics_obtained":[{"floor":9.0,"key":"Art of War"},{"floor":10,"key":"Blood Vial"}],"event_choices":[{"cards_removed":["Strike_R"],"damage_healed":0.0,"max_hp_gain":0.0,"max_hp_loss":0.0,"gold_gain":0.0,"event_name":"Purifier","player_choice":"Purged","floor":2.0,"gold_loss":0.0,"damage_taken":0.0},{"damage_healed":0.0,"max_hp_gain":5.0,"max_hp_loss":0.0,"gold_gain":0.0,"event_name":"Big Fish","player_choice":"Donut","floor":4.0,"gold_loss":0.0,"damage_taken":0.0},{"damage_healed":0,"gold_gain":0,"player_choice":"Ignored","damage_taken":0,"max_hp_gain":0,"max_hp_loss":0,"event_name":"Liars Game","floor":12,"gold_loss":0}],"is_beta":false,"boss_relics":[],"items_purged_floors":[5],"is_endless":false,"potions_floor_spawned":[3,7,13,14],"killed_by":"The Guardian","ascension_level":20}}