{"host":"zxkjcgzis4pm3za5","time":1614010952,"event":{"mods":["2.2 Compatiblity","AchievementEnabler","BaseMod","Colored Map","Colored Powertips","Minty Spire (QoL Compilation)","Quick Restart","Random Character Button","Relic Filter Mod","Relic Sorter","Relic Stats","StSLib","ojb\u0027s Info Mod"],"gold_per_floor":[219,219,369,10,26,26,59,77,101,132,132,32,58,71,71,146,146,166,81,6,23,40,40,55,73,73,98,116,135,165,40,40,119,119,132,151,151,201,201,201,233,233,233,2,2,13,26,36,36,36,36],"floor_reached":50,"language":"ENG","playtime":1836,"items_purged":["Doubt","Strike_G","Strike_G","Writhe"],"score":1094,"play_id":"31d2f90a-1fb0-4336-83dd-0989610a3137","local_time":"20210222215232","is_ascension_mode":true,"campfire_choices":[{"data":"Neutralize","floor":6.0,"key":"SMITH"},{"floor":11.0,"key":"REST"},{"data":"Blade Dance","floor":15.0,"key":"SMITH"},{"floor":23.0,"key":"REST"},{"data":"Cloak And Dagger","floor":32.0,"key":"SMITH"},{"floor":40.0,"key":"REST"},{"floor":45,"key":"REST"},{"floor":49,"key":"RECALL"}],"circlet_count":0,"master_deck":["AscendersBane","Defend_G","Defend_G","Defend_G","Survivor","Neutralize+1","Dagger Throw","Backstab","Dagger Spray+1","All Out Attack+1","Blade Dance+1","Eviscerate+1","Sucker Punch+1","Infinite Blades","After Image","Underhanded Strike+1","Cloak And Dagger+1","Finisher+1","Dash+1","Blade Dance+1","Quick Slash+1","Backflip","Bullet Time","Cloak And Dagger+1","Choke+1","Blur+1","Terror","Dramatic Entrance+1","Predator+1","Accuracy+1","Dodge and Roll+1"],"relics":["Ring of the Snake","Molten Egg 2","Orichalcum","Oddly Smooth Stone","Boot","Odd Mushroom","Sozu","HornCleat","Bag of Marbles","Pantograph","Happy Flower","Astrolabe","Ice Cream","Vajra"],"acts_visited":["Exordium","TheCity","TheBeyond"],"potions_floor_usage":[],"damage_taken":[{"damage":1.0,"enemies":"Small Slimes","floor":1.0,"turns":4.0},{"damage":0.0,"enemies":"2 Louse","floor":5.0,"turns":3.0},{"damage":31.0,"enemies":"Lagavulin","floor":7.0,"turns":8.0},{"damage":2.0,"enemies":"Jaw Worm","floor":8.0,"turns":2.0},{"damage":12.0,"enemies":"Gremlin Nob","floor":10.0,"turns":4.0},{"damage":0.0,"enemies":"The Mushroom Lair","floor":13.0,"turns":1.0},{"damage":3.0,"enemies":"Exordium Thugs","floor":14.0,"turns":3.0},{"damage":23.0,"enemies":"The Guardian","floor":16.0,"turns":12.0},{"damage":0.0,"enemies":"Shell Parasite","floor":18.0,"turns":4.0},{"damage":3.0,"enemies":"2 Thieves","floor":21.0,"turns":3.0},{"damage":21.0,"enemies":"Cultist and Chosen","floor":22.0,"turns":6.0},{"damage":3.0,"enemies":"Shelled Parasite and Fungi","floor":24.0,"turns":4.0},{"damage":12.0,"enemies":"Snecko","floor":25.0,"turns":5.0},{"damage":3.0,"enemies":"Slavers","floor":27.0,"turns":4.0},{"damage":0.0,"enemies":"3 Cultists","floor":28.0,"turns":4.0},{"damage":0.0,"enemies":"Snake Plant","floor":29.0,"turns":2.0},{"damage":0.0,"enemies":"Book of Stabbing","floor":30.0,"turns":4.0},{"damage":28.0,"enemies":"Champ","floor":33.0,"turns":12.0},{"damage":2.0,"enemies":"3 Shapes","floor":35.0,"turns":3.0},{"damage":4.0,"enemies":"3 Darklings","floor":36.0,"turns":4.0},{"damage":25.0,"enemies":"2 Orb Walkers","floor":38.0,"turns":4.0},{"damage":39.0,"enemies":"Reptomancer","floor":41.0,"turns":6.0},{"damage":3,"enemies":"4 Shapes","floor":46,"turns":3},{"damage":26,"enemies":"Writhing Mass","floor":47,"turns":2},{"damage":14,"enemies":"Sphere and 2 Shapes","floor":48,"turns":5},{"damage":43,"enemies":"Time Eater","floor":50,"turns":5}],"seed_played":"971094363126771870","potions_obtained":[{"floor":5.0,"key":"FairyPotion"},{"floor":7.0,"key":"Swift Potion"},{"floor":10.0,"key":"BlessingOfTheForge"}],"is_trial":false,"path_per_floor":["M","?","?","$","M","R","E","M","T","E","R","$","?","M","R","B",null,"M","?","?","M","M","R","M","M","T","E","M","M","E","$","R","B",null,"M","M","$","?","?","R","E","?","T","$","R","M","M","M","R","B"],"character_chosen":"THE_SILENT","items_purchased":["Molten Egg 2","Predator+1"],"campfire_rested":4,"item_purchase_floors":[4,44],"current_hp_per_floor":[58,58,58,58,58,58,27,25,25,13,32,32,32,29,29,6,51,51,51,51,48,27,46,43,31,31,28,28,28,28,28,28,25,56,54,50,50,25,25,44,5,18,18,18,37,34,8,18,18,0,0],"gold":36,"neow_bonus":"HUNDRED_GOLD","is_daily":false,"chose_seed":false,"campfire_upgraded":3,"win_rate":0.0,"timestamp":1614010952,"path_taken":["M","?","?","$","M","R","E","M","T","E","R","$","?","M","R","BOSS","M","?","?","M","?","R","M","M","T","E","M","M","E","?","R","BOSS","M","M","$","?","?","R","E","?","T","?","R","M","?","M","R","BOSS"],"items_purchased_type":["Relic","Card"],"build_version":"2020-12-22","purchased_purges":4,"victory":false,"max_hp_per_floor":[66,66,66,66,66,66,66,66,66,66,66,66,66,66,66,66,66,66,66,66,66,66,66,66,66,66,66,66,66,66,66,66,66,66,66,66,66,66,66,66,66,66,66,66,66,66,66,66,66,66,66],"relic_stats":{"Sozu":9,"Happy Flower":[14],"counters":[26,117],"Pantograph":50,"Astrolabe":["Cloak And Dagger","Choke","Blur"],"Orichalcum":[66],"Boot":[173],"obtain_stats":[{"Ice Cream":38,"Happy Flower":30,"Astrolabe":34,"Oddly Smooth Stone":9,"Vajra":41,"Orichalcum":7,"Odd Mushroom":13,"Boot":10,"Sozu":17,"HornCleat":19,"Pantograph":27,"Molten Egg 2":4,"Bag of Marbles":26,"Ring of the Snake":0},{"Ice Cream":21,"Happy Flower":17,"Astrolabe":18,"Oddly Smooth Stone":4,"Vajra":22,"Orichalcum":3,"Odd Mushroom":6,"Boot":5,"Sozu":8,"HornCleat":9,"Pantograph":14,"Molten Egg 2":1,"Bag of Marbles":13,"Ring of the Snake":0},{"Ice Cream":96,"Happy Flower":73,"Astrolabe":85,"Oddly Smooth Stone":17,"Vajra":102,"Orichalcum":15,"Odd Mushroom":22,"Boot":21,"Sozu":37,"HornCleat":41,"Pantograph":63,"Molten Egg 2":4,"Bag of Marbles":59,"Ring of the Snake":0}],"Ring of the Snake":[52]},"card_choices":[{"not_picked":["Backflip","Slice"],"picked":"Dagger Throw","floor":1.0},{"not_picked":["Deflect","Deadly Poison"],"picked":"Dagger Spray+1","floor":5.0},{"not_picked":["Dagger Spray+1","Acrobatics"],"picked":"All Out Attack+1","floor":7.0},{"not_picked":["Poisoned Stab+1","Well Laid Plans"],"picked":"Blade Dance","floor":8.0},{"not_picked":["Well Laid Plans","Venomology"],"picked":"Eviscerate+1","floor":10.0},{"not_picked":["Cloak And Dagger","Bouncing Flask"],"picked":"Sucker Punch+1","floor":13.0},{"not_picked":["Crippling Poison","Deflect"],"picked":"Infinite Blades","floor":14.0},{"not_picked":["Unload+1","Storm of Steel"],"picked":"After Image","floor":16.0},{"not_picked":["Caltrops+1","Leg Sweep"],"picked":"Underhanded Strike+1","floor":18.0},{"not_picked":["Flying Knee+1","Bouncing Flask","Bane+1"],"picked":"SKIP","floor":21.0},{"not_picked":["PiercingWail","Prepared"],"picked":"Cloak And Dagger","floor":22.0},{"not_picked":["Infinite Blades","Acrobatics"],"picked":"Finisher+1","floor":24.0},{"not_picked":["Outmaneuver+1","Flying Knee+1","Catalyst"],"picked":"SKIP","floor":25.0},{"not_picked":["PiercingWail+1","Escape Plan"],"picked":"Dash+1","floor":27.0},{"not_picked":["Predator+1","Poisoned Stab+1"],"picked":"Blade Dance+1","floor":28.0},{"not_picked":["Infinite Blades","Caltrops"],"picked":"Quick Slash+1","floor":29.0},{"not_picked":["Outmaneuver","Skewer+1"],"picked":"Backflip","floor":30.0},{"not_picked":["Venomology","Night Terror"],"picked":"Bullet Time","floor":33.0},{"not_picked":["Well Laid Plans","Prepared","Quick Slash+1"],"picked":"SKIP","floor":35.0},{"not_picked":["Escape Plan","Poisoned Stab+1","Flying Knee+1"],"picked":"SKIP","floor":36.0},{"not_picked":["Dagger Throw+1","Distraction"],"picked":"Terror","floor":38.0},{"not_picked":["Chrysalis","Blind"],"picked":"Dramatic Entrance+1","floor":39.0},{"not_picked":["Dodge and Roll","Setup","Terror"],"picked":"SKIP","floor":41.0},{"not_picked":["Quick Slash+1","Poisoned Stab+1","Sucker Punch+1"],"picked":"SKIP","floor":46},{"not_picked":["Deflect","Poisoned Stab+1"],"picked":"Accuracy+1","floor":47},{"not_picked":["Quick Slash+1","All Out Attack+1"],"picked":"Dodge and Roll+1","floor":48}],"player_experience":421199,"relics_obtained":[{"floor":7.0,"key":"Orichalcum"},{"floor":9.0,"key":"Oddly Smooth Stone"},{"floor":10.0,"key":"Boot"},{"floor":13.0,"key":"Odd Mushroom"},{"floor":26.0,"key":"Bag of Marbles"},{"floor":27.0,"key":"Pantograph"},{"floor":30.0,"key":"Happy Flower"},{"floor":38.0,"key":"Ice Cream"},{"floor":41.0,"key":"Vajra"}],"event_choices":[{"damage_healed":0.0,"max_hp_gain":0.0,"max_hp_loss":0.0,"gold_gain":0.0,"cards_transformed":["Strike_G"],"event_name":"Living Wall","player_choice":"Change","floor":2.0,"gold_loss":0.0,"damage_taken":0.0,"cards_obtained":["Backstab"]},{"damage_healed":0.0,"max_hp_gain":0.0,"max_hp_loss":0.0,"gold_gain":150.0,"event_name":"Liars Game","player_choice":"AGREE","floor":3.0,"gold_loss":0.0,"damage_taken":0.0,"cards_obtained":["Doubt"]},{"damage_healed":0.0,"max_hp_gain":0.0,"max_hp_loss":0.0,"gold_gain":0.0,"event_name":"Mushrooms","player_choice":"Fought Mushrooms","floor":13.0,"gold_loss":0.0,"damage_taken":0.0},{"damage_healed":0.0,"max_hp_gain":0.0,"max_hp_loss":0.0,"gold_gain":0.0,"event_name":"Addict","player_choice":"Obtained Relic","floor":19.0,"gold_loss":85.0,"damage_taken":0.0,"relics_obtained":["HornCleat"]},{"cards_removed":["Strike_G"],"damage_healed":0.0,"max_hp_gain":0.0,"max_hp_loss":0.0,"gold_gain":0.0,"event_name":"Beggar","player_choice":"Gave Gold","floor":20.0,"gold_loss":75.0,"damage_taken":0.0},{"damage_healed":0.0,"max_hp_gain":0.0,"max_hp_loss":0.0,"gold_gain":0.0,"event_name":"Mysterious Sphere","player_choice":"Fight","floor":38.0,"gold_loss":0.0,"damage_taken":0.0},{"damage_healed":0.0,"max_hp_gain":0.0,"max_hp_loss":0.0,"gold_gain":0.0,"event_name":"SensoryStone","player_choice":"Memory 1","floor":39.0,"gold_loss":0.0,"damage_taken":0.0},{"damage_healed":13.0,"max_hp_gain":0.0,"max_hp_loss":0.0,"gold_gain":0.0,"event_name":"Winding Halls","player_choice":"Writhe","floor":42.0,"gold_loss":0.0,"damage_taken":0.0,"cards_obtained":["Writhe"]}],"is_beta":false,"boss_relics":[{"not_picked":["Ring of the Serpent","Cursed Key"],"picked":"Sozu"},{"not_picked":["Coffee Dripper","Black Star"],"picked":"Astrolabe"}],"items_purged_floors":[4,12,31,44],"is_endless":false,"potions_floor_spawned":[5,7,10,18,24,25,28,29,33,36,41,46],"killed_by":"Time Eater","ascension_level":20}}