{"host":"og6lam4kt3nibbw0","time":1614019200,"event":{"mods":["AchievementEnabler","BaseMod","Colored Map","DeckTracker","Highlight Path","Keyboard Shortcuts","Minty Spire (QoL Compilation)","Permanent Neow","Quick Restart","StSLib","SuperFastMode"],"gold_per_floor":[110,35,110,121,121,121,131,131,131,144,156,67,67,88,88,174,174,202,211,235,90,90,90],"floor_reached":22,"language":"KOR","playtime":555,"items_purged":["Normality","Strike_P"],"score":452,"play_id":"2b1e6940-62e8-4544-a485-a127ac4e7272","local_time":"20210223034000","is_ascension_mode":true,"campfire_choices":[{"data":"Eruption","floor":6,"key":"SMITH"},{"data":"BowlingBash","floor":8,"key":"SMITH"},{"floor":15,"key":"REST"}],"circlet_count":0,"master_deck":["AscendersBane","Strike_P","Strike_P","Strike_P","Defend_P","Defend_P","Defend_P","Defend_P","Eruption+1","Vigilance","Master of Strategy","BowlingBash+1","ReachHeaven","BattleHymn","Consecrate","Adaptation","MentalFortress","WheelKick","Ragnarok","FlurryOfBlows","Master of Strategy","FlurryOfBlows","Halt"],"relics":["HolyWater","Ornamental Fan","CeramicFish"],"acts_visited":["Exordium","TheCity"],"potions_floor_usage":[18],"damage_taken":[{"damage":6,"enemies":"Jaw Worm","floor":1,"turns":8},{"damage":0,"enemies":"Cultist","floor":4,"turns":3},{"damage":4,"enemies":"Small Slimes","floor":7,"turns":3},{"damage":18,"enemies":"Gremlin Gang","floor":10,"turns":4},{"damage":6,"enemies":"Lots of Slimes","floor":11,"turns":3},{"damage":4,"enemies":"Looter","floor":14,"turns":3},{"damage":0,"enemies":"Slime Boss","floor":16,"turns":5},{"damage":34,"enemies":"Shell Parasite","floor":18,"turns":4},{"damage":15,"enemies":"3 Byrds","floor":20,"turns":3},{"damage":10,"enemies":"Shelled Parasite and Fungi","floor":22,"turns":1}],"seed_played":"97697209909904200","potions_obtained":[{"floor":11,"key":"Strength Potion"},{"floor":14,"key":"SteroidPotion"}],"is_trial":false,"path_per_floor":["M","$","?","M","?","R","M","R","T","M","M","$","?","M","R","B",null,"M","?","M","$","M"],"character_chosen":"WATCHER","items_purchased":["MentalFortress","Halt"],"campfire_rested":1,"item_purchase_floors":[12,21],"current_hp_per_floor":[55,55,44,44,44,44,40,40,40,22,16,16,11,7,27,27,58,24,24,9,9,0,0],"gold":90,"neow_bonus":"RANDOM_COLORLESS_2","is_daily":false,"chose_seed":false,"campfire_upgraded":2,"win_rate":0.0,"timestamp":1614019200,"path_taken":["M","$","?","M","?","R","M","R","T","?","M","$","?","M","M","R","BOSS","M","?","M","$","M"],"items_purchased_type":["Card","Card"],"build_version":"2020-12-22","purchased_purges":2,"victory":false,"max_hp_per_floor":[68,68,68,68,68,68,68,68,68,68,68,68,68,68,68,68,68,68,68,68,68,68,68],"card_choices":[{"not_picked":["Chrysalis","Thinking Ahead"],"picked":"Master of Strategy","floor":0},{"not_picked":["Halt","Evaluate"],"picked":"BowlingBash","floor":1},{"not_picked":["Study","Protect"],"picked":"ReachHeaven","floor":4},{"not_picked":["LikeWater","SashWhip"],"picked":"Consecrate","floor":7},{"not_picked":["PathToVictory","Halt","Indignation"],"picked":"SKIP","floor":10},{"not_picked":["FlurryOfBlows","Swivel"],"picked":"Adaptation","floor":11},{"not_picked":["FlyingSleeves","Devotion"],"picked":"WheelKick","floor":14},{"not_picked":["Brilliance","Blasphemy"],"picked":"Ragnarok","floor":16},{"not_picked":["Wireheading","FlyingSleeves"],"picked":"FlurryOfBlows","floor":18},{"not_picked":["Worship","Crescendo"],"picked":"FlurryOfBlows","floor":20}],"player_experience":996421,"relics_obtained":[{"floor":9,"key":"Ornamental Fan"}],"event_choices":[{"damage_healed":0,"gold_gain":75,"player_choice":"Gather Gold","damage_taken":11,"max_hp_gain":0,"max_hp_loss":0,"event_name":"World of Goop","floor":3,"gold_loss":0},{"damage_healed":0,"gold_gain":0,"player_choice":"1 cards matched","damage_taken":0,"max_hp_gain":0,"max_hp_loss":0,"event_name":"Match and Keep!","floor":5,"gold_loss":0,"cards_obtained":["BattleHymn"]},{"damage_healed":0,"gold_gain":0,"player_choice":"1 cards matched","damage_taken":0,"max_hp_gain":0,"max_hp_loss":0,"event_name":"Match and Keep!","floor":5,"gold_loss":0,"cards_obtained":["BattleHymn"]},{"damage_healed":0,"gold_gain":0,"player_choice":"Success","damage_taken":5,"relics_obtained":["CeramicFish"],"max_hp_gain":0,"max_hp_loss":0,"event_name":"Scrap Ooze","floor":13,"gold_loss":0},{"damage_healed":0,"gold_gain":0,"player_choice":"Copied","damage_taken":0,"max_hp_gain":0,"max_hp_loss":0,"event_name":"Duplicator","floor":19,"gold_loss":0,"cards_obtained":["Master of Strategy"]}],"is_beta":false,"boss_relics":[{"not_picked":["Sozu","Cursed Key"],"picked":"HolyWater"}],"items_purged_floors":[2,21],"is_endless":false,"potions_floor_spawned":[11,14,16],"killed_by":"Shelled Parasite and Fungi","ascension_level":20}}