{"host":"gjwzgdilc53yxmt0","time":1614017319,"event":{"mods":["2.2 Compatiblity","BaseMod","Bestiary","Highlight Path","Minty Spire (QoL Compilation)","Relic Stats","StSLib","ojb\u0027s Info Mod"],"gold_per_floor":[119,27,40,51,65,100,65,98,121,156,156,173,173,204,204,278,278,289,289,301,20,40,70,83,109,109,139,153,153,153,185,185,262,262,278,323,74,86,112,146,146,171,171,171,201,201,211,239,251,263,275,287,299,4,29,29],"floor_reached":57,"language":"ENG","playtime":3313,"items_purged":["Strike_G"],"score":3127,"play_id":"7f3503fc-f44f-48f7-8929-e38b3f0e1e05","local_time":"20210222130839","is_ascension_mode":true,"campfire_choices":[{"data":"Catalyst","floor":11.0,"key":"SMITH"},{"floor":13.0,"key":"REST"},{"data":"Well Laid Plans","floor":15.0,"key":"SMITH"},{"floor":29.0,"key":"REST"},{"floor":32.0,"key":"REST"},{"data":"Wraith Form v2","floor":41.0,"key":"SMITH"},{"floor":44.0,"key":"RECALL"},{"data":"Concentrate","floor":46.0,"key":"SMITH"},{"data":"Reflex","floor":49.0,"key":"SMITH"},{"data":"Noxious Fumes","floor":53.0,"key":"SMITH"}],"circlet_count":0,"master_deck":["AscendersBane","Strike_G","Strike_G","Defend_G","Defend_G","Defend_G","Defend_G","Survivor","Neutralize","Poisoned Stab+1","Expertise+1","Corpse Explosion+1","Blade Dance","Outmaneuver","Well Laid Plans+1","Predator","Predator","Blur","Tools of the Trade","Catalyst+1","PiercingWail","Bullet Time","Dash","Catalyst+1","Tactician","Wraith Form v2+1","Deflect+1","Outmaneuver","Tactician","Acrobatics","Footwork","PiercingWail","Leg Sweep","Well Laid Plans","Noxious Fumes+1","Acrobatics","Prepared+1","Concentrate+1","Venomology","Reflex+1","Reflex"],"relics":["Astrolabe","White Beast Statue","Smiling Mask","Potion Belt","Pen Nib","The Specimen","HoveringKite","Oddly Smooth Stone","Pear","The Courier","Ancient Tea Set","Orichalcum","Coffee Dripper","StoneCalendar","Toolbox","Happy Flower","Sundial","Bag of Preparation","Torii","MawBank","Dead Branch","Boot"],"acts_visited":["TheCity","TheBeyond","TheEnding"],"potions_floor_usage":[56,56,56,56],"damage_taken":[{"damage":7.0,"enemies":"2 Louse","floor":1.0,"turns":4.0},{"damage":1.0,"enemies":"Cultist","floor":3.0,"turns":3.0},{"damage":0.0,"enemies":"Jaw Worm","floor":4.0,"turns":3.0},{"damage":7.0,"enemies":"Looter","floor":5.0,"turns":4.0},{"damage":5.0,"enemies":"3 Sentries","floor":6.0,"turns":2.0},{"damage":15.0,"enemies":"Lagavulin","floor":8.0,"turns":6.0},{"damage":12.0,"enemies":"3 Sentries","floor":10.0,"turns":4.0},{"damage":1.0,"enemies":"Exordium Thugs","floor":12.0,"turns":2.0},{"damage":19.0,"enemies":"Lagavulin","floor":14.0,"turns":6.0},{"damage":6.0,"enemies":"The Guardian","floor":16.0,"turns":7.0},{"damage":0.0,"enemies":"Spheric Guardian","floor":18.0,"turns":1.0},{"damage":11.0,"enemies":"2 Thieves","floor":20.0,"turns":3.0},{"damage":17.0,"enemies":"Centurion and Healer","floor":22.0,"turns":4.0},{"damage":24.0,"enemies":"Slavers","floor":23.0,"turns":4.0},{"damage":0.0,"enemies":"Chosen and Byrds","floor":24.0,"turns":6.0},{"damage":15.0,"enemies":"Gremlin Leader","floor":25.0,"turns":5.0},{"damage":0.0,"enemies":"Slavers","floor":27.0,"turns":3.0},{"damage":4.0,"enemies":"Cultist and Chosen","floor":28.0,"turns":6.0},{"damage":17.0,"enemies":"Book of Stabbing","floor":31.0,"turns":4.0},{"damage":17.0,"enemies":"Collector","floor":33.0,"turns":8.0},{"damage":10.0,"enemies":"Orb Walker","floor":35.0,"turns":3.0},{"damage":17.0,"enemies":"2 Orb Walkers","floor":36.0,"turns":4.0},{"damage":3.0,"enemies":"3 Shapes","floor":38.0,"turns":5.0},{"damage":3.0,"enemies":"Nemesis","floor":40.0,"turns":5.0},{"damage":0.0,"enemies":"Reptomancer","floor":42.0,"turns":5.0},{"damage":0.0,"enemies":"Nemesis","floor":45.0,"turns":5.0},{"damage":0.0,"enemies":"3 Darklings","floor":47.0,"turns":4.0},{"damage":2.0,"enemies":"Giant Head","floor":48.0,"turns":7.0},{"damage":9.0,"enemies":"Donu and Deca","floor":50.0,"turns":6.0},{"damage":8.0,"enemies":"Time Eater","floor":51.0,"turns":8.0},{"damage":41.0,"enemies":"Shield and Spear","floor":55.0,"turns":5.0},{"damage":31,"enemies":"The Heart","floor":56,"turns":8}],"seed_played":"-8006212728312352173","potions_obtained":[{"floor":4.0,"key":"CunningPotion"},{"floor":8.0,"key":"DistilledChaos"},{"floor":10.0,"key":"Fire Potion"},{"floor":12.0,"key":"Poison Potion"},{"floor":14.0,"key":"Swift Potion"},{"floor":16.0,"key":"FairyPotion"},{"floor":18.0,"key":"Dexterity Potion"},{"floor":20.0,"key":"ColorlessPotion"},{"floor":22.0,"key":"Block Potion"},{"floor":23.0,"key":"Block Potion"},{"floor":25.0,"key":"GamblersBrew"},{"floor":27.0,"key":"Swift Potion"},{"floor":28.0,"key":"Dexterity Potion"},{"floor":31.0,"key":"SkillPotion"},{"floor":33.0,"key":"ColorlessPotion"},{"floor":35.0,"key":"Strength Potion"},{"floor":36.0,"key":"LiquidMemories"},{"floor":38.0,"key":"Block Potion"},{"floor":40.0,"key":"LiquidBronze"},{"floor":42.0,"key":"Strength Potion"},{"floor":47.0,"key":"Ancient Potion"},{"floor":55.0,"key":"Regen Potion"}],"is_trial":false,"path_per_floor":["M","$","M","M","M","E","?","E","T","E","R","M","R","E","R","B",null,"M","?","M","$","M","E","M","E","T","E","M","R","?","E","R","B",null,"M","?","$","M","T","E","R","E","T","R","E","R","M","E","R","B","B",null,"R","$","E","B",null],"character_chosen":"THE_SILENT","items_purchased":["Outmaneuver","Well Laid Plans","Wraith Form v2","EntropicBrew","Toolbox","Noxious Fumes","Dead Branch","BlessingOfTheForge"],"campfire_rested":3,"item_purchase_floors":[2,2,21,21,37,37,54,54],"current_hp_per_floor":[52,52,51,51,44,39,55,40,40,28,28,27,46,27,27,21,55,55,55,44,44,27,3,3,18,18,18,14,36,51,34,56,39,67,57,40,40,37,37,34,34,34,34,34,34,34,34,32,32,23,15,61,61,61,20,4],"gold":29,"neow_bonus":"BOSS_RELIC","is_daily":false,"chose_seed":false,"campfire_upgraded":6,"win_rate":0.0,"timestamp":1614017319,"path_taken":["M","$","M","M","M","E","?","E","T","E","R","M","R","E","R","BOSS","M","?","M","$","M","E","M","E","T","E","?","R","?","E","R","BOSS","M","?","?","M","?","E","R","E","T","R","E","R","M","E","R","BOSS","BOSS","R","$","E","BOSS"],"items_purchased_type":["Card","Card","Card","Potion","Relic","Card","Relic","Potion"],"build_version":"2020-12-22","purchased_purges":1,"victory":true,"max_hp_per_floor":[66,66,66,66,66,66,66,66,66,66,66,66,66,66,66,66,66,66,66,66,66,66,66,66,76,76,76,76,76,76,76,76,76,76,76,76,76,76,76,76,76,76,76,76,76,76,76,76,76,76,76,76,76,76,76,76],"relic_stats":{"Happy Flower":[17],"Torii":0,"counters":[32,150],"Astrolabe":["Poisoned Stab","Expertise","Corpse Explosion"],"Dead Branch":[17],"HoveringKite":[81],"StoneCalendar":[126],"Pen Nib":[16],"Bag of Preparation":[14],"Orichalcum":[120],"Smiling Mask":10,"MawBank":72,"Boot":[5],"Sundial":[4],"obtain_stats":[{"Potion Belt":9,"Pear":25,"The Specimen":14,"Happy Flower":39,"Torii":45,"Astrolabe":0,"Dead Branch":54,"HoveringKite":17,"Oddly Smooth Stone":23,"StoneCalendar":36,"Pen Nib":10,"The Courier":26,"Bag of Preparation":42,"Orichalcum":31,"Smiling Mask":8,"Ancient Tea Set":27,"MawBank":48,"Boot":55,"White Beast Statue":6,"Sundial":40,"Toolbox":37,"Coffee Dripper":34,"Ring of the Snake":0},{"Potion Belt":6,"Pear":16,"The Specimen":9,"Happy Flower":23,"Torii":26,"Astrolabe":0,"Dead Branch":30,"HoveringKite":10,"Oddly Smooth Stone":14,"StoneCalendar":22,"Pen Nib":7,"The Courier":16,"Bag of Preparation":25,"Orichalcum":19,"Smiling Mask":6,"Ancient Tea Set":17,"MawBank":28,"Boot":31,"White Beast Statue":5,"Sundial":24,"Toolbox":22,"Coffee Dripper":20,"Ring of the Snake":0},{"Potion Belt":22,"Pear":64,"The Specimen":34,"Happy Flower":97,"Torii":112,"Astrolabe":0,"Dead Branch":137,"HoveringKite":41,"Oddly Smooth Stone":53,"StoneCalendar":92,"Pen Nib":26,"The Courier":64,"Bag of Preparation":107,"Orichalcum":77,"Smiling Mask":22,"Ancient Tea Set":67,"MawBank":123,"Boot":142,"White Beast Statue":16,"Sundial":102,"Toolbox":92,"Coffee Dripper":85,"Ring of the Snake":0}]},"card_choices":[{"not_picked":["Backflip","Distraction"],"picked":"Blade Dance","floor":1.0},{"not_picked":["Dagger Throw","Poisoned Stab"],"picked":"Predator","floor":3.0},{"not_picked":["Dagger Throw","Dagger Spray"],"picked":"Predator","floor":4.0},{"not_picked":["Acrobatics","Backflip"],"picked":"Blur","floor":5.0},{"not_picked":["Tactician","Underhanded Strike"],"picked":"Tools of the Trade","floor":6.0},{"not_picked":["Crippling Poison","Infinite Blades"],"picked":"Catalyst","floor":8.0},{"not_picked":["Dodge and Roll","Blade Dance"],"picked":"PiercingWail","floor":10.0},{"not_picked":["Slice","Finisher","Dagger Spray"],"picked":"SKIP","floor":12.0},{"not_picked":["Storm of Steel","Acrobatics","Slice"],"picked":"SKIP","floor":14.0},{"not_picked":["Glass Knife","Tools of the Trade"],"picked":"Bullet Time","floor":16.0},{"not_picked":["Riddle With Holes","Poisoned Stab"],"picked":"Dash","floor":18.0},{"not_picked":["Sucker Punch","Outmaneuver"],"picked":"Tactician","floor":20.0},{"not_picked":["Dash","Flying Knee","Accuracy"],"picked":"SKIP","floor":22.0},{"not_picked":["Quick Slash+1","Outmaneuver"],"picked":"Deflect+1","floor":23.0},{"not_picked":["Corpse Explosion","Dagger Throw"],"picked":"Outmaneuver","floor":24.0},{"not_picked":["Reflex","Noxious Fumes"],"picked":"Tactician","floor":25.0},{"not_picked":["Accuracy","Deadly Poison"],"picked":"Acrobatics","floor":27.0},{"not_picked":["Acrobatics","Dash"],"picked":"Footwork","floor":28.0},{"not_picked":["Glass Knife","Predator"],"picked":"PiercingWail","floor":31.0},{"not_picked":["Outmaneuver+1","Cloak And Dagger+1"],"picked":"Leg Sweep","floor":35.0},{"not_picked":["Predator","Expertise"],"picked":"Well Laid Plans","floor":36.0},{"not_picked":["Outmaneuver","Masterful Stab"],"picked":"Acrobatics","floor":38.0},{"not_picked":["Underhanded Strike","Flying Knee"],"picked":"Prepared+1","floor":40.0},{"not_picked":["Dodge and Roll","Slice+1","Bane"],"picked":"SKIP","floor":42.0},{"not_picked":["Acrobatics","Flechettes"],"picked":"Concentrate","floor":45.0},{"not_picked":["Deflect","Dagger Throw+1"],"picked":"Venomology","floor":47.0},{"not_picked":["Quick Slash","Distraction+1"],"picked":"Reflex","floor":48.0},{"not_picked":["Dagger Spray","Dodge and Roll+1"],"picked":"Reflex","floor":55.0}],"player_experience":4980522,"relics_obtained":[{"floor":6.0,"key":"White Beast Statue"},{"floor":8.0,"key":"Smiling Mask"},{"floor":9.0,"key":"Potion Belt"},{"floor":10.0,"key":"Pen Nib"},{"floor":14.0,"key":"The Specimen"},{"floor":23.0,"key":"Oddly Smooth Stone"},{"floor":25.0,"key":"Pear"},{"floor":26.0,"key":"The Courier"},{"floor":27.0,"key":"Ancient Tea Set"},{"floor":31.0,"key":"Orichalcum"},{"floor":36.0,"key":"StoneCalendar"},{"floor":39.0,"key":"Happy Flower"},{"floor":40.0,"key":"Sundial"},{"floor":42.0,"key":"Bag of Preparation"},{"floor":45.0,"key":"Torii"},{"floor":48.0,"key":"MawBank"},{"floor":55.0,"key":"Boot"}],"event_choices":[{"damage_healed":16.0,"max_hp_gain":0.0,"max_hp_loss":0.0,"gold_gain":0.0,"event_name":"The Cleric","player_choice":"Healed","floor":7.0,"gold_loss":35.0,"damage_taken":0.0},{"damage_healed":0.0,"max_hp_gain":0.0,"max_hp_loss":0.0,"gold_gain":0.0,"event_name":"Duplicator","player_choice":"Copied","floor":19.0,"gold_loss":0.0,"damage_taken":0.0,"cards_obtained":["Catalyst"]},{"damage_healed":15.0,"max_hp_gain":0.0,"max_hp_loss":0.0,"gold_gain":0.0,"event_name":"The Library","player_choice":"Heal","floor":30.0,"gold_loss":0.0,"damage_taken":0.0},{"damage_healed":0.0,"max_hp_gain":0.0,"max_hp_loss":0.0,"gold_gain":0.0,"event_name":"Mysterious Sphere","player_choice":"Fight","floor":36.0,"gold_loss":0.0,"damage_taken":0.0}],"is_beta":false,"boss_relics":[{"not_picked":["Tiny House","Ectoplasm"],"picked":"HoveringKite"},{"not_picked":["Empty Cage","Sozu"],"picked":"Coffee Dripper"}],"items_purged_floors":[37],"is_endless":false,"potions_floor_spawned":[4,8,10,12,14,16,18,20,22,23,24,25,27,28,31,33,35,36,38,40,42,45,47,48,55],"ascension_level":20}}