{"host":"ndqkyrxelzss439h","time":1614017428,"event":{"mods":["100% Spire Juice","2.2 Compatiblity","ATMod(??Mod)","Act Like it!","BaseMod","Better Third Choice","Colored Map","Colored Powertips","Hallownest","Highlight Path","Minty Spire (QoL Compilation)","Permanent Neow","Quick Restart","Replay The Spire","StSLib","The Bug Knight"],"gold_per_floor":[116,116,128,128,148,148,28,28,54,72,101,101,128,152,164,176,176],"floor_reached":16,"language":"ENG","playtime":973,"items_purged":["HollowMod:NailStrikeStart"],"score":110,"play_id":"f6d6b9c7-4c49-4d2a-ae8d-53082e098cb2","local_time":"20210222131028","is_ascension_mode":false,"campfire_choices":[{"data":"HollowMod:CornifersMapStart","floor":6,"key":"SMITH"},{"data":"HollowMod:FocusHealStart","floor":8,"key":"SMITH"},{"data":"HollowMod:CycloneSlash","floor":12,"key":"SMITH"},{"data":"HollowMod:MonarchWings","floor":15,"key":"SMITH"}],"circlet_count":0,"master_deck":["HollowMod:NailStrikeStart","HollowMod:NailStrikeStart","HollowMod:NailStrikeStart","HollowMod:QuickDashStart","HollowMod:QuickDashStart","HollowMod:QuickDashStart","HollowMod:QuickDashStart","HollowMod:FocusHealStart+1","HollowMod:PogoStrike","HollowMod:HowlingWraiths","HollowMod:CornifersMapStart+1","HollowMod:ChannelNail","HollowMod:SoulStrike","HollowMod:CycloneSlash","HollowMod:CycloneSlash+1","HollowMod:MonarchWings+1"],"relics":["HollowMod:VesselMask","AT_ATBox","NeowsBlessing","Hallownest:DreamNailRelic","Hallownest:SalubrasBlessingRelic","Replay:Wax Seal","MawBank"],"acts_visited":["Hallownest:Greenpath"],"potions_floor_usage":[13,13,13,13,16,16],"damage_taken":[{"damage":0,"enemies":"Hallownest:2_MossCreeps","floor":1,"turns":1},{"damage":0,"enemies":"Hallownest:2_Tiktiks_and_1_Crawlid","floor":3,"turns":1},{"damage":0,"enemies":"Hallownest:monsterHuskWarrior","floor":5,"turns":1},{"damage":18,"enemies":"Hallownest:Guard_and_Warrior","floor":10,"turns":6},{"damage":11,"enemies":"Hallownest:eliteVengeflyKing","floor":11,"turns":7},{"damage":15,"enemies":"Hallownest:eliteMossKnight","floor":13,"turns":7},{"damage":8,"enemies":"Hallownest:monsterFoolEater","floor":14,"turns":3},{"damage":101,"enemies":"Hallownest:BossHornet","floor":16,"turns":12}],"seed_played":"6458410709951335914","potions_obtained":[{"floor":3,"key":"Swift Potion"},{"floor":5,"key":"EntropicBrew"},{"floor":10,"key":"Regen Potion"},{"floor":14,"key":"SteroidPotion"}],"is_trial":false,"path_per_floor":["M","?","M","?","M","R","$","R","T","M","E","R","E","M","R","B"],"character_chosen":"THE_BUGKNIGHT","items_purchased":["HollowMod:SoulStrike"],"campfire_rested":0,"item_purchase_floors":[7],"current_hp_per_floor":[75,75,75,75,75,75,75,75,75,67,66,66,72,64,64,0,0],"gold":176,"neow_bonus":"THREE_ENEMY_KILL","is_daily":false,"chose_seed":false,"campfire_upgraded":4,"win_rate":0.0,"timestamp":1614017428,"path_taken":["M","?","?","?","M","R","?","R","T","?","E","R","E","M","R","BOSS"],"items_purchased_type":["Card"],"build_version":"2020-12-22","purchased_purges":1,"victory":false,"max_hp_per_floor":[75,75,75,75,75,75,75,75,75,75,75,75,75,75,75,75,75],"card_choices":[{"not_picked":["HollowMod:VengefulVoid","HollowMod:CrystalDash"],"picked":"HollowMod:HowlingWraiths","floor":1},{"not_picked":["HollowMod:MawleksShell","HollowMod:InfectedAttack"],"picked":"HollowMod:CornifersMapStart","floor":3},{"not_picked":["HollowMod:InfectedAttack","HollowMod:CrystalDash"],"picked":"HollowMod:ChannelNail","floor":5},{"not_picked":["HollowMod:CornifersMapStart","HollowMod:InfectedAttack"],"picked":"HollowMod:CycloneSlash","floor":10},{"not_picked":["HollowMod:ChannelNail","HollowMod:SharpenedNail"],"picked":"HollowMod:CycloneSlash","floor":11},{"not_picked":["HollowMod:ZotesMagnificence","HollowMod:DoubleDash","HollowMod:HeavyBlow"],"picked":"SKIP","floor":13},{"not_picked":["HollowMod:MawleksShell","HollowMod:SoulEater"],"picked":"HollowMod:MonarchWings","floor":14}],"player_experience":93252,"relics_obtained":[{"floor":9,"key":"Replay:Wax Seal"},{"floor":13,"key":"MawBank"}],"event_choices":[],"is_beta":false,"boss_relics":[],"items_purged_floors":[7],"is_endless":false,"potions_floor_spawned":[3,5,10,14],"killed_by":"Hallownest:BossHornet","ascension_level":0}}