{"host":"92108ef2q9tm8rod","time":1614006023,"event":{"mods":["BaseMod","Defuse TimeMaze Blight","Minty Spire (QoL Compilation)","StSLib","The Jungle"],"gold_per_floor":[112,112,130,144,144,177,205,205,254,254,254,292,292,306,306,418,418,432,432,357,369,369,405,405,405,405,405,430,252,277,288,288,396,396,407,426,426,439,451,451,480,498,525,525,553,553,553,566,566,566],"floor_reached":51,"language":"ENG","playtime":1982,"items_purged":["Dodge and Roll","Poisoned Stab"],"score":1181,"play_id":"6c168f9f-f654-412c-bfd5-0c0d99fa83c2","local_time":"20210222150023","daily_mods":["SealedDeck","Colorless Cards","Heirloom","Flight"],"is_ascension_mode":false,"campfire_choices":[{"floor":8.0,"key":"REST"},{"data":"Catalyst","floor":10.0,"key":"SMITH"},{"data":"Blind","floor":11.0,"key":"SMITH"},{"data":"Noxious Fumes","floor":13.0,"key":"SMITH"},{"data":"Tactician","floor":15.0,"key":"SMITH"},{"data":"Venomology","floor":24.0,"key":"SMITH"},{"data":"Deadly Poison","floor":25.0,"key":"SMITH"},{"data":"Deflect","floor":27.0,"key":"SMITH"},{"data":"Corpse Explosion","floor":32.0,"key":"SMITH"},{"data":"Blur","floor":40,"key":"SMITH"},{"data":"Finesse","floor":49,"key":"SMITH"}],"circlet_count":0,"master_deck":["Impatience","Dark Shackles+1","Deflect+1","Catalyst+1","Blur+1","Bouncing Flask+1","Blind+1","Catalyst+1","Finesse+1","Deadly Poison+1","Corpse Explosion+1","Venomology+1","Madness+1","Adrenaline+1"],"relics":["Ring of the Snake","Thread and Needle","Gremlin Horn","Toy Ornithopter","CeramicFish","FossilizedHelix","StrikeDummy","Eternal Feather","Toxic Egg 2","Boot","Ginger","Empty Cage","Orichalcum","Art of War"],"acts_visited":["Exordium","Exordium","TheBeyond"],"potions_floor_usage":[38,39,41,42,45,48,50,50],"damage_taken":[{"damage":0.0,"enemies":"Jaw Worm","floor":1.0,"turns":3.0},{"damage":0.0,"enemies":"2 Louse","floor":3.0,"turns":3.0},{"damage":0.0,"enemies":"Cultist","floor":4.0,"turns":4.0},{"damage":0.0,"enemies":"Gremlin Nob","floor":6.0,"turns":3.0},{"damage":21.0,"enemies":"3 Sentries","floor":7.0,"turns":8.0},{"damage":0.0,"enemies":"Gremlin Nob","floor":12.0,"turns":3.0},{"damage":0.0,"enemies":"3 Louse","floor":14.0,"turns":3.0},{"damage":0.0,"enemies":"The Guardian","floor":16.0,"turns":4.0},{"damage":0.0,"enemies":"theJungle:Flameango_and_Byrd","floor":18.0,"turns":4.0},{"damage":0.0,"enemies":"theJungle:MUSHROOMGANG","floor":21.0,"turns":3.0},{"damage":0.0,"enemies":"theJungle:2_Phrogs","floor":23.0,"turns":3.0},{"damage":0.0,"enemies":"theJungle:Cassacara","floor":28.0,"turns":3.0},{"damage":0.0,"enemies":"theJungle:MamaSnecko","floor":30.0,"turns":4.0},{"damage":0.0,"enemies":"theJungle:2_Snecko_Cultists","floor":31.0,"turns":2.0},{"damage":0.0,"enemies":"theJungle:QueenSpyder","floor":33.0,"turns":6.0},{"damage":0.0,"enemies":"3 Shapes","floor":35.0,"turns":2.0},{"damage":0.0,"enemies":"3 Darklings","floor":36.0,"turns":2.0},{"damage":0,"enemies":"Sphere and 2 Shapes","floor":38,"turns":2},{"damage":0,"enemies":"Jaw Worm Horde","floor":39,"turns":2},{"damage":0,"enemies":"Nemesis","floor":41,"turns":3},{"damage":0,"enemies":"Writhing Mass","floor":42,"turns":1},{"damage":0,"enemies":"Giant Head","floor":45,"turns":4},{"damage":0,"enemies":"Spire Growth","floor":48,"turns":3},{"damage":0,"enemies":"Time Eater","floor":50,"turns":3}],"seed_played":"-8714753535639147415","potions_obtained":[{"floor":1.0,"key":"FearPotion"},{"floor":3.0,"key":"SneckoOil"},{"floor":4.0,"key":"EssenceOfSteel"},{"floor":14.0,"key":"DuplicationPotion"},{"floor":21.0,"key":"PowerPotion"},{"floor":23.0,"key":"CunningPotion"},{"floor":33.0,"key":"ColorlessPotion"},{"floor":36.0,"key":"ColorlessPotion"},{"floor":48,"key":"PowerPotion"}],"is_trial":true,"path_per_floor":["M","?","M","M","?","E","E","R","T","R","R","E","R","M","R","B",null,"M","T","$","M","?","E","R","R","T","R","E","$","E","M","R","B",null,"M","M","$","M","M","R","E","M","T","?","E","$","$","M","R","B",null],"character_chosen":"THE_SILENT","items_purchased":["Madness+1"],"campfire_rested":1,"item_purchase_floors":[29],"current_hp_per_floor":[70,56,56,56,56,56,35,56,56,56,56,56,56,56,56,61,70,70,70,70,70,70,70,70,70,70,70,70,70,70,70,70,70,70,70,70,70,70,70,70,70,70,70,70,70,70,70,70,70,70],"gold":566,"neow_bonus":"","is_daily":false,"chose_seed":false,"campfire_upgraded":10,"win_rate":0.0,"timestamp":1614006023,"path_taken":["M","?","M","M","?","E","E","R","T","R","R","E","R","M","R","BOSS","M","?","$","M","?","E","R","R","T","R","E","$","E","M","R","BOSS","M","M","$","M","M","R","E","M","T","?","E","$","$","M","R","BOSS"],"items_purchased_type":["Card"],"build_version":"2020-12-22","purchased_purges":2,"victory":true,"max_hp_per_floor":[70,70,70,70,70,70,70,70,70,70,70,70,70,70,70,70,70,70,70,70,70,70,70,70,70,70,70,70,70,70,70,70,70,70,70,70,70,70,70,70,70,70,70,70,70,70,70,70,70,70],"card_choices":[{"not_picked":["Poisoned Stab","Dagger Throw"],"picked":"Bouncing Flask","floor":1.0},{"not_picked":["Discovery","Outmaneuver"],"picked":"Blind","floor":3.0},{"not_picked":["Underhanded Strike","Outmaneuver"],"picked":"Catalyst","floor":4.0},{"not_picked":["Thinking Ahead","Sucker Punch","Outmaneuver"],"picked":"SKIP","floor":6.0},{"not_picked":["Dagger Spray","Doppelganger"],"picked":"Finesse","floor":7.0},{"not_picked":["Underhanded Strike","Cloak And Dagger"],"picked":"Deadly Poison","floor":12.0},{"not_picked":["Deflect","Blade Dance","Calculated Gamble"],"picked":"SKIP","floor":14.0},{"not_picked":["Apotheosis","Adrenaline"],"picked":"Corpse Explosion","floor":16.0},{"not_picked":["Blade Dance","Deflect","Underhanded Strike"],"picked":"SKIP","floor":18.0},{"not_picked":["Dagger Throw","Acrobatics+1","Backflip+1"],"picked":"SKIP","floor":21.0},{"not_picked":["Acrobatics","Expertise"],"picked":"Venomology","floor":23.0},{"not_picked":["Outmaneuver+1","Cloak And Dagger+1","Blade Dance+1"],"picked":"SKIP","floor":28.0},{"not_picked":["Underhanded Strike","Blade Dance+1","PiercingWail+1"],"picked":"SKIP","floor":30.0},{"not_picked":["Masterful Stab+1","Outmaneuver+1","Poisoned Stab+1"],"picked":"SKIP","floor":31.0},{"not_picked":["Unload","Apotheosis+1"],"picked":"Adrenaline+1","floor":33.0},{"not_picked":["Crippling Poison+1","Mind Blast","Bane+1"],"picked":"SKIP","floor":35.0},{"not_picked":["Dagger Spray+1","Backstab+1","Sucker Punch"],"picked":"SKIP","floor":36.0},{"not_picked":["Quick Slash+1","Outmaneuver+1","Poisoned Stab"],"picked":"SKIP","floor":38},{"not_picked":["Dodge and Roll+1","Underhanded Strike+1","Apotheosis+1"],"picked":"SKIP","floor":39},{"not_picked":["PiercingWail+1","Infinite Blades+1","Quick Slash+1"],"picked":"SKIP","floor":41},{"not_picked":["Underhanded Strike+1","Deflect+1","Poisoned Stab+1"],"picked":"SKIP","floor":42},{"not_picked":["Catalyst+1","Crippling Poison+1","Dramatic Entrance+1"],"picked":"SKIP","floor":45},{"not_picked":["Quick Slash+1","Violence+1","Dodge and Roll+1"],"picked":"SKIP","floor":48}],"player_experience":3445016,"relics_obtained":[{"floor":6.0,"key":"Gremlin Horn"},{"floor":7.0,"key":"Toy Ornithopter"},{"floor":9.0,"key":"CeramicFish"},{"floor":12.0,"key":"FossilizedHelix"},{"floor":19.0,"key":"StrikeDummy"},{"floor":23.0,"key":"Eternal Feather"},{"floor":26.0,"key":"Toxic Egg 2"},{"floor":28.0,"key":"Boot"},{"floor":30.0,"key":"Ginger"},{"floor":43,"key":"Orichalcum"},{"floor":45,"key":"Art of War"}],"event_choices":[{"damage_healed":0.0,"max_hp_gain":0.0,"max_hp_loss":0.0,"gold_gain":0.0,"event_name":"Shining Light","player_choice":"Entered Light","floor":2.0,"gold_loss":0.0,"damage_taken":14.0,"cards_upgraded":["Dark Shackles","Bouncing Flask"]},{"damage_healed":0.0,"max_hp_gain":0.0,"max_hp_loss":0.0,"gold_gain":0.0,"event_name":"Accursed Blacksmith","player_choice":"Forge","floor":5.0,"gold_loss":0.0,"damage_taken":0.0,"cards_upgraded":["Catalyst"]},{"cards_removed":["Noxious Fumes"],"damage_healed":0,"gold_gain":0,"player_choice":"Removed Power","damage_taken":0,"max_hp_gain":0,"max_hp_loss":0,"event_name":"Falling","floor":44,"gold_loss":0}],"is_beta":false,"boss_relics":[{"not_picked":["Fusion Hammer","Calling Bell","Cursed Key"]},{"not_picked":["Snecko Eye","Tiny House"],"picked":"Empty Cage"}],"items_purged_floors":[20,29],"is_endless":false,"potions_floor_spawned":[1,3,4,14,21,23,30,33,36,41,48],"ascension_level":0}}