{"host":"fa9lu700uj5rxl8c","time":1614032881,"event":{"mods":["2.2 Compatiblity","A Penny For Your Troubles","AchievementEnabler","Act Like it!","AlwaysNeverKeys","Aspiration","Bard","BaseMod","Beaked The Cultist","Better Altar","Better Match","Better Note","Better Sensory Stone","Better Silent Start","Better Skull","Better Third Choice","BetterRewards","Bossed Relics","CCEM2","ChefMod","Colored Map","Colored Powertips","Conspire","Curses Come First","Displayed Cursed Tome","Downfall","Energized Spire","Friendly Minions","FruityMod","Gensokyo","GifTheSpireLib","Hallownest","Hermit","Infinite Spire","Ironclad Rager","Jorbs\u0027s Wanderer Trilogy","Luminous","Mad Scientist","Minty Spire (QoL Compilation)","Permanent Neow","Quarter Circle Forward PUNCH!","Random Character Button","Reliquary","Reorder Act Four","Replay The Spire","Robot Space Explorer","Ruina","Shop Mod","Spicy Shops","Spikes Relics","Spire Arcade","StSLib","Stuff the Spire","SuperFastMode","The Blackbeard","The Blue Laboratory","The Bug Knight","The Construct","The Cursed","The Disciple","The Exalted","The Forsaken","The Hierophant","The IronCluck","The Judge","The Juggernuat","The Marked","The Mystic","The Necromancer","The Runesmith","The Sage","The Saiyan","TheBandit","TheFirefly","Transform Curses","Wandering Minibosses"],"gold_per_floor":[111,122,140,154,171,202,202,202,202,202,227,246,256,11,11,108,108,62,62,74,74,74,74,828,828,828,862,877,802,817,846,846,846,846],"floor_reached":33,"language":"ENG","playtime":1798,"items_purged":[],"score":424,"play_id":"09126c58-cb72-4bbf-9405-96904dc0a4a0","local_time":"20210222232801","is_ascension_mode":false,"campfire_choices":[{"data":"Luminous:Lunar_Tide_Luminous","floor":7,"key":"SMITH"},{"floor":15,"key":"DIG"},{"floor":23,"key":"REST"},{"data":"infinitespire:Collect","floor":32,"key":"SMITH"}],"circlet_count":0,"master_deck":["Luminous:Light_Flash_Shower","Luminous:Light_Flash_Shower","Luminous:Dark_Abyssal_Drop","Luminous:Dark_Abyssal_Drop","Luminous:Dark_Abyssal_Drop+1","Luminous:Defend_Luminous","Luminous:Defend_Luminous","Luminous:Defend_Luminous","Luminous:Defend_Luminous","Luminous:Switch_Luminous","Luminous:Dark_Raid+1","Luminous:Lunar_Tide_Luminous+1","Luminous:Flash_Blink_Luminous","Luminous:Light_Glare","Luminous:Dark_Apocalypse","Luminous:Dark_Moonlight_Spear+1","Luminous:Shadow_Shell_Luminous","Luminous:Dark_Apocalypse","Luminous:Shadow_Shell_Luminous","After Image","RobotSpaceExplorer:StarDust+1","Luminous:Fast_Spell_Luminous","Luminous:Arcane_Rage_Luminous","Luminous:Dark_Extract","infinitespire:Collect+1","Luminous:Magic_Boost_Luminous+1","infinitespire:Fortify","Luminous:Balance_Baptism","StuffTheSpire:BrainWave","Luminous:Balance_Liberation_Orb","Luminous:Light_Sylvan_Lance","Luminous:Concentrate_Luminous","Luminous:Equalize_Luminous"],"relics":["Luminous:MirrorRelic","Chemical X","conspire:Boomerang","SpikesRelics:DaevaFist","MerchantsRug","Bronze Scales","reliquary:Knoch","Luminous:BlackBlessingRelic","qcfpunch:Army_Boots","White Beast Statue","energizedSpire:SpiderWeb","ReplayTheSpireMod:Ring of Collecting","Ring of Peace","ReplayTheSpireMod:DimensionalGlitch","wanderingMiniBosses:MasterThiefsPresence","Ring of Misfortune","Chameleon Ring","reliquary:Stiletto","infinitespire:PuzzleCube"],"acts_visited":["Exordium","TheCity"],"potions_floor_usage":[5,13,16,24,27,28,33],"damage_taken":[{"damage":0,"enemies":"Cultist","floor":1,"turns":3},{"damage":2,"enemies":"Jaw Worm","floor":2,"turns":3},{"damage":0,"enemies":"Small Slimes","floor":3,"turns":3},{"damage":9,"enemies":"Exordium Wildlife","floor":4,"turns":4},{"damage":14,"enemies":"Large Slime","floor":5,"turns":5},{"damage":32,"enemies":"Replay:BlueRogue","floor":6,"turns":8},{"damage":5,"enemies":"HollowMod:MossKnight","floor":11,"turns":6},{"damage":0,"enemies":"3 Louse","floor":12,"turns":1},{"damage":0,"enemies":"Exordium Wildlife","floor":13,"turns":1},{"damage":0,"enemies":"Slime Boss","floor":16,"turns":5},{"damage":26,"enemies":"3 Byrds","floor":18,"turns":6},{"damage":13,"enemies":"Spheric Guardian","floor":20,"turns":4},{"damage":7,"enemies":"Snake Plant","floor":24,"turns":5},{"damage":0,"enemies":"Replay:Snechameleon","floor":27,"turns":6},{"damage":0,"enemies":"3 Cultists","floor":28,"turns":5},{"damage":0,"enemies":"Cultist and Chosen","floor":30,"turns":3},{"damage":0,"enemies":"conspire:Head Lice","floor":31,"turns":6},{"damage":33,"enemies":"conspire:MysteriousRune","floor":33,"turns":4}],"seed_played":"7161085296590716197","potions_obtained":[{"floor":2,"key":"ColorlessPotion"},{"floor":4,"key":"LiquidBronze"},{"floor":5,"key":"DuplicationPotion"},{"floor":13,"key":"Strength Potion"},{"floor":16,"key":"BlessingOfTheForge"},{"floor":18,"key":"Fire Potion"},{"floor":24,"key":"Energy Potion"},{"floor":27,"key":"ColorlessPotion"},{"floor":28,"key":"blueLaboratory:Moonshine"},{"floor":30,"key":"LiquidBronze"}],"is_trial":false,"path_per_floor":["M","M","M","M","M","E","R","?","T","?","E","M","M","$","R_BF","B",null,"M","?","M","?","AVR","R","M","?","T","E","M","?","M","E","R","B"],"character_chosen":"LuminousClass","items_purchased":["Chemical X","conspire:Boomerang","SpikesRelics:DaevaFist","Luminous:Dark_Raid+1","Luminous:Lunar_Tide_Luminous","Luminous:Flash_Blink_Luminous","MerchantsRug","White Beast Statue"],"campfire_rested":1,"item_purchase_floors":[0,0,0,0,0,0,0,14],"current_hp_per_floor":[75,73,73,64,54,22,22,14,14,14,9,9,9,9,9,9,75,49,30,17,17,17,39,32,32,32,32,32,32,32,32,32,0,0],"gold":846,"neow_bonus":"","is_daily":false,"chose_seed":false,"campfire_upgraded":2,"win_rate":0.0,"timestamp":1614032881,"path_taken":["M","M","M","M","?","E","R","?","T","?","E","?","M","$","R_BF","BOSS","M","?","M","?","AVR","R","M","?","T","E","?","?","M","E","R","BOSS"],"items_purchased_type":["Relic","Relic","Relic","Card","Card","Card","Relic","Relic"],"build_version":"2020-12-22","purchased_purges":0,"victory":false,"max_hp_per_floor":[75,75,75,75,75,75,75,75,75,75,75,75,75,75,75,75,75,75,75,75,75,75,75,75,75,75,75,75,75,75,75,75,75,75],"card_choices":[{"not_picked":["Luminous:Accumulation_Luminous","Luminous:Light_Reflection"],"picked":"Luminous:Light_Glare","floor":1},{"not_picked":["Luminous:Accumulation_Luminous","Luminous:Mirror_Force_Luminous"],"picked":"Luminous:Dark_Apocalypse","floor":2},{"not_picked":["Luminous:Light_Sylvan_Lance","Luminous:Reverse_Spell_Luminous"],"picked":"Luminous:Dark_Moonlight_Spear","floor":3},{"not_picked":["Luminous:Mana_Barrier_Luminous","Luminous:Abyss_Heart_Luminous"],"picked":"Luminous:Shadow_Shell_Luminous","floor":4},{"not_picked":["Luminous:Dark_Arcane_Pitch","Luminous:Dark_Raid"],"picked":"Luminous:Dark_Apocalypse","floor":5},{"not_picked":["Luminous:Light_Sylvan_Lance","Luminous:Light_Gather"],"picked":"Luminous:Shadow_Shell_Luminous","floor":6},{"not_picked":["Luminous:Light_Disperse","Luminous:Accumulation_Luminous","Luminous:Dark_Raid"],"picked":"SKIP","floor":11},{"not_picked":["Luminous:Magic_Accelerate_Luminous","Luminous:Dark_Dim_Erosion"],"picked":"Luminous:Fast_Spell_Luminous","floor":12},{"not_picked":["Luminous:Light_Gather","Luminous:Switch_Luminous","Luminous:Blinding_Pillar_Luminous"],"picked":"SKIP","floor":13},{"not_picked":["Luminous:Chaos_Field_Luminous","Luminous:Light_White_Aria"],"picked":"Luminous:Arcane_Rage_Luminous","floor":16},{"not_picked":["Luminous:Switch_Luminous","Luminous:Light_Disperse+1"],"picked":"Luminous:Dark_Extract","floor":18},{"not_picked":["ReplayTheSpireMod:Haul","infinitespire:FutureSight"],"picked":"infinitespire:Collect","floor":19},{"not_picked":["Luminous:Hero_Will_Luminous","Luminous:Light_Wash_Luminous"],"picked":"Luminous:Magic_Boost_Luminous+1","floor":20},{"not_picked":["Luminous:Light_Sylvan_Lance","Luminous:Flash_Blink_Luminous"],"picked":"Luminous:Balance_Baptism","floor":24},{"not_picked":["StuffTheSpire:Innocence","StuffTheSpire:Perfection"],"picked":"StuffTheSpire:BrainWave","floor":25},{"not_picked":["Luminous:Erosion_Luminous","Luminous:Sympathy_Luminous"],"picked":"Luminous:Balance_Liberation_Orb","floor":27},{"not_picked":["Luminous:Light_Gather+1","Luminous:Light_Glare"],"picked":"Luminous:Light_Sylvan_Lance","floor":28},{"not_picked":["Luminous:Light_Gather","Luminous:Mana_Well_Luminous+1"],"picked":"Luminous:Concentrate_Luminous","floor":30},{"not_picked":["Luminous:Light_Wash_Luminous","Luminous:Light_Gather"],"picked":"Luminous:Equalize_Luminous","floor":31}],"player_experience":507639,"relics_obtained":[{"floor":6,"key":"Bronze Scales"},{"floor":9,"key":"Luminous:BlackBlessingRelic"},{"floor":11,"key":"qcfpunch:Army_Boots"},{"floor":15,"key":"qcfpunch:Wrestler\u0027s_Cloak"},{"floor":21,"key":"ReplayTheSpireMod:Ring of Collecting"},{"floor":21,"key":"Ring of Peace"},{"floor":24,"key":"wanderingMiniBosses:MasterThiefsPresence"},{"floor":26,"key":"Ring of Misfortune"},{"floor":26,"key":"Chameleon Ring"},{"floor":27,"key":"reliquary:Stiletto"},{"floor":31,"key":"infinitespire:PuzzleCube"}],"event_choices":[{"cards_removed":["After Image"],"damage_healed":0,"gold_gain":0,"player_choice":"Take \u0026 Give","damage_taken":0,"max_hp_gain":0,"max_hp_loss":0,"event_name":"betterNote:BetterNote","floor":10,"gold_loss":0,"cards_obtained":["RobotSpaceExplorer:StarDust"]},{"cards_removed":["Luminous:Light_Flash_Shower"],"damage_healed":0,"gold_gain":0,"player_choice":"Gave Gold","damage_taken":0,"max_hp_gain":0,"max_hp_loss":0,"event_name":"Beggar","floor":29,"gold_loss":75}],"is_beta":false,"boss_relics":[{"not_picked":["CosmicIsotope","Coffee Dripper"],"picked":"energizedSpire:SpiderWeb"}],"items_purged_floors":[],"is_endless":false,"potions_floor_spawned":[2,4,5,13,16,18,20,24,27,28,30,31],"killed_by":"conspire:MysteriousRune","ascension_level":0}}