{"host":"flm17o2q7bfjyna6","time":1614005901,"event":{"mods":["2.2 Compatiblity","Act Like it!","BaseMod","Better Altar","Better Match","Better Note","Better Sensory Stone","Better Skull","Better Third Choice","Better Vampires","Colored Map","Colored Powertips","DeckTracker","Downfall","Fox Events","Minty Spire (QoL Compilation)","Quick Restart","Replay The Spire","Reworked Bosses","Spicy Shops","StSLib","TheSwordswoman","Wandering Minibosses"],"gold_per_floor":[99,99,99,99,99,146,196,218,218,218,260,260,269,311,395,499,526,526,554,554,554,571,609,609,652,767,273,173,197,197,20,41,41,41,41],"floor_reached":33,"language":"ENG","playtime":1623,"items_purged":["champ:Strike"],"score":332,"play_id":"b13e91df-9a87-4553-b026-470d0be236ba","local_time":"20210222095821","is_ascension_mode":true,"campfire_choices":[{"data":"champ:Execute","floor":1,"key":"SMITH"},{"data":"champ:SkillfulDodge","floor":9,"key":"SMITH"},{"data":"champ:FanOfKnives","floor":12,"key":"SMITH"},{"data":"champ:EnchantSword","floor":18,"key":"SMITH"},{"data":"champ:GladiatorForm","floor":28,"key":"SMITH"},{"data":"champ:BringItOn","floor":30,"key":"SMITH"}],"circlet_count":0,"master_deck":["champ:Strike","champ:Defend","champ:Defend","champ:Defend","champ:Execute+1","champ:Taunt","champ:AdrenalArmor","champ:RisingSlash","champ:CalledShot","champ:SkillfulDodge+1","champ:FanOfKnives+1","Parasite","champ:BringItOn+1","champ:ArenaPreparation","champ:EnchantSword+1","champ:CrownThrow+1","champ:EnGarde+1","champ:Backstep+1","champ:StanceDance+1","champ:SwordSigil+1","champ:RageSigil+1","champ:Shatter+1","champ:GladiatorForm+1","champ:GutPunch+1","champ:AdrenalArmor+1","champ:FanOfKnives+1","champ:FlashCut+1","champ:EnchantCrown+1","champ:ShieldSigil+1","champ:DancingMaster"],"relics":["champ:ChampionCrown","downfall:HeartsMalice","CeramicFish","Oddly Smooth Stone","Mercury Hourglass","Pocketwatch","Replay:Mystery Machine","Astrolabe","Toxic Egg 2","Molten Egg 2","Happy Flower","Turnip","downfall:HeartBlessingGreen"],"acts_visited":["Exordium","TheCity"],"potions_floor_usage":[16,27,27,32],"damage_taken":[{"damage":0,"enemies":"Small Slimes","floor":2,"turns":1},{"damage":0,"enemies":"Cultist","floor":3,"turns":1},{"damage":0,"enemies":"Jaw Worm","floor":5,"turns":1},{"damage":50,"enemies":"3 Louse","floor":8,"turns":4},{"damage":36,"enemies":"Gremlin Nob","floor":11,"turns":4},{"damage":43,"enemies":"3 Sentries","floor":14,"turns":6},{"damage":51,"enemies":"downfall:LooterAlt","floor":15,"turns":5},{"damage":38,"enemies":"IC_STATUS_ARCHETYPE","floor":16,"turns":6},{"damage":0,"enemies":"downfall:LooterAlt2","floor":19,"turns":2},{"damage":28,"enemies":"Shell Parasite","floor":22,"turns":6},{"damage":79,"enemies":"Gremlin Leader","floor":23,"turns":9},{"damage":13,"enemies":"Replay:Snechameleon","floor":25,"turns":5},{"damage":44,"enemies":"3 Cultists","floor":26,"turns":7},{"damage":15,"enemies":"downfall:FleeingMerchant","floor":27,"turns":4},{"damage":49,"enemies":"Centurion and Healer","floor":29,"turns":4},{"damage":25,"enemies":"downfall:FleeingMerchant","floor":31,"turns":4},{"damage":22,"enemies":"Snake Plant","floor":32,"turns":5},{"damage":28,"enemies":"WA_ARCHETYPE_CALM","floor":33,"turns":5}],"seed_played":"8052849000840130730","potions_obtained":[{"floor":11,"key":"LifebloodPotion"},{"floor":14,"key":"Swift Potion"},{"floor":19,"key":"AttackPotion"},{"floor":21,"key":"Swift Potion"},{"floor":29,"key":"SkillPotion"},{"floor":32,"key":"BlessingOfTheForge"}],"is_trial":false,"path_per_floor":["R","M","M","?","M","T","T","M","R","T","E","R","?","E","M","B",null,"R","M","?","?","M","E","T","E","M","$","R","M","R","$","M","B"],"character_chosen":"THE_CHAMP","items_purchased":["Turnip","champ:GutPunch+1","champ:AdrenalArmor+1","champ:EnchantCrown+1","champ:ShieldSigil+1"],"campfire_rested":0,"item_purchase_floors":[27,27,27,31,31],"current_hp_per_floor":[90,90,90,75,75,75,75,60,60,60,39,39,61,53,42,44,90,90,90,90,90,77,48,48,45,45,35,35,35,35,25,13,0,0,0],"gold":41,"neow_bonus":"THREE_ENEMY_KILL","is_daily":false,"chose_seed":false,"campfire_upgraded":6,"win_rate":0.0,"timestamp":1614005901,"path_taken":["R","M","M","?","?","?","T","M","R","?","E","R","?","E","M","BOSS","R","M","?","?","?","E","T","E","M","?","R","M","R","$","M","BOSS"],"items_purchased_type":["Relic","Card","Card","Card","Card"],"build_version":"2020-12-22","purchased_purges":1,"victory":false,"max_hp_per_floor":[90,90,90,90,90,90,90,90,90,90,90,90,90,90,90,90,90,90,90,90,90,90,90,90,90,90,90,90,90,90,90,90,90,90,90],"card_choices":[{"not_picked":["champ:Circumvent","champ:HeartStrike"],"picked":"champ:AdrenalArmor","floor":2},{"not_picked":["champ:Endure","champ:PerfectedStrike"],"picked":"champ:RisingSlash","floor":3},{"not_picked":["champ:Haymaker","champ:DefensiveStyle"],"picked":"champ:CalledShot","floor":5},{"not_picked":["champ:StanceDance","champ:Haymaker"],"picked":"champ:SkillfulDodge","floor":8},{"not_picked":["champ:BerserkersShout","champ:PerfectedStrike"],"picked":"champ:FanOfKnives","floor":11},{"not_picked":["champ:FlashCut","champ:PreciseThrust"],"picked":"champ:BringItOn","floor":14},{"not_picked":["champ:PerfectedStrike","champ:IronFortress"],"picked":"champ:ArenaPreparation","floor":15},{"not_picked":["champ:IgnorePain","champ:DancingMaster"],"picked":"champ:EnchantSword","floor":16},{"not_picked":["champ:RapidStrikes","champ:RageSigil+1"],"picked":"champ:StanceDance+1","floor":19},{"not_picked":["champ:EnGarde","champ:DefensiveShout","champ:PreciseThrust"],"picked":"SKIP","floor":22},{"not_picked":["champ:SkillfulDodge+1","champ:RecklessLeap"],"picked":"champ:SwordSigil+1","floor":23},{"not_picked":["champ:SetATrap+1","champ:RapidStrikes+1"],"picked":"champ:RageSigil+1","floor":25},{"not_picked":["champ:PreemptiveStrike+1","champ:DefensiveStyle"],"picked":"champ:Shatter+1","floor":26},{"not_picked":["champ:ShieldSlam+1","champ:GutPunch+1"],"picked":"champ:GladiatorForm","floor":27},{"not_picked":["champ:AdrenalArmor+1","champ:Backstep+1"],"picked":"champ:FanOfKnives+1","floor":29},{"not_picked":["champ:BerserkersShout+1","champ:Backstep+1"],"picked":"champ:FlashCut+1","floor":31},{"not_picked":["champ:FocusedBerserking+1","champ:EndlessRage"],"picked":"champ:DancingMaster","floor":32}],"player_experience":1976555,"relics_obtained":[{"floor":6,"key":"CeramicFish"},{"floor":7,"key":"Oddly Smooth Stone"},{"floor":10,"key":"Mercury Hourglass"},{"floor":11,"key":"Pocketwatch"},{"floor":14,"key":"Replay:Mystery Machine"},{"floor":23,"key":"Toxic Egg 2"},{"floor":24,"key":"Molten Egg 2"},{"floor":25,"key":"Happy Flower"}],"event_choices":[{"damage_healed":22,"gold_gain":0,"player_choice":"Healed and dodged fight","damage_taken":0,"max_hp_gain":0,"max_hp_loss":0,"event_name":"Mushrooms","floor":13,"gold_loss":0,"cards_obtained":["Parasite"]},{"cards_removed":["champ:Strike"],"damage_healed":0,"gold_gain":0,"player_choice":"Give","damage_taken":0,"max_hp_gain":0,"max_hp_loss":0,"event_name":"betterNote:BetterNote","floor":20,"gold_loss":0,"cards_obtained":["champ:Strike"]},{"damage_healed":0,"gold_gain":0,"player_choice":"Got Potions","damage_taken":0,"max_hp_gain":0,"max_hp_loss":0,"event_name":"Lab","floor":21,"gold_loss":0}],"is_beta":false,"boss_relics":[{"not_picked":["Painkiller Herb","Replay:Ancient Bell"],"picked":"Astrolabe"}],"items_purged_floors":[27],"is_endless":false,"potions_floor_spawned":[11,14,19,22,29,32],"killed_by":"WA_ARCHETYPE_CALM","ascension_level":3}}