{"host":"y4fuci1jk2rsxnep","time":1614028883,"event":{"mods":["AchievementEnabler","BaseMod","Colored Powertips","Custom Start","Defuse TimeMaze Blight","Dio Mod","Downfall","Hermit","Hero for Fun","Hubris","Hunter ??","Infinite Spire","Minty Spire (QoL Compilation)","Quick Restart","Reliquary","Remove Card Discount Mod","Replay The Spire","StSLib","The Blackbeard","The Bug Knight","The Mystic","The Runesmith"],"gold_per_floor":[111,111,130,150,163,163,182,182,182,207,207,239,256,256,256,357,357,376,374,393,405,420,420,420,420,420,420,420],"floor_reached":27,"language":"ENG","playtime":1495,"items_purged":["hermit:Snipe","hermit:Snipe","downfall:Malfunctioning","hermit:FatalDesire"],"score":270,"play_id":"354a67c7-5037-42d1-948c-7485e266e6fa","local_time":"20210222222123","is_ascension_mode":true,"campfire_choices":[{"data":"hermit:Desperado","floor":6,"key":"SMITH"},{"data":"hermit:GhostlyPresence","floor":8,"key":"SMITH"},{"floor":11,"key":"REST"},{"floor":15,"key":"REST"},{"floor":23,"key":"REST"}],"circlet_count":0,"master_deck":["hermit:Snapshot","hermit:Covet","hermit:BodyArmor","hermit:Desperado+1","hermit:GhostlyPresence+1","hermit:WideOpen","hermit:FatalDesire","hermit:Roughhouse","hermit:Roulette","hermit:Spite","hermit:Horror","hermit:Glare+1","Decay","hermit:FromBeyond","hermit:Malice","hermit:EyeOfTheStorm+1","hermit:WideOpen+1","Replay:Fractal Strike"],"relics":["hermit:Momento","Turnip","Gremlin Horn","Blue Doll","Art of War","Pandora\u0027s Box","ReplayTheSpireMod:CursedCoin"],"acts_visited":["Exordium","TheCity"],"potions_floor_usage":[16,22],"damage_taken":[{"damage":0,"enemies":"Small Slimes","floor":1,"turns":4},{"damage":6,"enemies":"Cultist","floor":3,"turns":4},{"damage":7,"enemies":"Jaw Worm","floor":4,"turns":3},{"damage":0,"enemies":"2 Fungi Beasts","floor":5,"turns":3},{"damage":12,"enemies":"3 Louse","floor":7,"turns":3},{"damage":25,"enemies":"Lagavulin","floor":10,"turns":9},{"damage":10,"enemies":"3 Sentries","floor":12,"turns":8},{"damage":9,"enemies":"Red Slaver","floor":13,"turns":3},{"damage":5,"enemies":"The Guardian","floor":16,"turns":13},{"damage":41,"enemies":"2 Thieves","floor":18,"turns":4},{"damage":0,"enemies":"Chosen","floor":20,"turns":3},{"damage":23,"enemies":"Sentry and Sphere","floor":21,"turns":5},{"damage":0,"enemies":"Snecko","floor":22,"turns":3},{"damage":37,"enemies":"Slavers","floor":27,"turns":3}],"seed_played":"-1144590575512107185","potions_obtained":[{"floor":5,"key":"Cursed Concoction"},{"floor":10,"key":"Block Potion"},{"floor":12,"key":"Strength Potion"},{"floor":21,"key":"Weak Potion"}],"is_trial":false,"path_per_floor":["M","?","M","M","M","R","M","R","T","E","R","E","M","?","R","B",null,"M","$","M","M","M","R","?","AVR","T","E"],"character_chosen":"HERMIT","items_purchased":["ReplayTheSpireMod:CursedCoin","hermit:FromBeyond"],"campfire_rested":3,"item_purchase_floors":[19,19],"current_hp_per_floor":[75,75,69,62,62,62,50,50,50,25,47,37,28,28,50,45,75,34,34,34,11,11,33,33,33,33,0,0],"gold":420,"neow_bonus":"ONE_RARE_RELIC","is_daily":false,"chose_seed":false,"campfire_upgraded":2,"win_rate":0.0,"timestamp":1614028883,"path_taken":["M","?","M","M","M","R","M","R","T","E","R","E","?","?","R","BOSS","M","$","?","M","M","R","?","AVR","T","E"],"items_purchased_type":["Relic","Card"],"build_version":"2020-12-22","purchased_purges":4,"victory":false,"max_hp_per_floor":[75,75,75,75,75,75,75,75,75,75,75,75,75,75,75,75,75,75,75,75,75,75,75,75,75,75,75,75],"card_choices":[{"not_picked":["hermit:Maintenance","hermit:Snipe"],"picked":"hermit:BodyArmor","floor":1},{"not_picked":["hermit:Spite","hermit:HoleUp"],"picked":"hermit:Desperado","floor":3},{"not_picked":["hermit:Snipe","hermit:Feint"],"picked":"hermit:GhostlyPresence","floor":4},{"not_picked":["hermit:TrackingShot","hermit:Cheat","hermit:CalledShot"],"picked":"SKIP","floor":5},{"not_picked":["hermit:Ricochet","hermit:ItchyTrigger","hermit:Maintenance"],"picked":"SKIP","floor":7},{"not_picked":["hermit:Ricochet","hermit:ItchyTrigger","hermit:Scavenge"],"picked":"SKIP","floor":10},{"not_picked":["hermit:GoldenBullet","hermit:Roughhouse"],"picked":"hermit:WideOpen","floor":12},{"not_picked":["hermit:Misfire","hermit:Scavenge","hermit:Quickdraw"],"picked":"SKIP","floor":13},{"not_picked":["hermit:BlackWind","hermit:Adapt"],"picked":"hermit:FatalDesire","floor":16},{"not_picked":["hermit:Misfire","hermit:Ricochet"],"picked":"hermit:Glare+1","floor":18},{"not_picked":["hermit:Dive","hermit:FullyLoaded+1"],"picked":"hermit:Malice","floor":20},{"not_picked":["hermit:WideOpen","hermit:Deadeye+1"],"picked":"hermit:EyeOfTheStorm+1","floor":21},{"not_picked":["hermit:Snipe","hermit:CalledShot+1"],"picked":"hermit:WideOpen+1","floor":22}],"player_experience":693211,"relics_obtained":[{"floor":9,"key":"Gremlin Horn"},{"floor":10,"key":"Blue Doll"},{"floor":12,"key":"Art of War"}],"event_choices":[{"cards_removed":["hermit:Defend_Hermit"],"damage_healed":0,"gold_gain":0,"player_choice":"Card Removal","damage_taken":0,"max_hp_gain":0,"max_hp_loss":0,"event_name":"Wheel of Change","floor":2,"gold_loss":0},{"damage_healed":0,"gold_gain":0,"player_choice":"Got Potions","damage_taken":0,"max_hp_gain":0,"max_hp_loss":0,"event_name":"Lab","floor":14,"gold_loss":0}],"is_beta":false,"boss_relics":[{"not_picked":["Sozu","hubris:Stopwatch"],"picked":"Pandora\u0027s Box"}],"items_purged_floors":[19,19,19,19],"is_endless":false,"potions_floor_spawned":[5,10,12,21],"killed_by":"Slavers","ascension_level":4}}