{"host":"xnjcin1g6gswdgtt","time":1614025747,"event":{"mods":["2.2 Compatiblity","Act Like it!","Arknights","Aspiration","Astrologer","BaseMod","Beaked The Cultist","Better Altar","Better Match","Better Note","Better Sensory Stone","Better Skull","Better Third Choice","Better Vampires","BetterRewards","Bossed Relics","Card Forge","CatGirl Mod","ChefMod","Colored Map","Colored Powertips","Conspire","Dota2Spire","Downfall","Duelist Mod","Elementarium","Energized Spire","Friendly Minions","Gold Saver","Gremlin Mod","Grow up Mod","GungeonMod","Hero for Fun","Highlight Path","Hubris","Jedi Mod","JesterMod","Marisa????????","Marked Mod","Menagerie","Minty Spire (QoL Compilation)","Pale of the Ancients","QueenMod","Quick Restart","Rare Cards Sparkle","Relic Stats","Reliquary","Replay The Spire","Robot Space Explorer","Ruina","Shade Mod","Shapeshifter Mod","Shop Mod","Small Relic Pack","Smile Girya","Spicy Shops","StSLib","The Alterego","The Animator","The Blue Laboratory","The Clintock","The Construct","The Cursed","The Death Knight","The Disciple","The Dragon Tamer","The Forsaken","The Hierophant","The Marked","The Mystic","The Necromancer","The Poker Player","The Runesmith","The Saiyan","The Servant 0.9.4","The Showman","The Wild Card","TheBandit","TheSwordswoman","TheVacant","Trackpad","Yuri Mod","??????REMEMod"],"gold_per_floor":[629,647,647,657,55,55,81,100,147,162,181,195,227,227,227,322,322,336,346,363,363,382,382,382],"floor_reached":23,"language":"ENG","playtime":5856,"items_purged":[],"score":357,"play_id":"02e067ce-45b2-4fbe-b187-41bd383a0dc4","local_time":"20210222142907","is_ascension_mode":false,"campfire_choices":[{"floor":6,"key":"RECALL"},{"floor":15,"key":"DIG"}],"circlet_count":0,"master_deck":["blazmod:Strike+1","blazmod:Strike+1","blazmod:Strike+1","blazmod:Defend+1","blazmod:Defend+1","blazmod:Defend+1","blazmod:Kyokasuigetsu+1","ruina:CobaltScar+1","blazmod:Swordstorm+1","blazmod:StanceChange+1","blazmod:TandenKatsu+1","blazmod:PhysicalEndurance+1","blazmod:MirrorImage+1","blazmod:PhysicalEndurance+1","blazmod:StanceChange+1","blazmod:SecondSight+1","Chrysalis+1"],"relics":["blazmod:Venustas","Hammer of Thor","Seething Fire","Anvil of the Gods","REME_ComplimentaryCards","Dota2Spire:BattleFury","jedi:kaleidoscope","DemoMod:GnawedKey","Gremlin Food","ReplayTheSpireMod:TigerMarble","reliquary:Boomerang","trackpad:IceCube","hubris:Backtick","RobotSpaceExplorer:PlasmaHourglass"],"acts_visited":["Exordium","TheCity"],"potions_floor_usage":[11,20],"damage_taken":[{"damage":4,"enemies":"Small Slimes","floor":1,"turns":4},{"damage":0,"enemies":"Cultist","floor":2,"turns":3},{"damage":0,"enemies":"ats:Genji","floor":4,"turns":2},{"damage":0,"enemies":"Lagavulin","floor":7,"turns":4},{"damage":0,"enemies":"Looter","floor":8,"turns":3},{"damage":6,"enemies":"Lots of Slimes","floor":10,"turns":3},{"damage":17,"enemies":"Exordium Thugs","floor":11,"turns":4},{"damage":0,"enemies":"Exordium Wildlife","floor":12,"turns":2},{"damage":0,"enemies":"3 Sentries","floor":13,"turns":4},{"damage":0,"enemies":"Slime Boss","floor":16,"turns":4},{"damage":0,"enemies":"3 Byrds","floor":18,"turns":3},{"damage":0,"enemies":"Chosen","floor":19,"turns":3},{"damage":4,"enemies":"conspire:HollyBat","floor":20,"turns":5},{"damage":1,"enemies":"Snecko","floor":22,"turns":4},{"damage":0,"enemies":"Slavers","floor":23,"turns":1}],"seed_played":"-458064316012467100","potions_obtained":[{"floor":4,"key":"blueLaboratory:StoneskinPotion"},{"floor":7,"key":"Ancient Potion"},{"floor":10,"key":"jedi:StrikingPotion"},{"floor":12,"key":"Venom Potion"},{"floor":16,"key":"Swift Potion"},{"floor":19,"key":"blueLaboratory:ExaltedPotion"},{"floor":20,"key":"LiquidBronze"}],"is_trial":false,"path_per_floor":["M","M","?","M","$","R","E","M","T","M","M","M","E","?","R_BF","B",null,"M","M","M","T","M","E"],"character_chosen":"THE_SWORDSWOMAN","items_purchased":["Dota2Spire:BattleFury","jedi:kaleidoscope","DemoMod:GnawedKey"],"campfire_rested":0,"item_purchase_floors":[5,5,5],"current_hp_per_floor":[60,70,80,90,100,110,120,130,140,144,138,148,158,168,178,188,225,235,245,251,261,270,270,270],"gold":382,"neow_bonus":"TEN_PERCENT_HP_BONUS","is_daily":false,"chose_seed":false,"campfire_upgraded":0,"win_rate":0.0,"timestamp":1614025747,"path_taken":["M","M","?","M","$","R","E","M","T","M","?","M","E","?","R_BF","BOSS","M","?","M","?","?","E"],"items_purchased_type":["Relic","Relic","Relic"],"build_version":"2020-12-22","purchased_purges":0,"victory":false,"max_hp_per_floor":[64,74,84,94,104,114,124,134,144,154,165,175,185,195,205,215,225,235,245,255,265,275,275,275],"relic_stats":{"counters":[15,49],"obtain_stats":[{"Gremlin Food":7,"reliquary:Boomerang":13,"trackpad:IceCube":15,"RobotSpaceExplorer:PlasmaHourglass":17,"Hammer of Thor":0,"Dota2Spire:BattleFury":5,"DemoMod:GlassGuonStoneRelic":11,"Seething Fire":0,"blazmod:Venustas":0,"jedi:kaleidoscope":5,"hubris:Backtick":17,"Anvil of the Gods":0,"DemoMod:GnawedKey":5,"ReplayTheSpireMod:TigerMarble":9,"REME_ComplimentaryCards":0},{"Gremlin Food":4,"reliquary:Boomerang":9,"trackpad:IceCube":9,"RobotSpaceExplorer:PlasmaHourglass":10,"Hammer of Thor":0,"Dota2Spire:BattleFury":3,"DemoMod:GlassGuonStoneRelic":7,"Seething Fire":0,"blazmod:Venustas":0,"jedi:kaleidoscope":3,"hubris:Backtick":10,"Anvil of the Gods":0,"DemoMod:GnawedKey":3,"ReplayTheSpireMod:TigerMarble":5,"REME_ComplimentaryCards":0},{"Gremlin Food":13,"reliquary:Boomerang":29,"trackpad:IceCube":29,"RobotSpaceExplorer:PlasmaHourglass":33,"Hammer of Thor":0,"Dota2Spire:BattleFury":9,"DemoMod:GlassGuonStoneRelic":23,"Seething Fire":0,"blazmod:Venustas":0,"jedi:kaleidoscope":9,"hubris:Backtick":33,"Anvil of the Gods":0,"DemoMod:GnawedKey":9,"ReplayTheSpireMod:TigerMarble":16,"REME_ComplimentaryCards":0}]},"card_choices":[{"not_picked":["blazmod:KatanaStrike","blazmod:MentalFocus"],"picked":"blazmod:Swordstorm","floor":1},{"not_picked":["blazmod:DrippingWaterHollowsStone","blazmod:BoulderFlash"],"picked":"blazmod:StanceChange","floor":2},{"not_picked":["blazmod:SidewaySolace","blazmod:MentalFocus"],"picked":"blazmod:TandenKatsu","floor":4},{"not_picked":["blazmod:TravelJournal","blazmod:Crosscut"],"picked":"blazmod:PhysicalEndurance","floor":7},{"not_picked":["blazmod:BoulderFlash","blazmod:KatanaStrike"],"picked":"blazmod:MirrorImage","floor":8},{"not_picked":["blazmod:BoulderFlash","blazmod:Valiance"],"picked":"blazmod:PhysicalEndurance","floor":10},{"not_picked":["blazmod:FortifiedVigor","blazmod:ClearTheMind"],"picked":"blazmod:StanceChange","floor":11},{"not_picked":["blazmod:CrescentMoon","blazmod:FleetOfFoot","blazmod:QuickBlade"],"picked":"SKIP","floor":12},{"not_picked":["blazmod:BlindBlade","blazmod:FleetOfFoot"],"picked":"blazmod:SecondSight","floor":13},{"not_picked":["Replay:Sssssssssshield","Dark Shackles"],"picked":"Chrysalis","floor":14},{"not_picked":["blazmod:RevolvingPhoenix","blazmod:FlashRock+1","blazmod:PureOfSoul"],"picked":"SKIP","floor":18},{"not_picked":["blazmod:PhysicalEndurance","blazmod:SecondSight","blazmod:Trasient"],"picked":"SKIP","floor":19},{"not_picked":["blazmod:PhysicalEndurance","blazmod:FlashRock","blazmod:Quickdraw"],"picked":"SKIP","floor":20},{"not_picked":["blazmod:Valiance","blazmod:FlyFlyAgain","blazmod:SidewaySolace"],"picked":"SKIP","floor":22}],"player_experience":201061,"relics_obtained":[{"floor":7,"key":"Gremlin Food"},{"floor":9,"key":"ReplayTheSpireMod:TigerMarble"},{"floor":13,"key":"reliquary:Boomerang"},{"floor":15,"key":"trackpad:IceCube"}],"event_choices":[{"damage_healed":0,"gold_gain":0,"player_choice":"Bought 0 Potions","damage_taken":0,"max_hp_gain":0,"max_hp_loss":0,"event_name":"The Woman in Blue","floor":3,"gold_loss":0},{"damage_healed":0,"gold_gain":1,"player_choice":"1","damage_taken":0,"max_hp_gain":0,"max_hp_loss":0,"event_name":"betterStone:BetterStone","floor":14,"gold_loss":0}],"is_beta":false,"boss_relics":[{"not_picked":["jedi:battlestandard","aspiration:ServantSkillbook"],"picked":"hubris:Backtick"}],"items_purged_floors":[],"is_endless":false,"potions_floor_spawned":[4,7,10,12,16,19,20],"killed_by":"Slavers","ascension_level":0}}