{"host":"jt67skv49snb75sm","time":1614031726,"event":{"mods":["BaseMod","Bestiary","Minty Spire (QoL Compilation)","Relic Stats"],"gold_per_floor":[114,134,149,165,165,165,178,210,210,210,182,182,201,212,212,289,289,300,311,311,21,21,53,65,65,65,65,65,65],"floor_reached":28,"language":"ENG","playtime":1325,"items_purged":["Defend_G"],"score":484,"play_id":"5ee21403-994e-4c45-a862-7c9ab517e7f1","local_time":"20210222230846","is_ascension_mode":true,"campfire_choices":[{"floor":6,"key":"REST"},{"floor":10,"key":"REST"},{"floor":15,"key":"REST"},{"floor":25,"key":"REST"}],"circlet_count":0,"master_deck":["AscendersBane","Strike_G+1","Strike_G+1","Defend_G","Defend_G","Defend_G","Survivor","Neutralize","Noxious Fumes","Cloak And Dagger","Flying Knee","Outmaneuver","Bouncing Flask","Poisoned Stab","Backstab","Well Laid Plans","Wraith Form v2","Corpse Explosion+1","Catalyst+1","Night Terror+1","PiercingWail","RitualDagger","Deflect"],"relics":["Ring of the Snake","Whetstone","InkBottle","Astrolabe","Ninja Scroll","Toxic Egg 2"],"acts_visited":["Exordium","TheCity"],"potions_floor_usage":[8,16,16,23],"damage_taken":[{"damage":1,"enemies":"Small Slimes","floor":1,"turns":4},{"damage":4,"enemies":"Jaw Worm","floor":2,"turns":6},{"damage":4,"enemies":"Cultist","floor":3,"turns":4},{"damage":28,"enemies":"Exordium Wildlife","floor":4,"turns":8},{"damage":1,"enemies":"Looter","floor":7,"turns":4},{"damage":26,"enemies":"Gremlin Nob","floor":8,"turns":4},{"damage":10,"enemies":"Exordium Thugs","floor":11,"turns":4},{"damage":6,"enemies":"2 Fungi Beasts","floor":13,"turns":4},{"damage":6,"enemies":"Red Slaver","floor":14,"turns":4},{"damage":25,"enemies":"Slime Boss","floor":16,"turns":8},{"damage":20,"enemies":"3 Byrds","floor":18,"turns":3},{"damage":7,"enemies":"Spheric Guardian","floor":19,"turns":5},{"damage":8,"enemies":"Slavers","floor":23,"turns":3},{"damage":40,"enemies":"Snake Plant","floor":24,"turns":5},{"damage":12,"enemies":"Book of Stabbing","floor":28,"turns":6}],"seed_played":"6310573586547491439","potions_obtained":[{"floor":1,"key":"Explosive Potion"},{"floor":3,"key":"CunningPotion"},{"floor":12,"key":"FearPotion"},{"floor":12,"key":"Weak Potion"}],"is_trial":false,"path_per_floor":["M","M","M","M","?","R","M","E","T","R","M","?","M","M","R","B",null,"M","M","?","$","?","E","M","R","T","?","E"],"character_chosen":"THE_SILENT","items_purchased":["GhostInAJar","FairyPotion"],"campfire_rested":4,"item_purchase_floors":[21,21],"current_hp_per_floor":[64,60,56,28,21,42,41,15,15,36,26,26,20,14,35,10,57,37,30,44,44,38,30,13,34,34,34,22,22],"gold":65,"neow_bonus":"TEN_PERCENT_HP_BONUS","is_daily":false,"chose_seed":false,"campfire_upgraded":0,"win_rate":0.0,"timestamp":1614031726,"path_taken":["M","M","M","M","?","R","M","E","T","R","M","?","?","M","R","BOSS","M","M","?","$","?","E","?","R","T","?","E"],"items_purchased_type":["Potion","Potion"],"build_version":"2020-12-22","purchased_purges":1,"victory":false,"max_hp_per_floor":[72,72,72,72,72,72,72,72,72,72,72,72,72,72,72,72,72,72,72,72,72,72,72,72,72,72,72,72,72],"relic_stats":{"counters":[15,72],"Astrolabe":["Corpse Explosion","Catalyst","Night Terror"],"Whetstone":["Strike_G","Strike_G"],"obtain_stats":[{"Ninja Scroll":23,"Astrolabe":17,"Whetstone":8,"Toxic Egg 2":26,"InkBottle":9,"Ring of the Snake":0},{"Ninja Scroll":13,"Astrolabe":10,"Whetstone":6,"Toxic Egg 2":14,"InkBottle":6,"Ring of the Snake":0},{"Ninja Scroll":61,"Astrolabe":50,"Whetstone":30,"Toxic Egg 2":66,"InkBottle":30,"Ring of the Snake":0}],"InkBottle":[14],"Ring of the Snake":[30]},"card_choices":[{"not_picked":["Eviscerate","Caltrops"],"picked":"Noxious Fumes","floor":1},{"not_picked":["Outmaneuver","Escape Plan"],"picked":"Bane","floor":2},{"not_picked":["Acrobatics","Choke"],"picked":"Cloak And Dagger","floor":3},{"not_picked":["PiercingWail","Concentrate"],"picked":"Flying Knee","floor":4},{"not_picked":["Malaise","Underhanded Strike"],"picked":"Outmaneuver","floor":7},{"not_picked":["Backflip","Quick Slash"],"picked":"Bouncing Flask","floor":8},{"not_picked":["Accuracy","All Out Attack"],"picked":"Poisoned Stab","floor":11},{"not_picked":["PiercingWail","Dagger Throw"],"picked":"Backstab","floor":13},{"not_picked":["Dodge and Roll","Backflip"],"picked":"Well Laid Plans","floor":14},{"not_picked":["Venomology","Grand Finale"],"picked":"Wraith Form v2","floor":16},{"not_picked":["Sucker Punch","Choke","Expertise"],"picked":"SKIP","floor":18},{"not_picked":["Dagger Throw","Sucker Punch"],"picked":"PiercingWail","floor":19},{"not_picked":["Endless Agony","Tactician"],"picked":"Deflect","floor":23},{"not_picked":["Quick Slash","Infinite Blades","Finisher"],"picked":"SKIP","floor":24}],"player_experience":880445,"relics_obtained":[{"floor":8,"key":"Whetstone"},{"floor":9,"key":"InkBottle"},{"floor":23,"key":"Ninja Scroll"},{"floor":26,"key":"Toxic Egg 2"}],"event_choices":[{"cards_removed":["Strike_G"],"damage_healed":0,"gold_gain":0,"player_choice":"Card Removal","damage_taken":7,"max_hp_gain":0,"max_hp_loss":0,"event_name":"Golden Wing","floor":5,"gold_loss":0},{"damage_healed":0,"gold_gain":0,"player_choice":"Got Potions","damage_taken":0,"max_hp_gain":0,"max_hp_loss":0,"event_name":"Lab","floor":12,"gold_loss":0},{"damage_healed":14,"gold_gain":0,"player_choice":"Heal","damage_taken":0,"max_hp_gain":0,"max_hp_loss":0,"event_name":"The Library","floor":20,"gold_loss":0},{"damage_healed":0,"gold_gain":0,"player_choice":"Joined the Cult","damage_taken":6,"max_hp_gain":0,"max_hp_loss":0,"event_name":"Nest","floor":22,"gold_loss":0,"cards_obtained":["RitualDagger"]},{"cards_removed":["Bane"],"damage_healed":0,"gold_gain":0,"player_choice":"Purged","damage_taken":0,"max_hp_gain":0,"max_hp_loss":0,"event_name":"Purifier","floor":27,"gold_loss":0}],"is_beta":false,"boss_relics":[{"not_picked":["Calling Bell","Ring of the Serpent"],"picked":"Astrolabe"}],"items_purged_floors":[21],"is_endless":false,"potions_floor_spawned":[1,3,4,13,14],"killed_by":"Book of Stabbing","ascension_level":20}}