{"host":"b34lfm0pg36jv5no","time":1614036805,"event":{"mods":["BaseMod","Bestiary","Colored Map","Dark Map","Minty Spire (QoL Compilation)","Relic Stats","ojb\u0027s Info Mod"],"gold_per_floor":[109,124,138,138,154,154,184,184,184,184,212,212,222,251,251,354,354,372,405,420,43,56,81,81,112,135,60,420,420,431,445,445,549,549,566,68,68,85,1084,1115,1115,1115,1138,1165,1184,1184,1184,1201,1201,1201,1201,1201,473,500,500],"floor_reached":56,"language":"ENG","playtime":5093,"items_purged":["Strike_R","Strike_R","Strike_R"],"score":1441,"play_id":"633fe13f-d47f-4943-865d-5852ba2c3796","local_time":"20210222233325","is_ascension_mode":true,"campfire_choices":[{"data":"Hemokinesis","floor":6,"key":"SMITH"},{"data":"Barricade","floor":8,"key":"SMITH"},{"data":"Body Slam","floor":10,"key":"SMITH"},{"data":"Bloodletting","floor":12,"key":"SMITH"},{"data":"Ghostly Armor","floor":15,"key":"SMITH"},{"data":"Immolate","floor":24,"key":"SMITH"},{"data":"Whirlwind","floor":29,"key":"SMITH"},{"data":"Bash","floor":32,"key":"SMITH"},{"floor":42,"key":"RECALL"},{"data":"Corruption","floor":46,"key":"SMITH"},{"data":"Carnage","floor":49,"key":"SMITH"},{"data":"Pommel Strike","floor":52,"key":"SMITH"}],"circlet_count":0,"master_deck":["Defend_R","Defend_R","Defend_R","Defend_R","Bash+1","Hemokinesis+1","Rupture+1","Barricade+1","Body Slam+1","Bloodletting+1","Twin Strike","Ghostly Armor+1","Immolate+1","Body Slam+1","Whirlwind+1","Pommel Strike+1","Flame Barrier+1","Reaper","Flame Barrier+1","Dropkick+1","Normality","Normality","Shockwave+1","Pummel","Corruption+1","Carnage+1","Shrug It Off+1"],"relics":["Burning Blood","Ancient Tea Set","Orichalcum","Gremlin Horn","Mango","Self Forming Clay","Coffee Dripper","Red Mask","ClockworkSouvenir","Bronze Scales","Lantern","CaptainsWheel","Strawberry","Runic Cube","Chemical X","Blue Candle","Regal Pillow","Art of War","Frozen Eye","Pen Nib","Kunai","Bag of Preparation"],"acts_visited":["Exordium","TheCity","TheBeyond","TheEnding"],"potions_floor_usage":[7,13,16,19,22,23,30,55],"damage_taken":[{"damage":7,"enemies":"2 Louse","floor":1,"turns":4},{"damage":2,"enemies":"Small Slimes","floor":2,"turns":3},{"damage":3,"enemies":"Cultist","floor":3,"turns":3},{"damage":14,"enemies":"3 Louse","floor":5,"turns":5},{"damage":25,"enemies":"3 Sentries","floor":7,"turns":12},{"damage":18,"enemies":"Lagavulin","floor":11,"turns":8},{"damage":3,"enemies":"2 Fungi Beasts","floor":13,"turns":2},{"damage":40,"enemies":"Gremlin Nob","floor":14,"turns":5},{"damage":14,"enemies":"Hexaghost","floor":16,"turns":11},{"damage":13,"enemies":"Shell Parasite","floor":18,"turns":4},{"damage":0,"enemies":"Masked Bandits","floor":19,"turns":1},{"damage":7,"enemies":"3 Byrds","floor":20,"turns":5},{"damage":4,"enemies":"Centurion and Healer","floor":22,"turns":5},{"damage":5,"enemies":"Gremlin Leader","floor":23,"turns":5},{"damage":27,"enemies":"Slavers","floor":25,"turns":5},{"damage":2,"enemies":"Snake Plant","floor":30,"turns":2},{"damage":0,"enemies":"Snecko","floor":31,"turns":4},{"damage":24,"enemies":"Champ","floor":33,"turns":11},{"damage":7,"enemies":"3 Darklings","floor":35,"turns":3},{"damage":4,"enemies":"Orb Walker","floor":38,"turns":3},{"damage":10,"enemies":"Giant Head","floor":40,"turns":6},{"damage":4,"enemies":"Reptomancer","floor":44,"turns":4},{"damage":6,"enemies":"4 Shapes","floor":45,"turns":3},{"damage":8,"enemies":"Writhing Mass","floor":48,"turns":6},{"damage":54,"enemies":"Awakened One","floor":50,"turns":10},{"damage":6,"enemies":"Shield and Spear","floor":54,"turns":2},{"damage":14,"enemies":"The Heart","floor":55,"turns":5}],"seed_played":"-2985258888206941902","potions_obtained":[{"floor":1,"key":"Energy Potion"},{"floor":2,"key":"LiquidMemories"},{"floor":3,"key":"BloodPotion"},{"floor":11,"key":"AttackPotion"},{"floor":13,"key":"Fire Potion"},{"floor":16,"key":"SkillPotion"},{"floor":19,"key":"SkillPotion"},{"floor":22,"key":"Block Potion"},{"floor":30,"key":"FearPotion"},{"floor":33,"key":"BloodPotion"},{"floor":45,"key":"GamblersBrew"}],"is_trial":false,"path_per_floor":["M","M","M","?","M","R","E","R","T","R","E","R","M","E","R","B",null,"M","?","M","$","M","E","R","E","T","?","?","R","M","M","R","B",null,"M","$","?","M","?","E","?","R","T","E","M","R","?","M","R","B",null,"R","$","E","B",null],"character_chosen":"IRONCLAD","items_purchased":["ClockworkSouvenir","Bronze Scales","Chemical X","Blue Candle","Frozen Eye","Pen Nib","Kunai","SteroidPotion"],"campfire_rested":0,"item_purchase_floors":[21,21,36,36,53,53,53,53],"current_hp_per_floor":[79,80,80,64,56,56,37,37,37,37,39,39,42,8,8,18,94,87,93,92,92,94,94,94,73,80,80,44,44,48,54,54,36,101,100,100,100,101,101,101,96,96,96,96,96,96,96,96,96,69,96,96,96,96,88],"gold":500,"neow_bonus":"RANDOM_COMMON_RELIC","is_daily":false,"chose_seed":false,"campfire_upgraded":11,"win_rate":0.0,"timestamp":1614036805,"path_taken":["M","M","M","?","M","R","E","R","T","R","E","R","M","E","R","BOSS","M","?","M","$","M","E","R","E","T","?","?","R","M","M","R","BOSS","M","$","?","M","?","E","?","R","T","E","M","R","?","M","R","BOSS","R","$","E","BOSS"],"items_purchased_type":["Relic","Relic","Relic","Relic","Relic","Relic","Relic","Potion"],"build_version":"2020-12-22","purchased_purges":3,"victory":true,"max_hp_per_floor":[80,80,80,80,80,80,80,80,80,80,94,94,94,94,94,94,94,94,94,94,94,94,94,94,94,101,101,101,101,101,101,101,101,101,101,101,101,101,101,101,96,96,96,96,96,96,96,96,96,96,96,96,96,96,96],"relic_stats":{"Regal Pillow":0,"Gremlin Horn":[22,22],"counters":[27,137],"Self Forming Clay":[198],"Blue Candle":[11],"Pen Nib":[1],"Bag of Preparation":[2],"Orichalcum":[54],"Burning Blood":140,"Bronze Scales":[236],"Art of War":[2],"Chemical X":[7],"Kunai":[4],"obtain_stats":[{"Lantern":23,"Regal Pillow":40,"Gremlin Horn":9,"Self Forming Clay":14,"Blue Candle":36,"Mango":11,"Pen Nib":53,"Bag of Preparation":54,"Orichalcum":7,"Ancient Tea Set":0,"Burning Blood":0,"ClockworkSouvenir":21,"Frozen Eye":53,"CaptainsWheel":25,"Bronze Scales":21,"Strawberry":26,"Coffee Dripper":17,"Red Mask":19,"Art of War":44,"Chemical X":36,"Kunai":53,"Runic Cube":34},{"Lantern":14,"Regal Pillow":21,"Gremlin Horn":5,"Self Forming Clay":8,"Blue Candle":19,"Mango":6,"Pen Nib":25,"Bag of Preparation":26,"Orichalcum":5,"Ancient Tea Set":0,"Burning Blood":0,"ClockworkSouvenir":12,"Frozen Eye":25,"CaptainsWheel":15,"Bronze Scales":12,"Strawberry":15,"Coffee Dripper":9,"Red Mask":11,"Art of War":22,"Chemical X":19,"Kunai":25,"Runic Cube":18},{"Lantern":73,"Regal Pillow":107,"Gremlin Horn":27,"Self Forming Clay":42,"Blue Candle":98,"Mango":35,"Pen Nib":130,"Bag of Preparation":132,"Orichalcum":27,"Ancient Tea Set":0,"Burning Blood":0,"ClockworkSouvenir":63,"Frozen Eye":130,"CaptainsWheel":78,"Bronze Scales":63,"Strawberry":78,"Coffee Dripper":53,"Red Mask":58,"Art of War":111,"Chemical X":98,"Kunai":130,"Runic Cube":95}],"Runic Cube":[44]},"card_choices":[{"not_picked":["Sword Boomerang","Wild Strike"],"picked":"Hemokinesis","floor":1},{"not_picked":["Headbutt","Clash"],"picked":"Rupture","floor":2},{"not_picked":["Warcry","Infernal Blade","Headbutt"],"picked":"SKIP","floor":3},{"not_picked":["Pommel Strike","Body Slam"],"picked":"Barricade","floor":5},{"not_picked":["Searing Blow","Infernal Blade"],"picked":"Body Slam","floor":7},{"not_picked":["Clothesline","Twin Strike"],"picked":"Bloodletting","floor":11},{"not_picked":["Heavy Blade","Rampage"],"picked":"Twin Strike","floor":13},{"not_picked":["Clash","Exhume"],"picked":"Ghostly Armor","floor":14},{"not_picked":["Reaper","Berserk"],"picked":"Immolate","floor":16},{"not_picked":["Twin Strike","Feel No Pain","Seeing Red"],"picked":"SKIP","floor":18},{"not_picked":["Fire Breathing+1","Intimidate+1"],"picked":"Body Slam+1","floor":20},{"not_picked":["Anger","True Grit"],"picked":"Whirlwind","floor":22},{"not_picked":["Thunderclap","Pummel"],"picked":"Pommel Strike","floor":23},{"not_picked":["Thunderclap","Clothesline+1","Warcry+1"],"picked":"SKIP","floor":25},{"not_picked":["Ghostly Armor","Dual Wield"],"picked":"Flame Barrier+1","floor":30},{"not_picked":["Thunderclap","Clothesline","Body Slam"],"picked":"SKIP","floor":31},{"not_picked":["Exhume","Double Tap"],"picked":"Reaper","floor":33},{"not_picked":["Body Slam+1","Dark Embrace"],"picked":"Flame Barrier+1","floor":35},{"not_picked":["Intimidate","Wild Strike"],"picked":"Dropkick+1","floor":38},{"not_picked":["Thunderclap+1","Anger+1"],"picked":"Shockwave+1","floor":40},{"not_picked":["Hemokinesis","Heavy Blade"],"picked":"Pummel","floor":44},{"not_picked":["Body Slam","Dual Wield"],"picked":"Corruption","floor":45},{"not_picked":["Carnage","Reckless Charge+1"],"picked":"Shrug It Off+1","floor":48},{"not_picked":["Perfected Strike+1","Dark Embrace+1","Rupture"],"picked":"SKIP","floor":54}],"player_experience":2663049,"relics_obtained":[{"floor":7,"key":"Orichalcum"},{"floor":9,"key":"Gremlin Horn"},{"floor":11,"key":"Mango"},{"floor":14,"key":"Self Forming Clay"},{"floor":19,"key":"Red Mask"},{"floor":23,"key":"Lantern"},{"floor":25,"key":"CaptainsWheel"},{"floor":26,"key":"Strawberry"},{"floor":40,"key":"Regal Pillow"},{"floor":44,"key":"Art of War"},{"floor":54,"key":"Bag of Preparation"}],"event_choices":[{"damage_healed":0,"gold_gain":0,"player_choice":"Entered Light","damage_taken":16,"max_hp_gain":0,"max_hp_loss":0,"event_name":"Shining Light","floor":4,"gold_loss":0,"cards_upgraded":["Rupture","Strike_R"]},{"damage_healed":0,"gold_gain":0,"player_choice":"Fought Bandits","damage_taken":0,"max_hp_gain":0,"max_hp_loss":0,"event_name":"Masked Bandits","floor":19,"gold_loss":0},{"cards_removed":["Strike_R"],"damage_healed":0,"gold_gain":0,"player_choice":"Gave Gold","damage_taken":0,"max_hp_gain":0,"max_hp_loss":0,"event_name":"Beggar","floor":27,"gold_loss":75},{"damage_healed":0,"gold_gain":360,"player_choice":"GOLD GOLD GOLD GOLD ","damage_taken":36,"max_hp_gain":0,"max_hp_loss":0,"event_name":"Knowing Skull","floor":28,"potions_obtained":[],"gold_loss":0,"cards_obtained":[]},{"cards_removed":["Strike_R"],"damage_healed":0,"gold_gain":0,"player_choice":"Removed Attack","damage_taken":0,"max_hp_gain":0,"max_hp_loss":0,"event_name":"Falling","floor":37,"gold_loss":0},{"damage_healed":0,"gold_gain":999,"player_choice":"Gold","damage_taken":0,"max_hp_gain":0,"max_hp_loss":0,"event_name":"MindBloom","floor":39,"gold_loss":0,"cards_obtained":["Normality","Normality"]},{"damage_healed":0,"gold_gain":0,"player_choice":"Max HP","damage_taken":0,"max_hp_gain":0,"max_hp_loss":5,"event_name":"Winding Halls","floor":41,"gold_loss":0},{"damage_healed":0,"gold_gain":0,"player_choice":"1 cards matched","damage_taken":0,"max_hp_gain":0,"max_hp_loss":0,"event_name":"Match and Keep!","floor":47,"gold_loss":0,"cards_obtained":["Carnage"]}],"is_beta":false,"boss_relics":[{"not_picked":["Runic Dome","Tiny House"],"picked":"Coffee Dripper"},{"not_picked":["Cursed Key","Black Star"],"picked":"Runic Cube"}],"items_purged_floors":[21,36,53],"is_endless":false,"potions_floor_spawned":[1,2,3,11,13,16,19,20,22,30,33,35,45,48],"ascension_level":1}}