{"host":"8ztb9kwpjc2zof9s","time":1614036914,"event":{"mods":["BaseMod","Block Reminder","Curses Come First","Minty Spire (QoL Compilation)","Relic Stats","StSLib"],"gold_per_floor":[115,125,144,163,163,163,189,189,189,189,221,221,236,249,249,328,328,348,348,348,348,360,360,22,22,22,38,52,52,78,78,78,78,78],"floor_reached":33,"language":"ENG","playtime":1614,"items_purged":[],"score":495,"play_id":"4d75eb7e-6400-4650-86b7-23eacb884375","local_time":"20210222153514","is_ascension_mode":true,"campfire_choices":[{"data":"Deadly Poison","floor":6.0,"key":"SMITH"},{"floor":8.0,"key":"REST"},{"floor":10.0,"key":"REST"},{"floor":15.0,"key":"REST"},{"data":"Tactician","floor":23.0,"key":"SMITH"},{"data":"Wraith Form v2","floor":25.0,"key":"SMITH"},{"floor":29.0,"key":"REST"},{"floor":32,"key":"REST"}],"circlet_count":0,"master_deck":["AscendersBane","Strike_G","Strike_G","Defend_G","Defend_G","Defend_G","Defend_G+1","Survivor","Neutralize","Prepared","Dodge and Roll+1","Deadly Poison+1","Cloak And Dagger","A Thousand Cuts","Corpse Explosion","Escape Plan","Wraith Form v2+1","Blur+1","Night Terror+1","Bouncing Flask+1","Tactician+1","Acrobatics","Well Laid Plans","Malaise","Dodge and Roll+1","Backflip","Writhe"],"relics":["HoveringKite","War Paint","Gremlin Horn","Bird Faced Urn","Astrolabe","Membership Card","Frozen Egg 2","Matryoshka","Toy Ornithopter"],"acts_visited":["TheCity"],"potions_floor_usage":[],"damage_taken":[{"damage":13.0,"enemies":"Cultist","floor":1.0,"turns":7.0},{"damage":5.0,"enemies":"2 Louse","floor":2.0,"turns":5.0},{"damage":0.0,"enemies":"Small Slimes","floor":3.0,"turns":4.0},{"damage":6.0,"enemies":"2 Fungi Beasts","floor":4.0,"turns":6.0},{"damage":34.0,"enemies":"3 Sentries","floor":7.0,"turns":14.0},{"damage":31.0,"enemies":"Lagavulin","floor":11.0,"turns":7.0},{"damage":0.0,"enemies":"Large Slime","floor":13.0,"turns":5.0},{"damage":0.0,"enemies":"Exordium Wildlife","floor":14.0,"turns":3.0},{"damage":22.0,"enemies":"The Guardian","floor":16.0,"turns":11.0},{"damage":1.0,"enemies":"Spheric Guardian","floor":18.0,"turns":3.0},{"damage":21.0,"enemies":"Shell Parasite","floor":22.0,"turns":5.0},{"damage":24.0,"enemies":"3 Cultists","floor":27.0,"turns":7.0},{"damage":9.0,"enemies":"Chosen and Byrds","floor":28.0,"turns":9.0},{"damage":28,"enemies":"Gremlin Leader","floor":30,"turns":8},{"damage":52,"enemies":"Champ","floor":33,"turns":18}],"seed_played":"-1348586243840784281","potions_obtained":[{"floor":2.0,"key":"AttackPotion"},{"floor":3.0,"key":"DuplicationPotion"},{"floor":14.0,"key":"SneckoOil"},{"floor":16.0,"key":"Poison Potion"},{"floor":27.0,"key":"EntropicBrew"}],"is_trial":false,"path_per_floor":["M","M","M","M","?","R","E","R","T","R","E","?","M","M","R","B",null,"M","?","?","?","M","R","$","R","T","M","M","R","E","?","R","B"],"character_chosen":"THE_SILENT","items_purchased":["Well Laid Plans","Membership Card","Malaise"],"campfire_rested":5,"item_purchase_floors":[24,24,24],"current_hp_per_floor":[46,41,41,35,35,35,1,20,20,39,8,8,10,12,31,11,52,53,53,35,49,32,32,32,32,32,16,15,36,14,14,35,0,0],"gold":78,"neow_bonus":"BOSS_RELIC","is_daily":false,"chose_seed":false,"campfire_upgraded":3,"win_rate":0.0,"timestamp":1614036914,"path_taken":["M","M","M","M","?","R","E","R","T","R","E","?","M","M","R","BOSS","M","?","?","?","M","R","$","R","T","M","?","R","E","?","R","BOSS"],"items_purchased_type":["Card","Relic","Card"],"build_version":"2020-12-22","purchased_purges":0,"victory":false,"max_hp_per_floor":[66,66,66,66,66,66,66,66,66,66,66,66,66,66,66,66,66,66,66,71,71,71,71,71,71,71,71,71,71,71,71,71,71,71],"relic_stats":{"Gremlin Horn":[4,4],"counters":[15,112],"Bird Faced Urn":[42],"Astrolabe":["Blur","Night Terror","Bouncing Flask"],"HoveringKite":[50],"War Paint":["Dodge and Roll","Defend_G"],"obtain_stats":[{"Matryoshka":30,"Gremlin Horn":9,"Bird Faced Urn":11,"Astrolabe":17,"HoveringKite":0,"Membership Card":24,"War Paint":7,"Frozen Egg 2":26,"Toy Ornithopter":31,"Ring of the Snake":0},{"Matryoshka":14,"Gremlin Horn":5,"Bird Faced Urn":6,"Astrolabe":9,"HoveringKite":0,"Membership Card":11,"War Paint":5,"Frozen Egg 2":11,"Toy Ornithopter":14,"Ring of the Snake":0},{"Matryoshka":94,"Gremlin Horn":36,"Bird Faced Urn":43,"Astrolabe":62,"HoveringKite":0,"Membership Card":70,"War Paint":36,"Frozen Egg 2":70,"Toy Ornithopter":94,"Ring of the Snake":0}],"Toy Ornithopter":0},"card_choices":[{"not_picked":["Dagger Spray","All Out Attack"],"picked":"Prepared","floor":1.0},{"not_picked":["Endless Agony","Bane"],"picked":"Dodge and Roll","floor":2.0},{"not_picked":["Prepared","Crippling Poison"],"picked":"Deadly Poison","floor":3.0},{"not_picked":["PiercingWail","Sucker Punch"],"picked":"Cloak And Dagger","floor":4.0},{"not_picked":["Sucker Punch","Distraction"],"picked":"A Thousand Cuts","floor":7.0},{"not_picked":["Endless Agony","Outmaneuver"],"picked":"Corpse Explosion","floor":11.0},{"not_picked":["Acrobatics","PiercingWail"],"picked":"Escape Plan","floor":13.0},{"not_picked":["Underhanded Strike","Poisoned Stab","Riddle With Holes"],"picked":"SKIP","floor":14.0},{"not_picked":["Burst","Die Die Die"],"picked":"Wraith Form v2","floor":16.0},{"not_picked":["Dagger Spray","Setup"],"picked":"Tactician","floor":18.0},{"not_picked":["Deadly Poison","Blade Dance"],"picked":"Acrobatics","floor":22.0},{"not_picked":["Concentrate","Eviscerate"],"picked":"Dodge and Roll+1","floor":27.0},{"not_picked":["Accuracy+1","Dagger Spray","Acrobatics"],"picked":"SKIP","floor":28.0},{"not_picked":["A Thousand Cuts+1","Poisoned Stab"],"picked":"Backflip","floor":30}],"player_experience":379413,"relics_obtained":[{"floor":7.0,"key":"War Paint"},{"floor":9.0,"key":"Gremlin Horn"},{"floor":11.0,"key":"Bird Faced Urn"},{"floor":26.0,"key":"Frozen Egg 2"},{"floor":30,"key":"Matryoshka"}],"event_choices":[{"damage_healed":0.0,"max_hp_gain":0.0,"max_hp_loss":0.0,"gold_gain":0.0,"event_name":"Scrap Ooze","player_choice":"Fled","floor":5.0,"gold_loss":0.0,"damage_taken":0.0},{"cards_removed":["Strike_G"],"damage_healed":0.0,"max_hp_gain":0.0,"max_hp_loss":0.0,"gold_gain":0.0,"event_name":"Living Wall","player_choice":"Forget","floor":12.0,"gold_loss":0.0,"damage_taken":0.0},{"damage_healed":0.0,"max_hp_gain":0.0,"max_hp_loss":0.0,"gold_gain":0.0,"event_name":"Ghosts","player_choice":"Ignored","floor":19.0,"gold_loss":0.0,"damage_taken":0.0},{"damage_healed":0.0,"max_hp_gain":5.0,"max_hp_loss":0.0,"gold_gain":0.0,"event_name":"Forgotten Altar","player_choice":"Shed Blood","floor":20.0,"gold_loss":0.0,"damage_taken":23.0},{"damage_healed":14.0,"max_hp_gain":0.0,"max_hp_loss":0.0,"gold_gain":0.0,"event_name":"The Library","player_choice":"Heal","floor":21.0,"gold_loss":0.0,"damage_taken":0.0},{"damage_healed":0,"gold_gain":0,"player_choice":"Opened","damage_taken":0,"relics_obtained":["Toy Ornithopter"],"max_hp_gain":0,"max_hp_loss":0,"event_name":"The Mausoleum","floor":31,"gold_loss":0,"cards_obtained":["Writhe"]}],"is_beta":false,"boss_relics":[{"not_picked":["Pandora\u0027s Box","Coffee Dripper"],"picked":"Astrolabe"}],"items_purged_floors":[],"is_endless":false,"potions_floor_spawned":[2,3,14,16,27],"killed_by":"Champ","ascension_level":16}}