{"host":"5bsc0nab6whpyrbj","time":1614030544,"event":{"mods":["BaseMod","Highlight Path","Minty Spire (QoL Compilation)"],"gold_per_floor":[117,82,82,82,96,96,96,140,188,188,28,48,63,63,63,193,193,211,211,211,136,136,176,176,196,249,249,249,265,281,297,297,423,486,501,501,516,531,531,531,531,531,554,593,593,593,613,632,632,632,632],"floor_reached":50,"language":"ENG","playtime":1404,"items_purged":[],"score":513,"play_id":"5159fe33-04b5-42e3-9a92-1c43bf97d24f","local_time":"20210222164904","is_ascension_mode":false,"campfire_choices":[{"data":"Static Discharge","floor":7,"key":"SMITH"},{"floor":10,"key":"REST"},{"floor":15,"key":"REST"},{"floor":24,"key":"REST"},{"floor":28,"key":"REST"},{"floor":32,"key":"REST"},{"floor":40,"key":"REST"},{"floor":49,"key":"REST"}],"circlet_count":0,"master_deck":["Strike_B","Strike_B","Strike_B","Defend_B","Defend_B","Defend_B","Defend_B","Zap","Static Discharge+1","Biased Cognition","Thunder Strike","Barrage+1","Self Repair","Creative AI","Beam Cell","Storm+1","Ball Lightning","Creative AI","Ball Lightning","Storm","Writhe","Redo+1","Doubt","Redo+1","Flash of Steel","Storm+1"],"relics":["Cracked Core","Golden Idol","Vajra","Centennial Puzzle","Letter Opener","Nuclear Battery","Blood Vial","White Beast Statue","Bronze Scales","Tiny House","Lantern","Juzu Bracelet"],"acts_visited":["Exordium","TheCity","TheBeyond"],"potions_floor_usage":[16,23,23,33,33,44,47,48,50,50,50],"damage_taken":[{"damage":24.0,"enemies":"2 Louse","floor":1.0,"turns":3.0},{"damage":5,"enemies":"Small Slimes","floor":5,"turns":3},{"damage":30,"enemies":"Gremlin Nob","floor":8,"turns":4},{"damage":13,"enemies":"Jaw Worm","floor":12,"turns":3},{"damage":16,"enemies":"Exordium Thugs","floor":13,"turns":3},{"damage":35,"enemies":"Slime Boss","floor":16,"turns":5},{"damage":10,"enemies":"Chosen","floor":18,"turns":4},{"damage":45,"enemies":"Slavers","floor":23,"turns":4},{"damage":25,"enemies":"2 Thieves","floor":25,"turns":3},{"damage":15,"enemies":"Centurion and Healer","floor":29,"turns":4},{"damage":21,"enemies":"3 Cultists","floor":30,"turns":3},{"damage":11,"enemies":"Cultist and Chosen","floor":31,"turns":4},{"damage":40,"enemies":"Automaton","floor":33,"turns":5},{"damage":15,"enemies":"Orb Walker","floor":35,"turns":2},{"damage":7,"enemies":"3 Shapes","floor":37,"turns":4},{"damage":41,"enemies":"Jaw Worm Horde","floor":38,"turns":3},{"damage":39,"enemies":"Giant Head","floor":44,"turns":5},{"damage":27,"enemies":"Sphere and 2 Shapes","floor":47,"turns":4},{"damage":22,"enemies":"4 Shapes","floor":48,"turns":3},{"damage":42,"enemies":"Time Eater","floor":50,"turns":2}],"seed_played":"8475164479620255476","potions_obtained":[{"floor":5,"key":"BlessingOfTheForge"},{"floor":13,"key":"Ancient Potion"},{"floor":16,"key":"LiquidMemories"},{"floor":18,"key":"SteroidPotion"},{"floor":25,"key":"SmokeBomb"},{"floor":29,"key":"LiquidBronze"},{"floor":30,"key":"Dexterity Potion"},{"floor":31,"key":"Energy Potion"},{"floor":33,"key":"EssenceOfSteel"},{"floor":34,"key":"Ancient Potion"},{"floor":38,"key":"AttackPotion"},{"floor":44,"key":"FocusPotion"},{"floor":47,"key":"ColorlessPotion"},{"floor":48,"key":"FocusPotion"}],"is_trial":false,"path_per_floor":["M","?","?","?","M","$","R","E","T","R","$","M","M","T","R","B",null,"M","?","?","?","T","E","R","M","T","?","R","M","M","M","R","B",null,"M","?","M","M","?","R","?","?","T","E","?","?","M","M","R","B"],"character_chosen":"DEFECT","items_purchased":["Biased Cognition"],"campfire_rested":7,"item_purchase_floors":[11],"current_hp_per_floor":[51,69,69,69,64,64,64,34,34,56,56,43,27,27,49,14,75,65,65,65,65,65,29,51,35,35,35,57,51,39,37,59,28,80,65,80,80,39,39,63,80,80,80,48,48,48,23,10,34,0,0],"gold":632,"neow_bonus":"TRANSFORM_CARD","is_daily":false,"chose_seed":false,"campfire_upgraded":1,"win_rate":0.0,"timestamp":1614030544,"path_taken":["M","?","?","?","M","$","R","E","T","R","$","?","M","?","R","BOSS","M","?","?","?","?","E","R","M","T","?","R","?","M","M","R","BOSS","M","?","M","M","?","R","?","?","T","E","?","?","M","M","R","BOSS"],"items_purchased_type":["Card"],"build_version":"2020-12-22","purchased_purges":0,"victory":false,"max_hp_per_floor":[75,75,75,75,75,75,75,75,75,75,75,75,75,75,75,75,75,75,75,75,75,75,75,75,75,75,75,75,75,75,75,75,75,80,80,80,80,80,80,80,80,80,80,80,80,80,80,80,80,80,80],"card_choices":[{"not_picked":["Leap","Cold Snap"],"picked":"Static Discharge","floor":1.0},{"not_picked":["Melter","Streamline","Cold Snap"],"picked":"SKIP","floor":5},{"not_picked":["Sweeping Beam","Steam"],"picked":"Hello World","floor":8},{"not_picked":["Cold Snap","Turbo","Melter"],"picked":"SKIP","floor":12},{"not_picked":["Cold Snap","Consume","Steam"],"picked":"SKIP","floor":13},{"not_picked":["Seek","Amplify"],"picked":"Thunder Strike","floor":16},{"not_picked":["Sweeping Beam","Steam"],"picked":"Barrage+1","floor":18},{"not_picked":["Streamline","Go for the Eyes+1"],"picked":"Beam Cell","floor":23},{"not_picked":["Streamline+1","Blizzard"],"picked":"Storm","floor":25},{"not_picked":["Turbo","Stack","Darkness"],"picked":"SKIP","floor":29},{"not_picked":["Coolheaded","Hologram+1"],"picked":"Ball Lightning","floor":30},{"not_picked":["Chill","Rebound","Beam Cell"],"picked":"SKIP","floor":31},{"not_picked":["Buffer","Rainbow"],"picked":"Creative AI","floor":33},{"not_picked":["Chill","Barrage"],"picked":"Ball Lightning","floor":34},{"not_picked":["Stack","Cold Snap+1"],"picked":"Storm","floor":35},{"not_picked":["Rebound+1","Chill","Rip and Tear+1"],"picked":"SKIP","floor":37},{"not_picked":["Force Field+1","Fission"],"picked":"Redo+1","floor":38},{"not_picked":["Conserve Battery+1","Hello World"],"picked":"Redo+1","floor":44},{"not_picked":["Enlightenment","Mayhem"],"picked":"Flash of Steel","floor":45},{"not_picked":["Rebound","Aggregate+1","Go for the Eyes"],"picked":"SKIP","floor":47},{"not_picked":["Redo+1","Conserve Battery+1"],"picked":"Storm+1","floor":48}],"player_experience":99212,"relics_obtained":[{"floor":8,"key":"Vajra"},{"floor":9,"key":"Centennial Puzzle"},{"floor":14,"key":"Letter Opener"},{"floor":22,"key":"Blood Vial"},{"floor":23,"key":"White Beast Statue"},{"floor":26,"key":"Bronze Scales"},{"floor":43,"key":"Lantern"},{"floor":44,"key":"Juzu Bracelet"}],"event_choices":[{"damage_healed":18.0,"max_hp_gain":0.0,"max_hp_loss":0.0,"gold_gain":0.0,"event_name":"The Cleric","player_choice":"Healed","floor":2.0,"gold_loss":35.0,"damage_taken":0.0},{"damage_healed":0.0,"max_hp_gain":0.0,"max_hp_loss":0.0,"gold_gain":0.0,"event_name":"Golden Idol","player_choice":"Take Wound","floor":3.0,"gold_loss":0.0,"damage_taken":0.0,"relics_obtained":["Golden Idol"],"cards_obtained":["Injury"]},{"damage_healed":0,"gold_gain":0,"player_choice":"Fled","damage_taken":0,"max_hp_gain":0,"max_hp_loss":0,"event_name":"Scrap Ooze","floor":4,"gold_loss":0},{"damage_healed":0,"gold_gain":0,"cards_transformed":["Hello World","Echo Form"],"player_choice":"Became Test Subject","damage_taken":0,"max_hp_gain":0,"max_hp_loss":0,"event_name":"Drug Dealer","floor":19,"gold_loss":0,"cards_obtained":["Self Repair","Creative AI"]},{"damage_healed":0,"gold_gain":0,"player_choice":"Ignored","damage_taken":0,"max_hp_gain":0,"max_hp_loss":0,"event_name":"Vampires","floor":20,"gold_loss":0},{"cards_removed":["Injury"],"damage_healed":0,"gold_gain":0,"player_choice":"Gave Gold","damage_taken":0,"max_hp_gain":0,"max_hp_loss":0,"event_name":"Beggar","floor":21,"gold_loss":75},{"damage_healed":0,"gold_gain":0,"player_choice":"Ignored","damage_taken":0,"max_hp_gain":0,"max_hp_loss":0,"event_name":"Ghosts","floor":27,"gold_loss":0},{"damage_healed":20,"gold_gain":0,"player_choice":"Writhe","damage_taken":0,"max_hp_gain":0,"max_hp_loss":0,"event_name":"Winding Halls","floor":36,"gold_loss":0,"cards_obtained":["Writhe"]},{"damage_healed":0,"gold_gain":0,"player_choice":"Ignored","damage_taken":0,"max_hp_gain":0,"max_hp_loss":0,"event_name":"Mysterious Sphere","floor":39,"gold_loss":0},{"damage_healed":17,"gold_gain":0,"player_choice":"Heal","damage_taken":0,"max_hp_gain":0,"max_hp_loss":0,"event_name":"MindBloom","floor":41,"gold_loss":0,"cards_obtained":["Doubt"]},{"damage_healed":0,"gold_gain":0,"player_choice":"Ignored","damage_taken":0,"max_hp_gain":0,"max_hp_loss":0,"event_name":"Tomb of Lord Red Mask","floor":42,"gold_loss":0},{"damage_healed":0,"gold_gain":0,"player_choice":"Memory 1","damage_taken":0,"max_hp_gain":0,"max_hp_loss":0,"event_name":"SensoryStone","floor":45,"gold_loss":0},{"cards_removed":["Strike_B"],"damage_healed":0,"gold_gain":0,"player_choice":"Removed Attack","damage_taken":0,"max_hp_gain":0,"max_hp_loss":0,"event_name":"Falling","floor":46,"gold_loss":0}],"is_beta":false,"boss_relics":[{"not_picked":["Busted Crown","Cursed Key"],"picked":"Nuclear Battery"},{"not_picked":["Empty Cage","Runic Pyramid"],"picked":"Tiny House"}],"items_purged_floors":[],"is_endless":false,"potions_floor_spawned":[5,13,16,18,25,29,30,31,33,35,37,38,44,47,48],"killed_by":"Time Eater","ascension_level":0}}