{"host":"od06gsur5w60l0yz","time":1614027989,"event":{"mods":["BaseMod","Better Match","Better Third Choice","Colored Map","Dio Mod","Downfall","GifTheSpireLib","Googly Eyes","Hermit","Hubris","Minty Spire (QoL Compilation)","Reliquary","Replay The Spire","StSLib","The Cursed","The Forsaken","The Necromancer","The Senshi"],"gold_per_floor":[113,129,129,129,139,170,170,189,271,284,284,309,341,353,365,473,485,515,527,539,551,488,488],"floor_reached":22,"language":"ENG","playtime":1141,"items_purged":[],"score":313,"play_id":"8d169697-60ab-4759-b793-678d58b0046d","local_time":"20210222180629","is_ascension_mode":true,"campfire_choices":[{"floor":7,"key":"RECALL"},{"data":"dioMod:Muda","floor":15,"key":"SMITH"}],"circlet_count":0,"master_deck":["dioMod:Strike","dioMod:Strike","dioMod:Strike","dioMod:Strike","Bite","dioMod:Defend","dioMod:Defend","dioMod:Defend","dioMod:Defend","dioMod:GoodbyeJojo","dioMod:Freeze","Injury","downfall:Icky","dioMod:Muda+1","Clumsy","downfall:Aged","dioMod:ZaWarudo+1","dioMod:Refresh+1","Amnesia","hubris:Greed"],"relics":["dioMod:VampireBlood","downfall:ExtraCursedKey","Durian","hubris:PeanutButter","Golden Egg","MawBank","hubris:Towel","reliquary:WritOfMandamus","Replay:Arrowhead"],"acts_visited":["Exordium","TheCity"],"potions_floor_usage":[12,16,18],"damage_taken":[{"damage":8.0,"enemies":"Jaw Worm","floor":1.0,"turns":4.0},{"damage":4.0,"enemies":"2 Louse","floor":2.0,"turns":2.0},{"damage":1,"enemies":"Cultist","floor":5,"turns":3},{"damage":41,"enemies":"Lagavulin","floor":6,"turns":9},{"damage":12,"enemies":"Exordium Thugs","floor":8,"turns":4},{"damage":1,"enemies":"3 Louse","floor":10,"turns":4},{"damage":24,"enemies":"3 Sentries","floor":12,"turns":10},{"damage":8,"enemies":"Looter","floor":13,"turns":4},{"damage":50,"enemies":"Fading Forest","floor":16,"turns":11},{"damage":69,"enemies":"Shell Parasite","floor":18,"turns":13},{"damage":44,"enemies":"2 Thieves","floor":22,"turns":4}],"seed_played":"-8481910300286115636","potions_obtained":[{"floor":5,"key":"PowerPotion"},{"floor":6,"key":"Death Potion"},{"floor":10,"key":"Weak Potion"}],"is_trial":false,"path_per_floor":["M","M","?","?","M","E","R","M","T","M","T","E","M","?","R","B",null,"M","?","?","T","M"],"character_chosen":"THE_DEFAULT","items_purchased":[],"campfire_rested":0,"item_purchase_floors":[],"current_hp_per_floor":[81,82,82,74,80,55,55,53,53,65,65,56,53,53,53,20,87,31,31,31,31,0,0],"gold":488,"neow_bonus":"TEN_PERCENT_HP_BONUS","is_daily":false,"chose_seed":false,"campfire_upgraded":1,"win_rate":0.0,"timestamp":1614027989,"path_taken":["M","M","?","?","?","E","R","M","T","M","?","E","M","?","R","BOSS","M","?","?","?","?"],"items_purchased_type":[],"build_version":"2020-12-22","purchased_purges":0,"victory":false,"max_hp_per_floor":[82,82,82,82,82,87,87,87,87,87,87,87,87,87,87,87,87,87,87,87,87,87,87],"card_choices":[{"not_picked":["dioMod:SecretPlan","dioMod:BloodSuck"],"picked":"dioMod:GoodbyeJojo","floor":1.0},{"not_picked":["dioMod:BlendIn","dioMod:Diversion","dioMod:DisarmingVoice"],"picked":"SKIP","floor":2.0},{"not_picked":["dioMod:HeavyLifting","dioMod:DisarmingVoice","dioMod:VengefulMuda"],"picked":"SKIP","floor":5},{"not_picked":["dioMod:SadisticLaugh","dioMod:BloodShield"],"picked":"dioMod:Freeze","floor":6},{"not_picked":["dioMod:SadisticLaugh","dioMod:Diversion","dioMod:StreetSign"],"picked":"SKIP","floor":8},{"not_picked":["dioMod:DaggerToss","dioMod:LaserVision"],"picked":"dioMod:Muda","floor":10},{"not_picked":["dioMod:Diversion","dioMod:Pluck","dioMod:Roundabout"],"picked":"SKIP","floor":12},{"not_picked":["dioMod:FlyAway","dioMod:BloodShield","dioMod:LaserVision"],"picked":"SKIP","floor":13},{"not_picked":["dioMod:TheWalk","dioMod:Regeneration"],"picked":"dioMod:ZaWarudo","floor":16},{"not_picked":["dioMod:Roundabout+1","dioMod:ComposedMuda","dioMod:DarkRebirth"],"picked":"SKIP","floor":18}],"player_experience":269752,"relics_obtained":[{"floor":6,"key":"Durian"},{"floor":9,"key":"hubris:PeanutButter"},{"floor":11,"key":"Golden Egg"},{"floor":12,"key":"MawBank"},{"floor":21,"key":"Replay:Arrowhead"}],"event_choices":[{"damage_healed":0,"gold_gain":0,"player_choice":"Damaged","damage_taken":8,"max_hp_gain":0,"max_hp_loss":0,"event_name":"Wheel of Change","floor":4,"gold_loss":0},{"damage_healed":0,"gold_gain":0,"player_choice":"Read","damage_taken":0,"max_hp_gain":0,"max_hp_loss":0,"event_name":"The Library","floor":19,"gold_loss":0,"cards_obtained":["dioMod:Refresh"]},{"damage_healed":0,"gold_gain":0,"player_choice":"Ignored","damage_taken":0,"max_hp_gain":0,"max_hp_loss":0,"event_name":"The Mausoleum","floor":20,"gold_loss":0}],"is_beta":false,"boss_relics":[{"not_picked":["Replay:Grab Bag","reliquary:KinkedSpring"],"picked":"reliquary:WritOfMandamus"}],"items_purged_floors":[],"is_endless":false,"potions_floor_spawned":[5,6,10],"killed_by":"2 Thieves","ascension_level":2}}