{"host":"qc8p2flj7wsy3zpg","time":1614023483,"event":{"mods":["BaseMod","Highlight Path","Minty Spire (QoL Compilation)","Monster List Patch","Relic Stats","StSLib"],"gold_per_floor":[113,113,38,49,49,49,67,67,92,106,126,126,46,64,64,165,165,184,184,184,196,396,396,396,396],"floor_reached":24,"language":"ENG","playtime":600,"items_purged":["Defend_G"],"score":186,"play_id":"620416f1-b1f0-4391-be1e-7699348c95b4","local_time":"20210222135123","is_ascension_mode":false,"campfire_choices":[{"data":"Grand Finale","floor":6.0,"key":"SMITH"},{"data":"Adrenaline","floor":8.0,"key":"SMITH"},{"data":"Catalyst","floor":12.0,"key":"SMITH"},{"floor":15.0,"key":"REST"},{"floor":23,"key":"REST"}],"circlet_count":0,"master_deck":["Survivor","Neutralize","Grand Finale+1","Neutralize","Adrenaline+1","Dagger Throw","Deadly Poison","Catalyst+1","Deadly Poison","Grand Finale","Poisoned Stab","Wraith Form v2","Dash","Underhanded Strike","Flechettes","Acrobatics","Infinite Blades","Adrenaline","Night Terror","Accuracy","Distraction","Dagger Throw"],"relics":["Ring of the Snake","Happy Flower","Pandora\u0027s Box"],"acts_visited":["Exordium","TheCity"],"potions_floor_usage":[],"damage_taken":[{"damage":2.0,"enemies":"Jaw Worm","floor":1.0,"turns":7.0},{"damage":0.0,"enemies":"Cultist","floor":4.0,"turns":2.0},{"damage":0.0,"enemies":"Small Slimes","floor":7.0,"turns":3.0},{"damage":6.0,"enemies":"Exordium Thugs","floor":10.0,"turns":5.0},{"damage":0.0,"enemies":"Blue Slaver","floor":11.0,"turns":3.0},{"damage":25.0,"enemies":"Gremlin Gang","floor":14.0,"turns":5.0},{"damage":15.0,"enemies":"Slime Boss","floor":16.0,"turns":7.0},{"damage":18,"enemies":"Shell Parasite","floor":18,"turns":4},{"damage":32,"enemies":"3 Byrds","floor":21,"turns":6},{"damage":55,"enemies":"Cultist and Chosen","floor":24,"turns":6}],"seed_played":"-3401124532201471762","potions_obtained":[{"floor":7.0,"key":"Energy Potion"},{"floor":10.0,"key":"FearPotion"},{"floor":21,"key":"Strength Potion"}],"is_trial":false,"path_per_floor":["M","?","$","M","?","R","M","R","T","M","M","R","$","M","R","B",null,"M","?","?","M","?","R","M"],"character_chosen":"THE_SILENT","items_purchased":["Grand Finale"],"campfire_rested":2,"item_purchase_floors":[13],"current_hp_per_floor":[47,47,47,47,47,47,47,47,47,41,41,41,41,16,37,22,70,52,52,52,20,20,41,0,0],"gold":396,"neow_bonus":"THREE_RARE_CARDS","is_daily":false,"chose_seed":false,"campfire_upgraded":3,"win_rate":0.0,"timestamp":1614023483,"path_taken":["M","?","?","M","?","R","M","R","T","?","M","R","$","M","R","BOSS","M","?","?","M","?","R","M"],"items_purchased_type":["Card"],"build_version":"2020-12-22","purchased_purges":1,"victory":false,"max_hp_per_floor":[70,70,70,70,70,70,70,70,70,70,70,70,70,70,70,70,70,70,70,70,70,70,70,70,70],"relic_stats":{"Happy Flower":[12],"counters":[10,48],"Pandora\u0027s Box":["Dash","Underhanded Strike","Flechettes","Acrobatics","Infinite Blades","Adrenaline","Night Terror","Accuracy","Distraction"],"obtain_stats":[{"Happy Flower":9,"Pandora\u0027s Box":17,"Ring of the Snake":0},{"Happy Flower":3,"Pandora\u0027s Box":7,"Ring of the Snake":0},{"Happy Flower":12,"Pandora\u0027s Box":32,"Ring of the Snake":0}],"Ring of the Snake":[20]},"card_choices":[{"not_picked":["Envenom","Wraith Form v2"],"picked":"Grand Finale","floor":0.0},{"not_picked":["Dagger Spray","Blur"],"picked":"Dagger Throw","floor":4.0},{"not_picked":["Dagger Throw","Reflex"],"picked":"Deadly Poison","floor":7.0},{"not_picked":["Terror","Outmaneuver"],"picked":"Catalyst","floor":10.0},{"not_picked":["Flying Knee","Reflex"],"picked":"Deadly Poison","floor":11.0},{"not_picked":["Underhanded Strike","Sucker Punch"],"picked":"Poisoned Stab","floor":14.0},{"not_picked":["After Image","Burst"],"picked":"Wraith Form v2","floor":16.0},{"not_picked":["Crippling Poison","Blade Dance"],"picked":"Dagger Throw","floor":18}],"player_experience":2419801,"relics_obtained":[{"floor":9.0,"key":"Happy Flower"}],"event_choices":[{"damage_healed":0.0,"max_hp_gain":0.0,"max_hp_loss":0.0,"gold_gain":0.0,"event_name":"Match and Keep!","player_choice":"2 cards matched","floor":2.0,"gold_loss":0.0,"damage_taken":0.0,"cards_obtained":["Neutralize","Adrenaline"]},{"cards_removed":["Strike_G"],"damage_healed":0.0,"max_hp_gain":0.0,"max_hp_loss":0.0,"gold_gain":0.0,"event_name":"NoteForYourself","player_choice":"Took Card","floor":5.0,"gold_loss":0.0,"damage_taken":0.0,"cards_obtained":["Strike_P"]},{"damage_healed":0,"gold_gain":0,"player_choice":"Ignored","damage_taken":0,"max_hp_gain":0,"max_hp_loss":0,"event_name":"The Mausoleum","floor":19,"gold_loss":0},{"damage_healed":0,"gold_gain":0,"player_choice":"Ignored","damage_taken":0,"max_hp_gain":0,"max_hp_loss":0,"event_name":"Vampires","floor":20,"gold_loss":0},{"damage_healed":0,"gold_gain":250,"player_choice":"Bet on Owner","damage_taken":0,"max_hp_gain":0,"max_hp_loss":0,"event_name":"The Joust","floor":22,"gold_loss":50}],"is_beta":false,"boss_relics":[{"not_picked":["Calling Bell","Sozu"],"picked":"Pandora\u0027s Box"}],"items_purged_floors":[3],"is_endless":false,"potions_floor_spawned":[7,10,21],"killed_by":"Cultist and Chosen","ascension_level":0}}