{"host":"zs3tguvuxkh90jf4","time":1614026649,"event":{"mods":["AchievementEnabler","BaseMod","Better Silent Start","Better-Laid Plans","BetterRewards","Block Reminder","Colored Map","Colored Powertips","Gold Saver","Minty Spire (QoL Compilation)","Shop Mod","StSLib","Transform Curses"],"gold_per_floor":[3019,2152,2162,2172,2190,2215,2235,2267,2267,2279,2289,1356,1356,1281,1281,1355,1355,1371,1371,386,401,419,419,436,436,436,136,166,166,198,217,217,294,294,311,321,40,57,408,408,440,453,453,453,487,8,23,41,41,41,41,41,41,0,32,32],"floor_reached":57,"language":"ENG","playtime":2904,"items_purged":["Strike_R","Defend_R","Strike_R","Parasite"],"score":3457,"play_id":"2899f487-d2fe-4d6a-8e05-d30bf806055f","local_time":"20210222124409","is_ascension_mode":true,"campfire_choices":[{"data":"Body Slam","floor":15,"key":"SMITH"},{"data":"Apotheosis","floor":23,"key":"SMITH"},{"data":"Entrench","floor":25,"key":"SMITH"},{"data":"Infernal Blade","floor":29,"key":"SMITH"},{"data":"Limit Break","floor":32,"key":"SMITH"},{"floor":40,"key":"RECALL"},{"floor":44,"key":"REST"},{"floor":49,"key":"REST"},{"data":"Entrench","floor":53,"key":"SMITH"}],"circlet_count":0,"master_deck":["AscendersBane","Strike_R","Defend_R","Defend_R","Bash","Cleave","Thunderclap","Heavy Blade","Apotheosis+1","Shockwave","Body Slam+1","Demon Form","Rage","Fire Breathing","Entrench+1","Shrug It Off","Body Slam+1","Inflame","Secret Technique","Infernal Blade+1","Limit Break+1","Flex","Warcry+1","Dual Wield+1","Barricade+1","Flame Barrier","Offering","Entrench+1","Flame Barrier+1","Body Slam+1"],"relics":["Burning Blood","OrangePellets","Torii","Meat on the Bone","Anchor","Sling","MerchantsRug","Bag of Marbles","TungstenRod","Mercury Hourglass","Incense Burner","Lizard Tail","Black Star","Du-Vu Doll","Frozen Egg 2","FossilizedHelix","Bottled Tornado","Gremlin Horn","Turnip","Bottled Flame","Paper Frog","Unceasing Top","Ice Cream","HornCleat","White Beast Statue","Red Skull","ClockworkSouvenir","Self Forming Clay","Letter Opener"],"acts_visited":["Exordium","TheCity","TheBeyond","TheEnding"],"potions_floor_usage":[8,11,16,16,33,33,38,45,50,50,56],"damage_taken":[{"damage":15,"enemies":"2 Louse","floor":1,"turns":4},{"damage":1,"enemies":"Jaw Worm","floor":3,"turns":3},{"damage":11,"enemies":"Cultist","floor":4,"turns":4},{"damage":2,"enemies":"Large Slime","floor":5,"turns":5},{"damage":7,"enemies":"Lagavulin","floor":6,"turns":5},{"damage":15,"enemies":"Exordium Wildlife","floor":7,"turns":4},{"damage":9,"enemies":"3 Sentries","floor":8,"turns":4},{"damage":0,"enemies":"2 Fungi Beasts","floor":10,"turns":2},{"damage":0,"enemies":"Blue Slaver","floor":11,"turns":2},{"damage":17,"enemies":"Slime Boss","floor":16,"turns":6},{"damage":30,"enemies":"Spheric Guardian","floor":18,"turns":6},{"damage":11,"enemies":"Shell Parasite","floor":21,"turns":5},{"damage":15,"enemies":"Snake Plant","floor":22,"turns":5},{"damage":19,"enemies":"Shelled Parasite and Fungi","floor":24,"turns":6},{"damage":0,"enemies":"Book of Stabbing","floor":28,"turns":5},{"damage":10,"enemies":"Gremlin Leader","floor":30,"turns":4},{"damage":0,"enemies":"Chosen and Byrds","floor":31,"turns":4},{"damage":8,"enemies":"Champ","floor":33,"turns":8},{"damage":0,"enemies":"3 Shapes","floor":35,"turns":3},{"damage":0,"enemies":"Orb Walker","floor":36,"turns":5},{"damage":42,"enemies":"Transient","floor":38,"turns":6},{"damage":25,"enemies":"2 Orb Walkers","floor":39,"turns":4},{"damage":32,"enemies":"Reptomancer","floor":41,"turns":6},{"damage":27,"enemies":"Writhing Mass","floor":42,"turns":5},{"damage":33,"enemies":"Nemesis","floor":45,"turns":7},{"damage":34,"enemies":"Jaw Worm Horde","floor":47,"turns":3},{"damage":0,"enemies":"4 Shapes","floor":48,"turns":3},{"damage":13,"enemies":"Time Eater","floor":50,"turns":7},{"damage":64,"enemies":"Awakened One","floor":51,"turns":9},{"damage":54,"enemies":"Shield and Spear","floor":55,"turns":5},{"damage":39,"enemies":"The Heart","floor":56,"turns":8}],"seed_played":"-5602618092123464273","potions_obtained":[{"floor":1,"key":"Block Potion"},{"floor":5,"key":"SkillPotion"},{"floor":10,"key":"EntropicBrew"},{"floor":11,"key":"DistilledChaos"},{"floor":24,"key":"SpeedPotion"},{"floor":31,"key":"SteroidPotion"},{"floor":33,"key":"SteroidPotion"},{"floor":35,"key":"DuplicationPotion"},{"floor":38,"key":"Fruit Juice"},{"floor":42,"key":"Explosive Potion"},{"floor":47,"key":"DistilledChaos"},{"floor":55,"key":"PowerPotion"}],"is_trial":false,"path_per_floor":["M","$","M","M","M","E","M","E","T","M","M","$","?","?","R","B",null,"M","?","$","M","M","R","M","R","T","$","E","R","E","M","R","B",null,"M","M","$","M","?","R","E","M","T","R","E","$","M","M","R","B","B",null,"R","$","E","B",null],"character_chosen":"IRONCLAD","items_purchased":["OrangePellets","Torii","Meat on the Bone","Anchor","Sling","Thunderclap","Heavy Blade","Apotheosis","MerchantsRug","Fire Breathing","Entrench","Lee\u0027s Waffle","Strawberry","Incense Burner","Shrug It Off","Du-Vu Doll","Darkstone Periapt","Inflame","Secret Technique","FossilizedHelix","Paper Frog","Red Skull","Orrery","ClockworkSouvenir"],"campfire_rested":2,"item_purchase_floors":[0,0,0,2,2,2,2,2,2,12,12,12,12,12,12,20,20,20,20,27,37,46,46,54],"current_hp_per_floor":[55,55,60,55,59,58,49,46,46,52,58,89,89,89,89,78,86,62,62,62,57,60,60,59,59,59,59,65,65,61,67,67,65,83,89,89,89,58,51,51,37,34,34,64,49,49,33,51,80,73,27,80,80,80,44,23],"gold":32,"neow_bonus":"","is_daily":false,"chose_seed":false,"campfire_upgraded":6,"win_rate":0.0,"timestamp":1614026649,"path_taken":["M","$","M","M","M","E","M","E","T","M","M","$","?","?","R","BOSS","M","?","$","M","M","R","M","R","T","$","E","R","E","?","R","BOSS","M","M","$","M","?","R","E","M","T","R","E","$","M","M","R","BOSS","BOSS","R","$","E","BOSS"],"items_purchased_type":["Relic","Relic","Relic","Relic","Relic","Card","Card","Card","Relic","Card","Card","Relic","Relic","Relic","Card","Relic","Relic","Card","Card","Relic","Relic","Relic","Relic","Relic"],"build_version":"2020-12-22","purchased_purges":4,"victory":true,"max_hp_per_floor":[75,75,75,75,75,75,75,75,75,75,75,89,89,89,89,89,89,89,89,89,89,89,89,89,89,89,89,89,89,89,89,89,89,89,89,89,89,94,94,94,94,100,100,100,100,97,97,97,97,97,97,97,97,97,97,97],"card_choices":[{"not_picked":["Clothesline","Twin Strike"],"picked":"Cleave","floor":1},{"not_picked":["Spot Weakness","Shrug It Off"],"picked":"Shockwave","floor":3},{"not_picked":["Clothesline","Pommel Strike"],"picked":"Body Slam","floor":4},{"not_picked":["Clash","Pummel"],"picked":"Demon Form","floor":5},{"not_picked":["Second Wind","Wild Strike","Bludgeon"],"picked":"SKIP","floor":6},{"not_picked":["Heavy Blade","Headbutt","Wild Strike"],"picked":"SKIP","floor":7},{"not_picked":["Headbutt","Shockwave","Pummel"],"picked":"SKIP","floor":8},{"not_picked":["Anger","Flex"],"picked":"Rage","floor":10},{"not_picked":["Pommel Strike","True Grit","Carnage"],"picked":"SKIP","floor":11},{"not_picked":["Wild Strike","Burning Pact+1","Iron Wave+1"],"picked":"SKIP","floor":18},{"not_picked":["Inflame","Sword Boomerang","Rupture"],"picked":"SKIP","floor":21},{"not_picked":["Iron Wave","Evolve","Twin Strike+1"],"picked":"SKIP","floor":22},{"not_picked":["Burning Pact","Shrug It Off","Ghostly Armor"],"picked":"SKIP","floor":24},{"not_picked":["Blood for Blood","Uppercut"],"picked":"Infernal Blade","floor":28},{"not_picked":["Anger","Heavy Blade"],"picked":"Limit Break","floor":30},{"not_picked":["Warcry","Shrug It Off"],"picked":"Flex","floor":31},{"not_picked":["Thunderclap","Flex","Pommel Strike+1"],"picked":"SKIP","floor":35},{"not_picked":["Rampage+1","Havoc","Pommel Strike"],"picked":"SKIP","floor":36},{"not_picked":["Hemokinesis+1","Spot Weakness+1","Warcry"],"picked":"SKIP","floor":38},{"not_picked":["Power Through","Sever Soul"],"picked":"Flame Barrier","floor":39},{"not_picked":["Sever Soul","True Grit"],"picked":"Offering","floor":41},{"not_picked":["Sword Boomerang","Inflame+1","Disarm"],"picked":"SKIP","floor":42},{"not_picked":["Burning Pact+1","Evolve+1","Whirlwind"],"picked":"SKIP","floor":45},{"not_picked":["Rampage+1","Shrug It Off"],"picked":"Entrench","floor":46},{"not_picked":["Fire Breathing+1","Perfected Strike"],"picked":"Flame Barrier+1","floor":46},{"not_picked":["Headbutt","Reckless Charge","Thunderclap"],"picked":"SKIP","floor":47},{"not_picked":["Clash","Reckless Charge+1"],"picked":"Body Slam+1","floor":48},{"not_picked":["Shrug It Off","Bloodletting","Shockwave"],"picked":"SKIP","floor":55}],"player_experience":616463,"relics_obtained":[{"floor":6,"key":"Bag of Marbles"},{"floor":8,"key":"TungstenRod"},{"floor":9,"key":"Mercury Hourglass"},{"floor":26,"key":"Frozen Egg 2"},{"floor":28,"key":"Bottled Tornado"},{"floor":28,"key":"Gremlin Horn"},{"floor":30,"key":"Turnip"},{"floor":30,"key":"Bottled Flame"},{"floor":39,"key":"Old Coin"},{"floor":41,"key":"Unceasing Top"},{"floor":41,"key":"Ice Cream"},{"floor":45,"key":"HornCleat"},{"floor":45,"key":"White Beast Statue"},{"floor":55,"key":"Self Forming Clay"},{"floor":55,"key":"Letter Opener"}],"event_choices":[{"damage_healed":0,"gold_gain":0,"player_choice":"Box","damage_taken":0,"relics_obtained":["Lizard Tail"],"max_hp_gain":0,"max_hp_loss":0,"event_name":"Big Fish","floor":13,"gold_loss":0,"cards_obtained":["Regret"]},{"cards_removed":["Regret"],"damage_healed":0,"gold_gain":0,"player_choice":"Card Removal","damage_taken":0,"max_hp_gain":0,"max_hp_loss":0,"event_name":"The Cleric","floor":14,"gold_loss":75},{"damage_healed":0,"gold_gain":0,"player_choice":"Copied","damage_taken":0,"max_hp_gain":0,"max_hp_loss":0,"event_name":"Duplicator","floor":19,"gold_loss":0,"cards_obtained":["Body Slam"]},{"damage_healed":0,"gold_gain":0,"player_choice":"Fight","damage_taken":0,"max_hp_gain":0,"max_hp_loss":0,"event_name":"Mysterious Sphere","floor":39,"gold_loss":0}],"is_beta":false,"boss_relics":[{"not_picked":["Busted Crown","Philosopher\u0027s Stone"],"picked":"Black Star"},{"not_picked":["SacredBark","Cursed Key"],"picked":"Astrolabe"}],"items_purged_floors":[2,12,20,46],"is_endless":false,"potions_floor_spawned":[1,5,10,11,24,31,33,35,38,42,47,48,55],"ascension_level":20}}