{"host":"od06gsur5w60l0yz","time":1614026658,"event":{"mods":["BaseMod","Better Match","Better Third Choice","Colored Map","Dio Mod","Downfall","GifTheSpireLib","Googly Eyes","Hermit","Hubris","Minty Spire (QoL Compilation)","Reliquary","Replay The Spire","StSLib","The Cursed","The Forsaken","The Necromancer","The Senshi"],"gold_per_floor":[109,109,129,146,146,182,198,198,198],"floor_reached":8,"language":"ENG","playtime":562,"items_purged":[],"score":64,"play_id":"e6a46a47-6e2c-4b81-958d-d236388aac9c","local_time":"20210222174418","is_ascension_mode":true,"campfire_choices":[],"circlet_count":0,"master_deck":["dioMod:Strike","dioMod:Strike","dioMod:Strike","dioMod:Strike","Bite","dioMod:Defend","dioMod:Defend","dioMod:Defend","dioMod:Defend","dioMod:Freeze","dioMod:ComboFever","dioMod:GoodbyeJojo"],"relics":["hubris:Stopwatch","Golden Idol","Dream Catcher"],"acts_visited":["Exordium"],"potions_floor_usage":[3,6,7,8],"damage_taken":[{"damage":6,"enemies":"Jaw Worm","floor":1,"turns":5},{"damage":1,"enemies":"Cultist","floor":3,"turns":4},{"damage":6,"enemies":"2 Louse","floor":4,"turns":3},{"damage":33,"enemies":"Lagavulin","floor":6,"turns":11},{"damage":25,"enemies":"Large Slime","floor":7,"turns":9},{"damage":38,"enemies":"3 Sentries","floor":8,"turns":7}],"seed_played":"-4902532923746515102","potions_obtained":[{"floor":1,"key":"Regen Potion"},{"floor":2,"key":"Swift Potion"},{"floor":2,"key":"champ:CounterPotion"},{"floor":4,"key":"Fire Potion"},{"floor":6,"key":"Elixir"}],"is_trial":false,"path_per_floor":["M","?","M","M","?","E","M","E"],"character_chosen":"THE_DEFAULT","items_purchased":[],"campfire_rested":0,"item_purchase_floors":[],"current_hp_per_floor":[73,73,75,71,53,32,28,0,0],"gold":198,"neow_bonus":"BOSS_RELIC","is_daily":false,"chose_seed":false,"campfire_upgraded":0,"win_rate":0.0,"timestamp":1614026658,"path_taken":["M","?","?","M","?","E","M","E"],"items_purchased_type":[],"build_version":"2020-12-22","purchased_purges":0,"victory":false,"max_hp_per_floor":[75,75,75,75,75,75,75,75,75],"card_choices":[{"not_picked":["dioMod:Donut","dioMod:TripleThreat"],"picked":"dioMod:Freeze","floor":1},{"not_picked":["dioMod:DisarmingVoice","dioMod:Diversion"],"picked":"dioMod:ComboFever","floor":3},{"not_picked":["dioMod:Freeze","dioMod:DaggerSpree","dioMod:StreetSign"],"picked":"SKIP","floor":4},{"not_picked":["dioMod:HeavyLifting","dioMod:DarkRebirth"],"picked":"dioMod:GoodbyeJojo","floor":6},{"not_picked":["dioMod:BloodTransfusion","dioMod:Diversion","dioMod:SadisticLaugh"],"picked":"SKIP","floor":7}],"player_experience":269190,"relics_obtained":[{"floor":6,"key":"Dream Catcher"}],"event_choices":[{"damage_healed":0,"gold_gain":0,"player_choice":"Got Potions","damage_taken":0,"max_hp_gain":0,"max_hp_loss":0,"event_name":"Lab","floor":2,"gold_loss":0},{"damage_healed":0,"gold_gain":0,"player_choice":"Take Damage","damage_taken":18,"relics_obtained":["Golden Idol"],"max_hp_gain":0,"max_hp_loss":0,"event_name":"Golden Idol","floor":5,"gold_loss":0}],"is_beta":false,"boss_relics":[],"items_purged_floors":[],"is_endless":false,"potions_floor_spawned":[1,4,6],"killed_by":"3 Sentries","ascension_level":2}}