{"host":"ut3qe46kys7sl3ey","time":1614025191,"event":{"mods":["2.2 Compatiblity","AchievementEnabler","Bard","BaseMod","Bestiary","Better Altar","Better Match","Better Note","Better Sensory Stone","Better Skull","Better Third Choice","BetterRewards","Block Reminder","Colored Map","Colored Powertips","Curses Come First","DeckTracker","Downfall","Energized Spire","Friendly Minions","Highlight Path","Hubris","Infinite Spire","Minty Spire (QoL Compilation)","Permanent Neow","Quick Restart","Random Character Button","Relic Sorter","Relic Stats","Reliquary","Replay The Spire","StSLib","The Blue Laboratory","The Bug Knight","The Construct","The Cursed","The Jungle","The Mystic","The Spell Scribe","Unceasing Turn Reminder","Unknown Chances","Wandering Minibosses"],"gold_per_floor":[110,35,54,49,49,77,77,77,77,98,112,121,121,134,134,129,129],"floor_reached":16,"language":"ENG","playtime":1309,"items_purged":["downfall:Bewildered"],"score":112,"play_id":"09b1e793-261a-4854-aec6-190c3b367020","local_time":"20210222221951","is_ascension_mode":false,"campfire_choices":[{"floor":7,"key":"REST"},{"data":"BasicCrystalCard","floor":13,"key":"SMITH"},{"floor":15,"key":"REST"}],"circlet_count":0,"master_deck":["Strike_B","Strike_B","Strike_B","Strike_B","Defend_B","Defend_B","Defend_B","Defend_B","Zap","Dualcast","Hyperbeam","Streamline","Steam","Genetic Algorithm","Glacier","Panic Button","BasicCrystalCard+1","BootSequence","Static Discharge"],"relics":["Cracked Core","infinitespire:Eraser","hubris:TenFootPole","reliquary:Knoch","hubris:64BitClover"],"acts_visited":["Exordium"],"potions_floor_usage":[12],"damage_taken":[{"damage":10,"enemies":"Small Slimes","floor":1,"turns":3},{"damage":0,"enemies":"2 Louse","floor":3,"turns":1},{"damage":0,"enemies":"Cultist","floor":4,"turns":6},{"damage":38,"enemies":"3 Sentries","floor":6,"turns":7},{"damage":18,"enemies":"Lagavulin","floor":10,"turns":7},{"damage":1,"enemies":"Blue Slaver","floor":11,"turns":3},{"damage":11,"enemies":"Exordium Thugs","floor":12,"turns":7},{"damage":0,"enemies":"2 Fungi Beasts","floor":14,"turns":4},{"damage":42,"enemies":"Slime Boss","floor":16,"turns":7}],"seed_played":"5913266663568126696","potions_obtained":[{"floor":3,"key":"blueLaboratory:ConsumingVoid"},{"floor":6,"key":"blueLaboratory:BottleOfVodka"},{"floor":12,"key":"blueLaboratory:BottleOfRum"}],"is_trial":false,"path_per_floor":["M","$","M","M","?","E","R","?","T","E","M","M","R","M","R","B"],"character_chosen":"DEFECT","items_purchased":[],"campfire_rested":2,"item_purchase_floors":[],"current_hp_per_floor":[65,65,65,65,65,27,49,49,49,31,30,19,19,19,41,0,0],"gold":129,"neow_bonus":"THREE_RARE_CARDS","is_daily":false,"chose_seed":false,"campfire_upgraded":1,"win_rate":0.0,"timestamp":1614025191,"path_taken":["M","$","M","M","?","E","R","?","T","E","?","M","R","M","R","BOSS"],"items_purchased_type":[],"build_version":"2020-12-22","purchased_purges":1,"victory":false,"max_hp_per_floor":[75,75,75,75,75,75,75,75,75,75,75,75,75,75,75,75,75],"relic_stats":{"counters":[9,45],"obtain_stats":[{"hubris:64BitClover":9,"hubris:TenFootPole":6,"reliquary:Knoch":8,"infinitespire:Eraser":10,"Cracked Core":0},{"hubris:64BitClover":4,"hubris:TenFootPole":4,"reliquary:Knoch":4,"infinitespire:Eraser":5,"Cracked Core":0},{"hubris:64BitClover":17,"hubris:TenFootPole":17,"reliquary:Knoch":17,"infinitespire:Eraser":24,"Cracked Core":0}]},"card_choices":[{"not_picked":["hubris:Prefetch","Fission"],"picked":"Hyperbeam","floor":0},{"not_picked":["Gash","Force Field"],"picked":"Streamline","floor":1},{"not_picked":["Force Field","Cold Snap"],"picked":"Steam","floor":3},{"not_picked":["ReplaySort","Darkness"],"picked":"Genetic Algorithm","floor":4},{"not_picked":["ReplayTheSpireMod:Repulse","Recycle"],"picked":"Glacier","floor":6},{"not_picked":["Seek","Gash"],"picked":"Panic Button","floor":10},{"not_picked":["Tempest","Streamline"],"picked":"BasicCrystalCard","floor":11},{"not_picked":["Hologram","Leap"],"picked":"BootSequence","floor":12},{"not_picked":["ReplaySolidLightProjector","Cold Snap"],"picked":"Static Discharge","floor":14}],"player_experience":206584,"relics_obtained":[{"floor":6,"key":"hubris:TenFootPole"},{"floor":9,"key":"hubris:64BitClover"},{"floor":10,"key":"infinitespire:Eraser"}],"event_choices":[{"damage_healed":0,"gold_gain":0,"player_choice":"Gave Potion","damage_taken":0,"relics_obtained":["reliquary:Knoch"],"max_hp_gain":0,"max_hp_loss":0,"event_name":"WeMeetAgain","floor":8,"gold_loss":0}],"is_beta":false,"boss_relics":[],"items_purged_floors":[2],"is_endless":false,"potions_floor_spawned":[3,6,12],"killed_by":"Slime Boss","ascension_level":0}}