{"host":"ocllwaoi18j60ltd","time":1614018073,"event":{"mods":["BaseMod","DeckTracker","Minty Spire (QoL Compilation)","Permanent Neow","Quick Restart","StSLib","SuperFastMode"],"gold_per_floor":[119,194,204,61,76,76,93,126,195,224,234,250,250,261,261,335,335,353,33,83,93,18,18,18],"floor_reached":23,"language":"KOR","playtime":566,"items_purged":[],"score":406,"play_id":"f0655574-3e0b-4050-97f0-d8278c44f843","local_time":"20210223032113","is_ascension_mode":true,"campfire_choices":[{"data":"Defragment","floor":6,"key":"SMITH"},{"data":"Chaos","floor":13,"key":"SMITH"},{"floor":15,"key":"REST"}],"circlet_count":0,"master_deck":["AscendersBane","Strike_B","Strike_B","Strike_B","Strike_B","Defend_B","Defend_B","Defend_B","Zap","Dualcast","Beam Cell","Defragment+1","Hologram","Glacier","Sweeping Beam","Rebound","Conserve Battery","Cold Snap","Chaos+1","Blizzard","Creative AI","Turbo","Ball Lightning","Barrage"],"relics":["Cracked Core","Lizard Tail","Bottled Tornado","DataDisk","Inserter","Peace Pipe"],"acts_visited":["Exordium","TheCity"],"potions_floor_usage":[10,10,18,23],"damage_taken":[{"damage":7,"enemies":"Jaw Worm","floor":1,"turns":2},{"damage":9,"enemies":"2 Louse","floor":3,"turns":3},{"damage":7,"enemies":"Small Slimes","floor":5,"turns":3},{"damage":12,"enemies":"Looter","floor":7,"turns":3},{"damage":11,"enemies":"3 Sentries","floor":8,"turns":7},{"damage":2,"enemies":"Gremlin Nob","floor":10,"turns":3},{"damage":0,"enemies":"Red Slaver","floor":11,"turns":3},{"damage":0,"enemies":"Lots of Slimes","floor":12,"turns":2},{"damage":27,"enemies":"Exordium Thugs","floor":14,"turns":4},{"damage":10,"enemies":"Slime Boss","floor":16,"turns":5},{"damage":25,"enemies":"3 Byrds","floor":18,"turns":7},{"damage":27,"enemies":"2 Thieves","floor":21,"turns":4},{"damage":20,"enemies":"Slavers","floor":23,"turns":1}],"seed_played":"6448164829335062986","potions_obtained":[{"floor":1,"key":"SteroidPotion"},{"floor":5,"key":"FearPotion"},{"floor":11,"key":"Dexterity Potion"},{"floor":16,"key":"ColorlessPotion"},{"floor":18,"key":"Strength Potion"}],"is_trial":false,"path_per_floor":["M","?","M","$","M","R","M","E","T","E","M","M","R","M","R","B",null,"M","$","?","M","$","E"],"character_chosen":"DEFECT","items_purchased":["Glacier","Sweeping Beam","Peace Pipe","Ball Lightning","Barrage"],"campfire_rested":1,"item_purchase_floors":[4,4,19,22,22],"current_hp_per_floor":[57,46,37,37,30,30,18,7,7,5,5,5,5,14,35,25,60,35,35,35,8,8,0,0],"gold":18,"neow_bonus":"TRANSFORM_CARD","is_daily":false,"chose_seed":false,"campfire_upgraded":2,"win_rate":0.0,"timestamp":1614018073,"path_taken":["M","?","M","$","M","R","M","E","T","E","M","M","R","M","R","BOSS","M","$","?","M","$","E"],"items_purchased_type":["Card","Card","Relic","Card","Card"],"build_version":"2020-12-22","purchased_purges":0,"victory":false,"max_hp_per_floor":[71,71,71,71,71,71,71,71,71,71,71,71,71,71,71,71,71,71,71,71,71,71,71,71],"card_choices":[{"not_picked":["Storm","Fusion"],"picked":"Defragment","floor":1},{"not_picked":["Reinforced Body","White Noise"],"picked":"Hologram","floor":3},{"not_picked":["Scrape","Hologram"],"picked":"Rebound","floor":5},{"not_picked":["Beam Cell","Capacitor"],"picked":"Conserve Battery","floor":7},{"not_picked":["Machine Learning","Storm"],"picked":"Cold Snap","floor":8},{"not_picked":["Leap","Redo","All For One"],"picked":"SKIP","floor":10},{"not_picked":["BootSequence","Darkness"],"picked":"Chaos","floor":11},{"not_picked":["Rebound","Auto Shields","Reprogram"],"picked":"SKIP","floor":12},{"not_picked":["Scrape","White Noise"],"picked":"Blizzard","floor":14},{"not_picked":["All For One","Meteor Strike"],"picked":"Creative AI","floor":16},{"not_picked":["Conserve Battery","Redo"],"picked":"Turbo","floor":18},{"not_picked":["Go for the Eyes","Streamline","Steam"],"picked":"SKIP","floor":21}],"player_experience":862332,"relics_obtained":[{"floor":8,"key":"Lizard Tail"},{"floor":9,"key":"Bottled Tornado"},{"floor":10,"key":"DataDisk"}],"event_choices":[{"damage_healed":0,"gold_gain":75,"player_choice":"Gather Gold","damage_taken":11,"max_hp_gain":0,"max_hp_loss":0,"event_name":"World of Goop","floor":2,"gold_loss":0},{"damage_healed":0,"gold_gain":50,"player_choice":"Stole From Cult","damage_taken":0,"max_hp_gain":0,"max_hp_loss":0,"event_name":"Nest","floor":20,"gold_loss":0}],"is_beta":false,"boss_relics":[{"not_picked":["Nuclear Battery","Philosopher\u0027s Stone"],"picked":"Inserter"}],"items_purged_floors":[],"is_endless":false,"potions_floor_spawned":[1,5,11,16,18],"killed_by":"Slavers","ascension_level":20}}