{"host":"6fvsmq01sdgzycy0","time":1614009461,"event":{"mods":["ATMod(°¢èªMod)","Act Like it!","Arknights","BaseMod","Challenge The Spire","Energized Spire","Friendly Minions","Gensokyo","GifTheSpireLib","Luminous","Minty Spire (QoL Compilation)","StSLib","Td1madao Mod","UnlockEverythingMod","Yuyuko"],"gold_per_floor":[112,187,137,152,169,169,184,184,184,197,226,102,131,157,157,157,157],"floor_reached":16,"language":"ZHS","playtime":950,"items_purged":[],"score":112,"play_id":"5365702b-2bf4-4bbd-80fb-b5a6fc967abf","local_time":"20210222235741","is_ascension_mode":false,"campfire_choices":[{"data":"ats:Emotion Absorption","floor":6,"key":"SMITH"},{"data":"AT_FamilyPortrait","floor":8,"key":"SMITH"},{"floor":15,"key":"REST"}],"circlet_count":0,"master_deck":["ats:Strike C","ats:Strike G","ats:Strike S","ats:Strike V","ats:Armor Crushing Shot","ats:Defend","ats:Defend","ats:Defend","ats:Emotion Absorption+1","AT_FamilyPortrait+1","ats:Ignite","ats:Apocalypse","ats:Poison Spread","ats:Poison Spread"],"relics":["ats:Sanity","AT_ATBox","NeowsBlessing","ats:Originium","Ginger","CeramicFish"],"acts_visited":["Exordium"],"potions_floor_usage":[11,13,13,13,16],"damage_taken":[{"damage":0,"enemies":"Jaw Worm","floor":1,"turns":1},{"damage":0,"enemies":"Cultist","floor":4,"turns":1},{"damage":2,"enemies":"2 Louse","floor":5,"turns":1},{"damage":6,"enemies":"Red Slaver","floor":7,"turns":4},{"damage":11,"enemies":"2 Fungi Beasts","floor":10,"turns":3},{"damage":30,"enemies":"Gremlin Nob","floor":11,"turns":4},{"damage":17,"enemies":"3 Sentries","floor":13,"turns":7},{"damage":15,"enemies":"Looter","floor":14,"turns":3},{"damage":49,"enemies":"The Guardian","floor":16,"turns":6}],"seed_played":"-7278549637072612947","potions_obtained":[{"floor":1,"key":"SkillPotion"},{"floor":10,"key":"Block Potion"},{"floor":11,"key":"Energy Potion"},{"floor":13,"key":"DistilledChaos"},{"floor":14,"key":"LiquidMemories"}],"is_trial":false,"path_per_floor":["M","?","?","M","M","R","M","R","T","M","E","$","E","M","R","B"],"character_chosen":"DOCTOR_CLASS","items_purchased":["ats:Poison Spread","Regen Potion"],"campfire_rested":1,"item_purchase_floors":[12,12],"current_hp_per_floor":[72,61,61,61,59,59,53,53,53,42,16,16,22,14,36,0,0],"gold":157,"neow_bonus":"THREE_ENEMY_KILL","is_daily":false,"chose_seed":false,"campfire_upgraded":2,"win_rate":0.0,"timestamp":1614009461,"path_taken":["M","?","?","M","?","R","M","R","T","M","E","$","E","M","R","BOSS"],"items_purchased_type":["Card","Potion"],"build_version":"2020-12-22","purchased_purges":0,"victory":false,"max_hp_per_floor":[72,72,72,72,72,72,72,72,72,72,72,72,72,75,75,75,75],"card_choices":[{"not_picked":["ats:Automatic Cover","ats:Leaping Hammer","ats:Curse Doll"],"picked":"SKIP","floor":1},{"not_picked":["ats:Cat Scratch","ats:Hook Shot"],"picked":"ats:Ignite","floor":4},{"not_picked":["ats:Powerful Strike","ats:Automatic Cover","ats:Ignite"],"picked":"SKIP","floor":5},{"not_picked":["ats:Directed Diagnosis","ats:Explosion Area Strengthen","ats:Rat Pack"],"picked":"SKIP","floor":7},{"not_picked":["ats:Blood Oath","ats:Very Hot Blade"],"picked":"ats:Apocalypse","floor":10},{"not_picked":["ats:LN2 Cannon","ats:Demon Strength","ats:Mental Burst"],"picked":"SKIP","floor":11},{"not_picked":["ats:Automatic Cover","ats:Shadow Assault","ats:Flexible Camouflage"],"picked":"SKIP","floor":13},{"not_picked":["ats:Assault Order","ats:Revitalization"],"picked":"ats:Poison Spread","floor":14}],"player_experience":48187,"relics_obtained":[{"floor":11,"key":"ats:Originium"},{"floor":11,"key":"Ginger"},{"floor":13,"key":"ats:Originium"},{"floor":13,"key":"CeramicFish"}],"event_choices":[{"damage_healed":0,"gold_gain":75,"player_choice":"Gather Gold","damage_taken":11,"max_hp_gain":0,"max_hp_loss":0,"event_name":"World of Goop","floor":2,"gold_loss":0},{"cards_removed":["ats:Defend"],"damage_healed":0,"gold_gain":0,"player_choice":"Card Removal","damage_taken":0,"max_hp_gain":0,"max_hp_loss":0,"event_name":"The Cleric","floor":3,"gold_loss":50}],"is_beta":false,"boss_relics":[],"items_purged_floors":[],"is_endless":false,"potions_floor_spawned":[1,10,11,13,14],"killed_by":"The Guardian","ascension_level":0}}