{"host":"ie50qk0ts9eskyyo","time":1614013419,"event":{"mods":["BaseMod","BetterRewards","Colored Map","Curses Come First","Downfall","Gremlin Mod","Highlight Path","Hubris","Infinite Spire","Minty Spire (QoL Compilation)","Quick Restart","Reliquary","Replay The Spire","Shop Mod","StSLib","SuperFastMode","The Dragon Tamer","The Jungle"],"gold_per_floor":[112,112,112,112,132,132,163,179,179,179,212,236,252,83,83,209,272,297,172,197,197,218,218,218],"floor_reached":23,"language":"ENG","playtime":2917,"items_purged":["Strike_B","Sickly","Strike_B"],"score":201,"play_id":"caac1694-a08b-4929-88d8-f8cfc3421221","local_time":"20210222120339","is_ascension_mode":true,"campfire_choices":[{"data":"hubris:EnhanceAbility","floor":6.0,"key":"SMITH"},{"floor":10.0,"key":"REST"},{"data":"Loop","floor":15.0,"key":"SMITH"}],"circlet_count":0,"master_deck":["Strike_B","Strike_B","Defend_B","Defend_B","Defend_B","Defend_B+1","Zap+1","Dualcast","hubris:EnhanceAbility+1","Loop+1","Coolheaded+1","BootSequence+1","BasicCrystalCard","Lockon","Echo Form","Skim","Leap"],"relics":["Cracked Core","ClockworkSouvenir","Akabeko","hubris:SlimyHat","Centennial Puzzle","Golden Idol","Odd Mushroom","War Paint","Tiny House"],"acts_visited":["Exordium","TheCity"],"potions_floor_usage":[23],"damage_taken":[{"damage":0.0,"enemies":"Cultist","floor":1.0,"turns":3.0},{"damage":0.0,"enemies":"Jaw Worm","floor":5.0,"turns":4.0},{"damage":10.0,"enemies":"The Mushroom Lair","floor":7.0,"turns":5.0},{"damage":0.0,"enemies":"Small Slimes","floor":8.0,"turns":3.0},{"damage":13.0,"enemies":"3 Sentries","floor":11.0,"turns":8.0},{"damage":6.0,"enemies":"Exordium Wildlife","floor":12.0,"turns":3.0},{"damage":4.0,"enemies":"2 Fungi Beasts","floor":13.0,"turns":3.0},{"damage":6.0,"enemies":"Hexaghost","floor":16.0,"turns":10.0},{"damage":6.0,"enemies":"3 Byrds","floor":18.0,"turns":5.0},{"damage":19.0,"enemies":"2 Thieves","floor":20.0,"turns":4.0},{"damage":45.0,"enemies":"3 Cultists","floor":22.0,"turns":7.0},{"damage":0,"enemies":"Book of Stabbing","floor":23,"turns":1}],"seed_played":"5858984932129983462","potions_obtained":[{"floor":7.0,"key":"Dexterity Potion"},{"floor":8.0,"key":"BlessingOfTheForge"},{"floor":11.0,"key":"Adrenaline Potion"},{"floor":17.0,"key":"Swift Potion"}],"is_trial":false,"path_per_floor":["M","?","?","?","M","R","?","M","T","R","E","M","M","$","R","B",null,"M","$","M","?","M","E"],"character_chosen":"DEFECT","items_purchased":["ClockworkSouvenir","Akabeko","hubris:SlimyHat","hubris:EnhanceAbility","Loop","Coolheaded+1","Fruit Juice","FearPotion","Lockon"],"campfire_rested":1,"item_purchase_floors":[0,0,0,0,0,0,0,0,14],"current_hp_per_floor":[40,20,20,20,20,20,10,10,10,32,19,13,9,9,9,3,79,73,73,54,54,9,9,9],"gold":218,"neow_bonus":"","is_daily":false,"chose_seed":false,"campfire_upgraded":2,"win_rate":0.0,"timestamp":1614013419,"path_taken":["M","?","?","?","?","R","?","M","T","R","E","M","M","$","R","BOSS","M","$","M","?","M","E"],"items_purchased_type":["Relic","Relic","Relic","Card","Card","Card","Potion","Potion","Card"],"build_version":"2020-12-22","purchased_purges":3,"victory":false,"max_hp_per_floor":[75,80,74,74,74,74,74,74,74,74,74,74,74,74,74,74,79,79,79,79,79,79,79,79],"card_choices":[{"not_picked":["Streamline","Barrage","Reprogram"],"picked":"SKIP","floor":1.0},{"not_picked":["Rebound","Panic Button"],"picked":"BootSequence","floor":5.0},{"not_picked":["Go for the Eyes","Stack","Cold Snap"],"picked":"SKIP","floor":8.0},{"not_picked":["Hologram","Compile Driver","Hyperbeam"],"picked":"SKIP","floor":11.0},{"not_picked":["Rebound","Sweeping Beam","Panic Button"],"picked":"SKIP","floor":12.0},{"not_picked":["Force Field","Gash"],"picked":"BasicCrystalCard","floor":13.0},{"not_picked":["Amplify","Rainbow"],"picked":"Echo Form","floor":16.0},{"not_picked":["ReplayGash","Sweeping Beam"],"picked":"Skim","floor":18.0},{"not_picked":["Redo+1","ReplayTheSpireMod:Calculation Training"],"picked":"Leap","floor":20.0},{"not_picked":["Compile Driver","Barrage","Skim+1"],"picked":"SKIP","floor":22.0}],"player_experience":118545,"relics_obtained":[{"floor":7.0,"key":"Odd Mushroom"},{"floor":9.0,"key":"War Paint"}],"event_choices":[{"damage_healed":0.0,"max_hp_gain":0.0,"max_hp_loss":0.0,"gold_gain":0.0,"event_name":"Scrap Ooze","player_choice":"Success","floor":2.0,"gold_loss":0.0,"damage_taken":25.0,"relics_obtained":["Centennial Puzzle"]},{"damage_healed":0.0,"max_hp_gain":0.0,"max_hp_loss":6.0,"gold_gain":0.0,"event_name":"Golden Idol","player_choice":"Lose Max HP","floor":3.0,"gold_loss":0.0,"damage_taken":0.0,"relics_obtained":["Golden Idol"]},{"damage_healed":0.0,"max_hp_gain":0.0,"max_hp_loss":0.0,"gold_gain":0.0,"event_name":"Mushrooms","player_choice":"Fought Mushrooms","floor":7.0,"gold_loss":0.0,"damage_taken":0.0},{"damage_healed":0.0,"max_hp_gain":0.0,"max_hp_loss":0.0,"gold_gain":0.0,"event_name":"Cursed Tome","player_choice":"Ignored","floor":21.0,"gold_loss":0.0,"damage_taken":0.0}],"is_beta":false,"boss_relics":[{"not_picked":["Replay:Drink Me","Replay:Fungal Core"],"picked":"Tiny House"}],"items_purged_floors":[0,14,19],"is_endless":false,"potions_floor_spawned":[7,8,11,18,20],"killed_by":"Book of Stabbing","ascension_level":1}}