{"host":"bf5upntvbdompq33","time":1614020763,"event":{"mods":["BaseMod","Bestiary","Colored Map","Colored Powertips","Curses Come First","Highlight Path","Minty Spire (QoL Compilation)","StSLib","ojb\u0027s Info Mod"],"gold_per_floor":[117,132,132,57,57,75,91,91,91,122,122,157,170,39,39,39,39],"floor_reached":16,"language":"ENG","playtime":2478,"items_purged":["Clumsy"],"score":176,"play_id":"cf372fd0-7cbb-4075-ae88-d061c0373898","local_time":"20210222120603","is_ascension_mode":true,"campfire_choices":[{"floor":8,"key":"REST"},{"floor":11,"key":"REST"},{"floor":15,"key":"REST"}],"circlet_count":0,"master_deck":["AscendersBane","Strike_B","Strike_B","Strike_B","Defend_B","Defend_B","Defend_B","Defend_B","Zap","Dualcast","Reboot","Streamline","Streamline","Stack","Sweeping Beam","Ball Lightning","Redo","Glacier","Coolheaded","Turbo","Static Discharge"],"relics":["Cracked Core","Mummified Hand","Pen Nib","Happy Flower"],"acts_visited":["Exordium"],"potions_floor_usage":[10,12],"damage_taken":[{"damage":13,"enemies":"Jaw Worm","floor":1,"turns":4},{"damage":0,"enemies":"Small Slimes","floor":2,"turns":3},{"damage":0,"enemies":"Cultist","floor":6,"turns":3},{"damage":20,"enemies":"Large Slime","floor":7,"turns":4},{"damage":30,"enemies":"3 Sentries","floor":10,"turns":4},{"damage":39,"enemies":"Gremlin Nob","floor":12,"turns":4},{"damage":9,"enemies":"Blue Slaver","floor":13,"turns":3},{"damage":35,"enemies":"The Guardian","floor":16,"turns":4}],"seed_played":"5111875654867423236","potions_obtained":[{"floor":2,"key":"EntropicBrew"},{"floor":6,"key":"EssenceOfDarkness"},{"floor":7,"key":"Explosive Potion"},{"floor":13,"key":"Dexterity Potion"}],"is_trial":false,"path_per_floor":["M","M","?","$","?","M","M","R","T","E","R","E","M","$","R","B"],"character_chosen":"DEFECT","items_purchased":["Turbo","Static Discharge"],"campfire_rested":3,"item_purchase_floors":[14,14],"current_hp_per_floor":[55,55,55,55,60,60,40,64,64,34,58,19,10,10,34,0,0],"gold":39,"neow_bonus":"THREE_RARE_CARDS","is_daily":false,"chose_seed":false,"campfire_upgraded":0,"win_rate":0.0,"timestamp":1614020763,"path_taken":["M","M","?","$","?","M","M","R","T","E","R","E","M","$","R","BOSS"],"items_purchased_type":["Card","Card"],"build_version":"2020-12-22","purchased_purges":1,"victory":false,"max_hp_per_floor":[75,75,75,75,80,80,80,80,80,80,80,80,80,80,80,80,80],"card_choices":[{"not_picked":["Biased Cognition","Buffer"],"picked":"Reboot","floor":0},{"not_picked":["Consume","Compile Driver"],"picked":"Streamline","floor":1},{"not_picked":["Gash","Chill"],"picked":"Streamline","floor":2},{"not_picked":["Reprogram","Coolheaded"],"picked":"Sweeping Beam","floor":6},{"not_picked":["Redo","Sweeping Beam"],"picked":"Ball Lightning","floor":7},{"not_picked":["Meteor Strike","Force Field"],"picked":"Redo","floor":10},{"not_picked":["Genetic Algorithm","Redo"],"picked":"Glacier","floor":12},{"not_picked":["Gash","Consume"],"picked":"Coolheaded","floor":13}],"player_experience":1701309,"relics_obtained":[{"floor":9,"key":"Mummified Hand"},{"floor":10,"key":"Pen Nib"},{"floor":12,"key":"Happy Flower"}],"event_choices":[{"damage_healed":0,"gold_gain":0,"cards_transformed":["Strike_B"],"player_choice":"Change","damage_taken":0,"max_hp_gain":0,"max_hp_loss":0,"event_name":"Living Wall","floor":3,"gold_loss":0,"cards_obtained":["Stack"]},{"damage_healed":0,"gold_gain":0,"player_choice":"Donut","damage_taken":0,"max_hp_gain":5,"max_hp_loss":0,"event_name":"Big Fish","floor":5,"gold_loss":0}],"is_beta":false,"boss_relics":[],"items_purged_floors":[4],"is_endless":false,"potions_floor_spawned":[2,6,7,13],"killed_by":"The Guardian","ascension_level":12}}