{"host":"aqym1xxr3lb31d9m","time":1614007616,"event":{"mods":["BaseMod","Block Reminder","Colored Map","Colored Powertips","DeckTracker","Highlight Path","Minty Spire (QoL Compilation)","Quick Restart","Random Character Button","StSLib","SuperFastMode","UnlockEverythingMod"],"gold_per_floor":[115,115,126,140,150,150,177,177,231,261,290,366,378,50,50,50,50],"floor_reached":16,"language":"JPN","playtime":563,"items_purged":[],"score":229,"play_id":"90a4f896-f4e5-4fc8-8983-ea72cbb997f3","local_time":"20210223002656","is_ascension_mode":true,"campfire_choices":[{"data":"Beam Cell","floor":6,"key":"SMITH"},{"data":"Zap","floor":8,"key":"SMITH"},{"floor":15,"key":"REST"}],"circlet_count":0,"master_deck":["AscendersBane","Strike_B","Strike_B","Strike_B","Defend_B","Defend_B","Defend_B","Defend_B+1","Zap+1","Dualcast","Panacea","Gash","Gash","Gash","Beam Cell+1","Leap","Gash","Conserve Battery","Genetic Algorithm+1"],"relics":["Cracked Core","StrikeDummy","MawBank","War Paint","Gambling Chip"],"acts_visited":[],"potions_floor_usage":[7,12,16,16],"damage_taken":[{"damage":7,"enemies":"2 Louse","floor":1,"turns":4},{"damage":2,"enemies":"Cultist","floor":3,"turns":4},{"damage":4,"enemies":"Jaw Worm","floor":4,"turns":4},{"damage":7,"enemies":"3 Louse","floor":5,"turns":3},{"damage":10,"enemies":"Lagavulin","floor":7,"turns":5},{"damage":4,"enemies":"Exordium Wildlife","floor":10,"turns":3},{"damage":9,"enemies":"Large Slime","floor":11,"turns":5},{"damage":16,"enemies":"3 Sentries","floor":12,"turns":6},{"damage":27,"enemies":"Slime Boss","floor":16,"turns":7}],"seed_played":"-5806105719539282252","potions_obtained":[{"floor":1,"key":"Dexterity Potion"},{"floor":3,"key":"SpeedPotion"},{"floor":10,"key":"PowerPotion"},{"floor":12,"key":"Weak Potion"}],"is_trial":false,"path_per_floor":["M","?","M","M","M","R","E","R","T","M","M","?","?","$","R","B"],"character_chosen":"DEFECT","items_purchased":["Gambling Chip"],"campfire_rested":1,"item_purchase_floors":[14],"current_hp_per_floor":[57,57,55,51,44,44,34,34,34,30,21,5,5,5,26,0,0],"gold":50,"neow_bonus":"RANDOM_COLORLESS","is_daily":false,"chose_seed":false,"campfire_upgraded":2,"win_rate":0.0,"timestamp":1614007616,"path_taken":["M","?","M","?","M","R","E","R","T","M","M","?","?","?","R","BOSS"],"items_purchased_type":["Relic"],"build_version":"2020-12-22","purchased_purges":0,"victory":false,"max_hp_per_floor":[71,71,71,71,71,71,71,71,71,71,71,71,71,71,71,71,71],"card_choices":[{"not_picked":["Good Instincts","Deep Breath"],"picked":"Panacea","floor":0},{"not_picked":["Consume","Leap"],"picked":"Gash","floor":1},{"not_picked":["Coolheaded","Turbo"],"picked":"Gash","floor":3},{"not_picked":["Steam","Streamline"],"picked":"Gash","floor":4},{"not_picked":["Hologram","Chill"],"picked":"Beam Cell","floor":5},{"not_picked":["Turbo","Capacitor"],"picked":"Leap","floor":7},{"not_picked":["Sweeping Beam","Static Discharge"],"picked":"Gash","floor":10},{"not_picked":["Hello World","Multi-Cast"],"picked":"Conserve Battery","floor":11},{"not_picked":["Steam","Ball Lightning"],"picked":"Genetic Algorithm","floor":12}],"player_experience":4223785,"relics_obtained":[{"floor":7,"key":"StrikeDummy"},{"floor":9,"key":"MawBank"},{"floor":12,"key":"War Paint"}],"event_choices":[{"cards_removed":["Strike_B"],"damage_healed":0,"gold_gain":0,"player_choice":"Offered Basic","damage_taken":0,"max_hp_gain":0,"max_hp_loss":0,"event_name":"Bonfire Elementals","floor":2,"gold_loss":0},{"damage_healed":0,"gold_gain":0,"player_choice":"Searched \u00272\u0027 times","damage_taken":0,"max_hp_gain":0,"max_hp_loss":0,"event_name":"Dead Adventurer","floor":12,"gold_loss":0},{"damage_healed":0,"gold_gain":0,"player_choice":"Ignored","damage_taken":0,"max_hp_gain":0,"max_hp_loss":0,"event_name":"Golden Wing","floor":13,"gold_loss":0}],"is_beta":false,"boss_relics":[],"items_purged_floors":[],"is_endless":false,"potions_floor_spawned":[1,3,5,10,12],"killed_by":"Slime Boss","ascension_level":20}}