{"host":"khwpnvgc3av0w6xd","time":1614024194,"event":{"mods":["BaseMod","Block Reminder","Colored Map","DeckTracker","Highlight Path","Minty Spire (QoL Compilation)","Quick Restart"],"gold_per_floor":[119,119,119,131,209,243,41,72,72,87,87,106,106,181,181,278,278,293,208,228,228,240,240,259,10,10,10,21,21,121,148,148,148,148],"floor_reached":33,"language":"DEU","playtime":1469,"items_purged":[],"score":300,"play_id":"1a1bab07-c027-4c53-9f04-9bd02a4ec1a2","local_time":"20210222210314","is_ascension_mode":true,"campfire_choices":[{"floor":11,"key":"REST"},{"data":"Eruption","floor":13,"key":"SMITH"},{"floor":15,"key":"REST"},{"data":"DevaForm","floor":23,"key":"SMITH"},{"floor":32,"key":"REST"}],"circlet_count":0,"master_deck":["Strike_P","Strike_P","Strike_P","Strike_P","Defend_P","Defend_P","Defend_P","Defend_P","Eruption+1","Vigilance","CarveReality+1","Wallop+1","JustLucky+1","FlurryOfBlows+1","CarveReality+1","DevaForm+1","ReachHeaven+1","FlurryOfBlows+1","Writhe","Indignation+1","Worship","Eruption+1","BowlingBash+1","WindmillStrike+1","ClearTheMind"],"relics":["PureWater","Anchor","Molten Egg 2","Sundial","Vajra","Turnip","Sozu","White Beast Statue","WingedGreaves","Yang","PreservedInsect","Peace Pipe","Blue Candle","Happy Flower"],"acts_visited":["Exordium","TheCity"],"potions_floor_usage":[6,16],"damage_taken":[{"damage":0,"enemies":"Jaw Worm","floor":1,"turns":4},{"damage":0,"enemies":"Cultist","floor":4,"turns":2},{"damage":36,"enemies":"Lagavulin","floor":6,"turns":3},{"damage":9,"enemies":"3 Sentries","floor":8,"turns":7},{"damage":0,"enemies":"2 Louse","floor":10,"turns":1},{"damage":0,"enemies":"Large Slime","floor":12,"turns":2},{"damage":41,"enemies":"Hexaghost","floor":16,"turns":5},{"damage":0,"enemies":"Chosen","floor":18,"turns":3},{"damage":13,"enemies":"2 Thieves","floor":20,"turns":3},{"damage":13,"enemies":"Snecko","floor":22,"turns":5},{"damage":0,"enemies":"Sentry and Sphere","floor":24,"turns":2},{"damage":0,"enemies":"Chosen and Byrds","floor":28,"turns":3},{"damage":4,"enemies":"Colosseum Slavers","floor":30,"turns":3},{"damage":0,"enemies":"Colosseum Nobs","floor":30,"turns":3},{"damage":26,"enemies":"Slavers","floor":31,"turns":4},{"damage":52,"enemies":"Champ","floor":33,"turns":6}],"seed_played":"4236747039682524396","potions_obtained":[{"floor":4,"key":"AttackPotion"},{"floor":10,"key":"LiquidBronze"},{"floor":16,"key":"LiquidBronze"}],"is_trial":false,"path_per_floor":["M","?","$","M","?","E","$","E","T","M","R","M","R","?","R","B",null,"M","?","M","?","M","R","M","$","T","?","M","?","?","E","R","B"],"character_chosen":"WATCHER","items_purchased":["Vajra","JustLucky+1","Yang"],"campfire_rested":3,"item_purchase_floors":[7,7,25],"current_hp_per_floor":[72,72,72,72,72,36,36,27,27,27,48,48,48,37,58,17,72,72,72,59,59,46,46,46,46,46,46,46,46,42,16,37,0,0],"gold":148,"neow_bonus":"RANDOM_COMMON_RELIC","is_daily":false,"chose_seed":false,"campfire_upgraded":2,"win_rate":0.0,"timestamp":1614024194,"path_taken":["M","?","?","M","?","E","$","E","T","M","R","M","R","?","R","BOSS","M","?","M","?","M","R","M","$","T","?","?","?","?","E","R","BOSS"],"items_purchased_type":["Relic","Card","Relic"],"build_version":"2020-12-22","purchased_purges":0,"victory":false,"max_hp_per_floor":[72,72,72,72,72,72,72,72,72,72,72,72,72,72,72,72,72,72,72,72,72,72,72,72,72,72,72,72,72,72,72,72,72,72],"card_choices":[{"not_picked":["SashWhip","PathToVictory"],"picked":"TalkToTheHand","floor":1},{"not_picked":["SignatureMove+1","Prostrate"],"picked":"CarveReality+1","floor":4},{"not_picked":["JustLucky+1","EmptyFist+1"],"picked":"Wallop+1","floor":6},{"not_picked":["PathToVictory","CrushJoints+1"],"picked":"FlurryOfBlows+1","floor":8},{"not_picked":["InnerPeace","CrushJoints+1","Consecrate+1"],"picked":"SKIP","floor":10},{"not_picked":["PathToVictory","Meditate"],"picked":"CarveReality+1","floor":12},{"not_picked":["Omniscience","ConjureBlade"],"picked":"DevaForm","floor":16},{"not_picked":["Protect","SashWhip+1"],"picked":"ReachHeaven+1","floor":18},{"not_picked":["FlyingSleeves+1","ForeignInfluence"],"picked":"FlurryOfBlows+1","floor":20},{"not_picked":["CrushJoints+1","ClearTheMind"],"picked":"Indignation+1","floor":22},{"not_picked":["EmptyBody","Indignation"],"picked":"Worship","floor":24},{"not_picked":["Halt","Nirvana"],"picked":"BowlingBash+1","floor":28},{"not_picked":["SandsOfTime+1","BowlingBash+1"],"picked":"WindmillStrike+1","floor":30},{"not_picked":["InnerPeace","FearNoEvil+1"],"picked":"ClearTheMind","floor":31}],"player_experience":122766,"relics_obtained":[{"floor":6,"key":"Sundial"},{"floor":8,"key":"Turnip"},{"floor":26,"key":"PreservedInsect"},{"floor":30,"key":"Peace Pipe"},{"floor":30,"key":"Blue Candle"},{"floor":31,"key":"Happy Flower"}],"event_choices":[{"cards_removed":["TalkToTheHand"],"damage_healed":0,"gold_gain":0,"player_choice":"Gave Card","damage_taken":0,"relics_obtained":["Molten Egg 2"],"max_hp_gain":0,"max_hp_loss":0,"event_name":"WeMeetAgain","floor":2,"gold_loss":0},{"damage_healed":0,"gold_gain":78,"player_choice":"Gained Gold","damage_taken":0,"max_hp_gain":0,"max_hp_loss":0,"event_name":"Golden Wing","floor":5,"gold_loss":0},{"damage_healed":0,"gold_gain":75,"player_choice":"Gather Gold","damage_taken":11,"max_hp_gain":0,"max_hp_loss":0,"event_name":"World of Goop","floor":14,"gold_loss":0},{"damage_healed":0,"gold_gain":0,"player_choice":"Obtained Relic","damage_taken":0,"relics_obtained":["White Beast Statue"],"max_hp_gain":0,"max_hp_loss":0,"event_name":"Addict","floor":19,"gold_loss":85},{"damage_healed":0,"gold_gain":0,"player_choice":"Opened","damage_taken":0,"relics_obtained":["WingedGreaves"],"max_hp_gain":0,"max_hp_loss":0,"event_name":"The Mausoleum","floor":21,"gold_loss":0,"cards_obtained":["Writhe"]},{"damage_healed":0,"gold_gain":0,"player_choice":"Copied","damage_taken":0,"max_hp_gain":0,"max_hp_loss":0,"event_name":"Duplicator","floor":27,"gold_loss":0,"cards_obtained":["Eruption"]},{"damage_healed":0,"gold_gain":0,"player_choice":"Ignored","damage_taken":0,"max_hp_gain":0,"max_hp_loss":0,"event_name":"Vampires","floor":29,"gold_loss":0},{"damage_healed":0,"gold_gain":0,"player_choice":"Fight","damage_taken":0,"max_hp_gain":0,"max_hp_loss":0,"event_name":"Colosseum","floor":30,"gold_loss":0},{"damage_healed":0,"gold_gain":0,"player_choice":"Fought Nobs","damage_taken":0,"max_hp_gain":0,"max_hp_loss":0,"event_name":"Colosseum","floor":30,"gold_loss":0}],"is_beta":false,"boss_relics":[{"not_picked":["Runic Dome","Busted Crown"],"picked":"Sozu"}],"items_purged_floors":[],"is_endless":false,"potions_floor_spawned":[4,10,16,20,22,24,28,30,30,31],"killed_by":"Champ","ascension_level":2}}