{"host":"739q3ftv0guoc3pi","time":1614030836,"event":{"mods":["AchievementEnabler","Act Like it!","BaseMod","BetterRewards","Colored Map","Colored Powertips","Gensokyo","Hermit","Highlight Path","Minty Spire (QoL Compilation)","Quick Restart","Relic Stats","StSLib"],"gold_per_floor":[116,126,126,126,137,137,167,167,167,167,167],"floor_reached":10,"language":"ENG","playtime":262,"items_purged":[],"score":66,"play_id":"51f2a868-a0ee-4da1-a6be-aea4ed88006b","local_time":"20210222155356","is_ascension_mode":false,"campfire_choices":[{"data":"hermit:CursedWeapon","floor":6,"key":"SMITH"},{"data":"hermit:TrackingShot","floor":8,"key":"SMITH"}],"circlet_count":0,"master_deck":["hermit:Strike_Hermit","hermit:Strike_Hermit","hermit:Strike_Hermit","hermit:Strike_Hermit","hermit:Defend_Hermit","hermit:Defend_Hermit","hermit:Defend_Hermit","hermit:Snapshot+1","hermit:Covet","hermit:BodyArmor","hermit:BodyArmor+1","Flex","hermit:CursedWeapon+1","hermit:TrackingShot+1"],"relics":["hermit:Momento","NeowsBlessing","Meat on the Bone","hermit:Horseshoe"],"acts_visited":["Exordium"],"potions_floor_usage":[7],"damage_taken":[{"damage":0,"enemies":"2 Louse","floor":1,"turns":1},{"damage":0,"enemies":"Small Slimes","floor":2,"turns":1},{"damage":0,"enemies":"Cultist","floor":5,"turns":1},{"damage":43,"enemies":"Gremlin Nob","floor":7,"turns":5},{"damage":11,"enemies":"3 Sentries","floor":10,"turns":4}],"seed_played":"735447928106577983","potions_obtained":[{"floor":2,"key":"Strength Potion"}],"is_trial":false,"path_per_floor":["M","M","?","?","M","R","E","R","T","E"],"character_chosen":"HERMIT","items_purchased":[],"campfire_rested":0,"item_purchase_floors":[],"current_hp_per_floor":[75,75,60,60,60,60,17,17,17,6,6],"gold":167,"neow_bonus":"THREE_ENEMY_KILL","is_daily":false,"chose_seed":false,"campfire_upgraded":2,"win_rate":0.0,"timestamp":1614030836,"path_taken":["M","M","?","?","?","R","E","R","T","E"],"items_purchased_type":[],"build_version":"2020-12-22","purchased_purges":0,"victory":false,"max_hp_per_floor":[75,75,75,75,75,75,75,75,75,75,75],"relic_stats":{"counters":[5,12],"obtain_stats":[{"NeowsBlessing":0,"hermit:Horseshoe":9,"hermit:Momento":0,"Meat on the Bone":7},{"NeowsBlessing":0,"hermit:Horseshoe":4,"hermit:Momento":0,"Meat on the Bone":4},{"NeowsBlessing":0,"hermit:Horseshoe":8,"hermit:Momento":0,"Meat on the Bone":8}],"Meat on the Bone":0},"card_choices":[{"not_picked":["hermit:Feint","hermit:Malice"],"picked":"hermit:BodyArmor","floor":1},{"not_picked":["hermit:Manifest","hermit:WideOpen"],"picked":"hermit:BodyArmor","floor":2},{"not_picked":["hermit:Dive","hermit:Quickdraw"],"picked":"hermit:CursedWeapon","floor":5},{"not_picked":["hermit:WideOpen","hermit:RoundhouseKick"],"picked":"hermit:TrackingShot","floor":7}],"player_experience":166847,"relics_obtained":[{"floor":7,"key":"Meat on the Bone"},{"floor":9,"key":"hermit:Horseshoe"}],"event_choices":[{"damage_healed":0,"gold_gain":0,"player_choice":"Entered Light","damage_taken":15,"max_hp_gain":0,"max_hp_loss":0,"event_name":"Shining Light","floor":3,"gold_loss":0,"cards_upgraded":["hermit:Snapshot","hermit:BodyArmor"]},{"cards_removed":["hermit:Defend_Hermit"],"damage_healed":0,"gold_gain":0,"player_choice":"Took Card","damage_taken":0,"max_hp_gain":0,"max_hp_loss":0,"event_name":"NoteForYourself","floor":4,"gold_loss":0,"cards_obtained":["Flex"]}],"is_beta":false,"boss_relics":[],"items_purged_floors":[],"is_endless":false,"potions_floor_spawned":[2],"killed_by":"3 Sentries","ascension_level":0}}