{"host":"vjt3l4e4gk5t90rp","time":1614014726,"event":{"mods":["BaseMod","Colored Map","Highlight Path","Minty Spire (QoL Compilation)","StSLib"],"gold_per_floor":[20,20,40,215,62,105,105,126,152,185,201,201,214,214,214,214,214],"floor_reached":16,"language":"KOR","playtime":882,"items_purged":["Doubt"],"score":116,"play_id":"9ae1a206-3114-447d-9947-ec068d8b8288","local_time":"20210223022526","is_ascension_mode":true,"campfire_choices":[{"floor":7.0,"key":"REST"},{"floor":12.0,"key":"REST"},{"floor":15.0,"key":"REST"}],"circlet_count":0,"master_deck":["Strike_R","Strike_R","Strike_R","Strike_R","Defend_R","Defend_R","Defend_R","Defend_R","Bash","Injury","Burning Pact","Spot Weakness","Battle Trance","Evolve","Bloodletting","Second Wind","Warcry","Fire Breathing","Inflame"],"relics":["Burning Blood","Shovel","Golden Idol","Dream Catcher","Omamori","Magic Flower"],"acts_visited":["Exordium"],"potions_floor_usage":[16],"damage_taken":[{"damage":10.0,"enemies":"Cultist","floor":1.0,"turns":4.0},{"damage":5.0,"enemies":"Jaw Worm","floor":3.0,"turns":4.0},{"damage":47.0,"enemies":"Gremlin Nob","floor":6.0,"turns":6.0},{"damage":10.0,"enemies":"2 Louse","floor":8.0,"turns":3.0},{"damage":42.0,"enemies":"3 Sentries","floor":10.0,"turns":12.0},{"damage":10.0,"enemies":"Large Slime","floor":11.0,"turns":7.0},{"damage":17.0,"enemies":"3 Louse","floor":13.0,"turns":5.0},{"damage":54,"enemies":"Hexaghost","floor":16,"turns":9}],"seed_played":"-5843211894283151865","potions_obtained":[{"floor":3.0,"key":"EssenceOfSteel"},{"floor":6.0,"key":"ColorlessPotion"},{"floor":13.0,"key":"SteroidPotion"}],"is_trial":false,"path_per_floor":["M","?","M","?","$","E","R","M","T","E","M","R","M","?","R","B"],"character_chosen":"IRONCLAD","items_purchased":["Spot Weakness"],"campfire_rested":3,"item_purchase_floors":[5],"current_hp_per_floor":[76,76,77,77,77,36,60,56,56,20,19,43,35,28,52,0,0],"gold":214,"neow_bonus":"ONE_RARE_RELIC","is_daily":false,"chose_seed":false,"campfire_upgraded":0,"win_rate":0.0,"timestamp":1614014726,"path_taken":["M","?","M","?","$","E","R","M","T","E","M","R","M","?","R","BOSS"],"items_purchased_type":["Card"],"build_version":"2020-12-22","purchased_purges":1,"victory":false,"max_hp_per_floor":[80,80,80,80,80,80,80,80,80,80,80,80,80,80,80,80,80],"card_choices":[{"not_picked":["Clothesline","Wild Strike","Metallicize"],"picked":"SKIP","floor":1.0},{"not_picked":["Dual Wield","Flex"],"picked":"Burning Pact","floor":3.0},{"not_picked":["Uppercut","Pummel","Whirlwind"],"picked":"SKIP","floor":6.0},{"not_picked":["Body Slam","Pummel"],"picked":"Battle Trance","floor":7.0},{"not_picked":["Pommel Strike","Disarm"],"picked":"Evolve","floor":8.0},{"not_picked":["Anger","Ghostly Armor"],"picked":"Bloodletting","floor":10.0},{"not_picked":["Clash","Headbutt"],"picked":"Second Wind","floor":11.0},{"not_picked":["Iron Wave","Entrench"],"picked":"Warcry","floor":12.0},{"not_picked":["Sword Boomerang","Twin Strike"],"picked":"Fire Breathing","floor":13.0},{"not_picked":["Infernal Blade","Shockwave"],"picked":"Inflame","floor":15.0}],"player_experience":143027,"relics_obtained":[{"floor":6.0,"key":"Dream Catcher"},{"floor":9.0,"key":"Omamori"},{"floor":10.0,"key":"Magic Flower"}],"event_choices":[{"damage_healed":0.0,"max_hp_gain":0.0,"max_hp_loss":0.0,"gold_gain":0.0,"event_name":"Golden Idol","player_choice":"Take Wound","floor":2.0,"gold_loss":0.0,"damage_taken":0.0,"relics_obtained":["Golden Idol"],"cards_obtained":["Injury"]},{"damage_healed":0.0,"max_hp_gain":0.0,"max_hp_loss":0.0,"gold_gain":175.0,"event_name":"Liars Game","player_choice":"AGREE","floor":4.0,"gold_loss":0.0,"damage_taken":0.0,"cards_obtained":["Doubt"]},{"cards_removed":["Strike_R"],"damage_healed":0.0,"max_hp_gain":0.0,"max_hp_loss":0.0,"gold_gain":0.0,"event_name":"Golden Wing","player_choice":"Card Removal","floor":14.0,"gold_loss":0.0,"damage_taken":7.0}],"is_beta":false,"boss_relics":[],"items_purged_floors":[5],"is_endless":false,"potions_floor_spawned":[3,6,13],"killed_by":"Hexaghost","ascension_level":1}}