{"host":"kda2p2afd6bvz6qo","time":1614023456,"event":{"mods":["BaseMod","Colored Map","Minty Spire (QoL Compilation)","Relic Stats"],"gold_per_floor":[99,99,99,99,99,99,99,99,99,99,99,99,99,99,99,99,99,99,54,54,54,54,54,54,54,54],"floor_reached":25,"language":"ENG","playtime":1481,"items_purged":[],"score":350,"play_id":"2be7e316-7e2f-4bb0-acbb-6f64fc03be61","local_time":"20210222195056","is_ascension_mode":true,"campfire_choices":[{"data":"Sweeping Beam","floor":6.0,"key":"SMITH"},{"data":"Reprogram","floor":11.0,"key":"SMITH"},{"data":"Gash","floor":13.0,"key":"SMITH"},{"floor":15.0,"key":"REST"}],"circlet_count":0,"master_deck":["AscendersBane","Strike_B","Strike_B","Strike_B","Strike_B","Defend_B","Defend_B","Defend_B","Defend_B","Zap","Dualcast","Sweeping Beam+1","Rebound","Reprogram+1","Gash+1","Self Repair","Core Surge","Conserve Battery+1","Seek","Fusion"],"relics":["Ectoplasm","CaptainsWheel","Smiling Mask","Runic Pyramid","Gambling Chip"],"acts_visited":["Exordium","TheCity"],"potions_floor_usage":[25],"damage_taken":[{"damage":2.0,"enemies":"2 Louse","floor":1.0,"turns":3.0},{"damage":2.0,"enemies":"Jaw Worm","floor":3.0,"turns":4.0},{"damage":0.0,"enemies":"Cultist","floor":7.0,"turns":3.0},{"damage":15.0,"enemies":"3 Sentries","floor":8.0,"turns":6.0},{"damage":8.0,"enemies":"Blue Slaver","floor":10.0,"turns":3.0},{"damage":3.0,"enemies":"Gremlin Gang","floor":12.0,"turns":4.0},{"damage":19.0,"enemies":"Gremlin Nob","floor":14.0,"turns":5.0},{"damage":21.0,"enemies":"The Guardian","floor":16.0,"turns":10.0},{"damage":13.0,"enemies":"3 Byrds","floor":18.0,"turns":5.0},{"damage":22.0,"enemies":"2 Thieves","floor":19.0,"turns":4.0},{"damage":19.0,"enemies":"Centurion and Healer","floor":21.0,"turns":6.0},{"damage":5.0,"enemies":"Chosen and Byrds","floor":22.0,"turns":6.0},{"damage":28.0,"enemies":"Slavers","floor":23.0,"turns":6.0},{"damage":26,"enemies":"Book of Stabbing","floor":25,"turns":5}],"seed_played":"-7514650063050741303","potions_obtained":[{"floor":5.0,"key":"Strength Potion"},{"floor":5.0,"key":"DuplicationPotion"},{"floor":5.0,"key":"Weak Potion"},{"floor":7.0,"key":"Explosive Potion"},{"floor":10.0,"key":"EntropicBrew"},{"floor":19.0,"key":"Ancient Potion"},{"floor":22.0,"key":"LiquidMemories"},{"floor":23.0,"key":"PowerPotion"}],"is_trial":false,"path_per_floor":["M","$","M","?","?","R","M","E","T","M","R","M","R","E","R","B",null,"M","M","?","M","M","E","$","E"],"character_chosen":"DEFECT","items_purchased":[],"campfire_rested":1,"item_purchase_floors":[],"current_hp_per_floor":[66,66,64,69,69,69,69,54,54,46,46,43,43,24,48,34,69,70,55,55,43,45,24,24,0,0],"gold":54,"neow_bonus":"BOSS_RELIC","is_daily":false,"chose_seed":false,"campfire_upgraded":3,"win_rate":0.0,"timestamp":1614023456,"path_taken":["M","$","M","?","?","R","?","E","T","M","R","M","R","E","R","BOSS","M","M","?","M","M","E","$","E"],"items_purchased_type":[],"build_version":"2020-12-22","purchased_purges":0,"victory":false,"max_hp_per_floor":[75,75,75,80,80,80,80,80,80,80,80,80,80,80,80,80,80,80,80,80,80,80,80,80,80,80],"relic_stats":{"counters":[14,70],"Gambling Chip":[4],"Ectoplasm":378,"Smiling Mask":0,"obtain_stats":[{"CaptainsWheel":8,"Gambling Chip":23,"Ectoplasm":0,"Cracked Core":0,"Smiling Mask":14,"Runic Pyramid":17},{"CaptainsWheel":4,"Gambling Chip":13,"Ectoplasm":0,"Cracked Core":0,"Smiling Mask":7,"Runic Pyramid":8},{"CaptainsWheel":16,"Gambling Chip":65,"Ectoplasm":0,"Cracked Core":0,"Smiling Mask":28,"Runic Pyramid":38}]},"card_choices":[{"not_picked":["Coolheaded","Heatsinks"],"picked":"Sweeping Beam","floor":1.0},{"not_picked":["Barrage","Static Discharge"],"picked":"Rebound","floor":3.0},{"not_picked":["Rebound","Leap","Sweeping Beam"],"picked":"SKIP","floor":7.0},{"not_picked":["Steam","White Noise","Chaos"],"picked":"SKIP","floor":8.0},{"not_picked":["Barrage","Hologram"],"picked":"Reprogram","floor":10.0},{"not_picked":["Force Field","Beam Cell"],"picked":"Gash","floor":12.0},{"not_picked":["Scrape","Capacitor"],"picked":"Self Repair","floor":14.0},{"not_picked":["Machine Learning","Reboot"],"picked":"Core Surge","floor":16.0},{"not_picked":["Coolheaded","Compile Driver","Steam"],"picked":"SKIP","floor":19.0},{"not_picked":["Ball Lightning","Compile Driver"],"picked":"Conserve Battery+1","floor":21.0},{"not_picked":["Coolheaded+1","Turbo+1"],"picked":"Seek","floor":22.0},{"not_picked":["Consume+1","Beam Cell"],"picked":"Fusion","floor":23.0}],"player_experience":296219,"relics_obtained":[{"floor":8.0,"key":"CaptainsWheel"},{"floor":14.0,"key":"Smiling Mask"},{"floor":23.0,"key":"Gambling Chip"}],"event_choices":[{"damage_healed":0.0,"max_hp_gain":5.0,"max_hp_loss":0.0,"gold_gain":0.0,"event_name":"Big Fish","player_choice":"Donut","floor":4.0,"gold_loss":0.0,"damage_taken":0.0},{"damage_healed":0.0,"max_hp_gain":0.0,"max_hp_loss":0.0,"gold_gain":0.0,"event_name":"Lab","player_choice":"Got Potions","floor":5.0,"gold_loss":0.0,"damage_taken":0.0},{"damage_healed":0.0,"max_hp_gain":0.0,"max_hp_loss":0.0,"gold_gain":0.0,"event_name":"Golden Shrine","player_choice":"Ignored","floor":20.0,"gold_loss":0.0,"damage_taken":0.0}],"is_beta":false,"boss_relics":[{"not_picked":["Sozu","Empty Cage"],"picked":"Runic Pyramid"}],"items_purged_floors":[],"is_endless":false,"potions_floor_spawned":[7,10,12,19,22,23],"killed_by":"Book of Stabbing","ascension_level":10}}