{"host":"9ac506c1ebg8floo","time":1614031236,"event":{"mods":["BaseMod","Colored Powertips","Curses Come First","Minty Spire (QoL Compilation)","Replay The Spire","Shop Mod","StSLib"],"gold_per_floor":[361,39,139,158,174,174,199,199,199,199,219,219,219,219,231,264,264,362,362,380,393,413,430,25,25,25],"floor_reached":25,"language":"ENG","playtime":2073,"items_purged":[],"score":213,"play_id":"30d598ae-2994-42ee-a3ef-059bd1f6c777","local_time":"20210222230036","is_ascension_mode":false,"campfire_choices":[{"data":"ReplayTheSpireMod:Brewmster","floor":6,"key":"SMITH"},{"data":"Demonic Infusion","floor":8,"key":"SMITH"},{"data":"ReplayTheSpireMod:Stacked","floor":10,"key":"SMITH"},{"data":"True Grit","floor":12,"key":"SMITH"},{"data":"Seeing Red","floor":17,"key":"SMITH"}],"circlet_count":0,"master_deck":["Strike_R","Strike_R","Strike_R","Strike_R","Strike_R","Defend_R","Defend_R","Defend_R","Defend_R","Bash","Battle Trance","ReplayTheSpireMod:Brewmster+1","ReplayTheSpireMod:Stacked+1","Spot Weakness","Demonic Infusion+1","True Grit+1","Seeing Red+1","Whirlwind+1","Fiend Fire+1","Limit Break"],"relics":["Burning Blood","HandDrill","Charon\u0027s Ashes","Molten Egg 2","Sundial","Runic Cube","Divine Protection"],"acts_visited":["Exordium","TheCity"],"potions_floor_usage":[4,4,7,7,7,7,7,7,11,11,15,15,16,16,16,16,16,16,18,18,18,18,18,18,20,20,21,21,22,23,23,23,23,25,25],"damage_taken":[{"damage":15,"enemies":"Jaw Worm","floor":1,"turns":5},{"damage":8,"enemies":"Cultist","floor":4,"turns":5},{"damage":2,"enemies":"2 Louse","floor":5,"turns":4},{"damage":8,"enemies":"Gremlin Nob","floor":7,"turns":5},{"damage":16,"enemies":"Large Slime","floor":11,"turns":6},{"damage":0,"enemies":"3 Louse","floor":15,"turns":1},{"damage":4,"enemies":"Lagavulin","floor":16,"turns":5},{"damage":11,"enemies":"The Guardian","floor":18,"turns":6},{"damage":10,"enemies":"Shell Parasite","floor":20,"turns":3},{"damage":28,"enemies":"Spheric Guardian","floor":21,"turns":5},{"damage":32,"enemies":"Snake Plant","floor":22,"turns":4},{"damage":12,"enemies":"Centurion and Healer","floor":23,"turns":6},{"damage":55,"enemies":"Book of Stabbing","floor":25,"turns":5}],"seed_played":"-176636516170651242","potions_obtained":[{"floor":1,"key":"Weak Potion"},{"floor":11,"key":"Fire Potion"},{"floor":15,"key":"SpeedPotion"},{"floor":16,"key":"ElixirPotion"}],"is_trial":false,"path_per_floor":["M","$","?","M","M","R","E","R","T","R","M","R","PTL","PTL","M","E","R","B",null,"M","M","M","M","$","E"],"character_chosen":"IRONCLAD","items_purchased":["ReplayTheSpireMod:Brewmster","HandDrill","Limit Break","Divine Protection"],"campfire_rested":0,"item_purchase_floors":[2,2,24,24],"current_hp_per_floor":[63,63,63,61,65,65,63,63,63,63,67,67,67,67,72,72,72,67,72,68,46,20,14,14,0,0],"gold":25,"neow_bonus":"TWO_FIFTY_GOLD","is_daily":false,"chose_seed":false,"campfire_upgraded":5,"win_rate":0.0,"timestamp":1614031236,"path_taken":["M","$","?","?","M","R","E","R","T","R","M","R","PTL","PTL","M","E","R","BOSS","M","M","M","M","$","E"],"items_purchased_type":["Card","Relic","Card","Relic"],"build_version":"2020-12-22","purchased_purges":0,"victory":false,"max_hp_per_floor":[72,72,72,72,72,72,72,72,72,72,72,72,72,72,72,72,72,72,72,72,72,72,72,72,72,72],"card_choices":[{"not_picked":["ReplayTheSpireMod:Strike From Hell","Heavy Blade"],"picked":"Battle Trance","floor":1},{"not_picked":["Heavy Blade","Iron Wave"],"picked":"ReplayTheSpireMod:Stacked","floor":4},{"not_picked":["Life Link","Havoc"],"picked":"Spot Weakness","floor":5},{"not_picked":["Entrench","ReplayTheSpireMod:Strike From Hell"],"picked":"Demonic Infusion","floor":7},{"not_picked":["ReplayTheSpireMod:Strike From Hell+1","Replay:Undeath\u0027s Touch+1"],"picked":"True Grit","floor":11},{"not_picked":["Spot Weakness","Flex"],"picked":"Seeing Red","floor":15},{"not_picked":["Ghostly Armor","Wild Strike+1"],"picked":"Whirlwind+1","floor":16},{"not_picked":["Barricade","Bludgeon+1"],"picked":"Fiend Fire+1","floor":18},{"not_picked":["Headbutt+1","Armaments+1","Twin Strike+1"],"picked":"SKIP","floor":20},{"not_picked":["Wild Strike+1","Armaments","Perfected Strike+1"],"picked":"SKIP","floor":21},{"not_picked":["Havoc","Fiend Fire+1","Whirlwind+1"],"picked":"SKIP","floor":22},{"not_picked":["Wild Strike+1","Disarm","Heavy Blade+1"],"picked":"SKIP","floor":23}],"player_experience":358936,"relics_obtained":[{"floor":7,"key":"Charon\u0027s Ashes"},{"floor":9,"key":"Molten Egg 2"},{"floor":16,"key":"Sundial"}],"event_choices":[{"damage_healed":0,"gold_gain":100,"player_choice":"Pray","damage_taken":0,"max_hp_gain":0,"max_hp_loss":0,"event_name":"Golden Shrine","floor":3,"gold_loss":0}],"is_beta":false,"boss_relics":[{"not_picked":["SlaversCollar","Runic Dome"],"picked":"Runic Cube"}],"items_purged_floors":[],"is_endless":false,"potions_floor_spawned":[1,11,15,16],"killed_by":"Book of Stabbing","ascension_level":0}}