{"host":"og6lam4kt3nibbw0","time":1614018630,"event":{"mods":["AchievementEnabler","BaseMod","Colored Map","DeckTracker","Highlight Path","Keyboard Shortcuts","Minty Spire (QoL Compilation)","Permanent Neow","Quick Restart","StSLib","SuperFastMode"],"gold_per_floor":[14,34,34,48,48,48,81,104,184,200,200,200,230,266,278,381,393,419,184,197,197,177,177,190,190,242,275,133,133,152,183,183,273,273,287,301,324,355,355,355,355,355],"floor_reached":41,"language":"KOR","playtime":1710,"items_purged":["Strike_B","Defend_B"],"score":866,"play_id":"bdfaaf1f-25b3-4f2c-bde5-00c817966988","local_time":"20210223033030","is_ascension_mode":true,"campfire_choices":[{"data":"Apotheosis","floor":6.0,"key":"SMITH"},{"floor":11.0,"key":"REST"},{"floor":15.0,"key":"REST"},{"floor":23.0,"key":"RECALL"},{"floor":29.0,"key":"REST"},{"floor":32.0,"key":"REST"},{"floor":40.0,"key":"REST"}],"circlet_count":0,"master_deck":["AscendersBane","Strike_B","Strike_B","Strike_B","Defend_B","Defend_B+1","Defend_B","Zap","Dualcast","Apotheosis+1","Coolheaded","Compile Driver","Coolheaded+1","Conserve Battery","Core Surge","Ball Lightning","Skim","Glacier+1","Biased Cognition","CurseOfTheBell","Recycle","Hologram","Leap","Aggregate","Loop","Stack","Chaos","Thunder Strike","Fusion"],"relics":["Cracked Core","Golden Idol","StoneCalendar","Question Card","MawBank","Calling Bell","Bag of Marbles","HornCleat","Ice Cream","War Paint","Bottled Lightning","Bronze Scales","Juzu Bracelet","Boot","Runic Pyramid","Du-Vu Doll"],"acts_visited":["Exordium","TheCity","TheBeyond"],"potions_floor_usage":[41],"damage_taken":[{"damage":4.0,"enemies":"Jaw Worm","floor":1.0,"turns":3.0},{"damage":6.0,"enemies":"Small Slimes","floor":2.0,"turns":3.0},{"damage":0.0,"enemies":"Cultist","floor":4.0,"turns":3.0},{"damage":18.0,"enemies":"3 Sentries","floor":7.0,"turns":6.0},{"damage":11.0,"enemies":"Blue Slaver","floor":8.0,"turns":3.0},{"damage":21.0,"enemies":"Lots of Slimes","floor":10.0,"turns":4.0},{"damage":10.0,"enemies":"Exordium Thugs","floor":13.0,"turns":4.0},{"damage":7.0,"enemies":"3 Louse","floor":14.0,"turns":3.0},{"damage":7.0,"enemies":"Slime Boss","floor":16.0,"turns":7.0},{"damage":0.0,"enemies":"Chosen","floor":18.0,"turns":5.0},{"damage":5.0,"enemies":"Shell Parasite","floor":20.0,"turns":7.0},{"damage":0.0,"enemies":"Cultist and Chosen","floor":24.0,"turns":6.0},{"damage":22.0,"enemies":"Book of Stabbing","floor":27.0,"turns":7.0},{"damage":10.0,"enemies":"3 Cultists","floor":30.0,"turns":6.0},{"damage":21.0,"enemies":"Gremlin Leader","floor":31.0,"turns":7.0},{"damage":8.0,"enemies":"Champ","floor":33.0,"turns":10.0},{"damage":10.0,"enemies":"3 Darklings","floor":35.0,"turns":5.0},{"damage":6.0,"enemies":"3 Shapes","floor":36.0,"turns":6.0},{"damage":20.0,"enemies":"Jaw Worm Horde","floor":37.0,"turns":4.0},{"damage":0.0,"enemies":"Mind Bloom Boss Battle","floor":38.0,"turns":6.0},{"damage":55,"enemies":"Reptomancer","floor":41,"turns":3}],"seed_played":"-8140066743855162597","potions_obtained":[{"floor":2.0,"key":"AttackPotion"},{"floor":4.0,"key":"DuplicationPotion"},{"floor":7.0,"key":"Dexterity Potion"},{"floor":14.0,"key":"PotionOfCapacity"},{"floor":16.0,"key":"AttackPotion"},{"floor":22.0,"key":"Dexterity Potion"},{"floor":31.0,"key":"Strength Potion"},{"floor":33.0,"key":"DuplicationPotion"}],"is_trial":false,"path_per_floor":["M","M","?","M","?","R","E","M","T","M","R","?","M","M","R","B",null,"M","$","M","T","?","R","M","$","T","E","$","R","M","E","R","B",null,"M","M","M","?","?","R","E"],"character_chosen":"DEFECT","items_purchased":["War Paint","Loop"],"campfire_rested":5,"item_purchase_floors":[19,28],"current_hp_per_floor":[60,54,54,54,59,59,41,30,30,9,29,29,19,12,32,25,58,58,58,53,53,53,53,53,53,53,31,31,51,41,20,40,32,60,50,44,24,24,24,44,0,0],"gold":355,"neow_bonus":"RANDOM_COLORLESS_2","is_daily":false,"chose_seed":false,"campfire_upgraded":1,"win_rate":0.0,"timestamp":1614018630,"path_taken":["M","M","?","M","?","R","E","M","T","M","R","?","M","M","R","BOSS","M","$","M","?","?","R","?","$","T","E","?","R","M","E","R","BOSS","M","M","M","?","?","R","E"],"items_purchased_type":["Relic","Card"],"build_version":"2020-12-22","purchased_purges":2,"victory":false,"max_hp_per_floor":[71,71,64,64,69,69,69,69,69,69,69,69,69,69,69,69,69,69,69,69,69,69,69,69,69,69,69,69,69,69,69,69,69,69,69,69,69,69,69,69,69,69],"card_choices":[{"not_picked":["Panache","The Bomb"],"picked":"Apotheosis","floor":0.0},{"not_picked":["Chaos","Chill"],"picked":"Coolheaded","floor":1.0},{"not_picked":["Rebound","Go for the Eyes"],"picked":"Compile Driver","floor":2.0},{"not_picked":["Auto Shields","Reinforced Body"],"picked":"Coolheaded","floor":4.0},{"not_picked":["Beam Cell","Coolheaded"],"picked":"Conserve Battery","floor":7.0},{"not_picked":["Go for the Eyes","Aggregate"],"picked":"Core Surge","floor":8.0},{"not_picked":["Go for the Eyes","Gash","Cold Snap"],"picked":"Ball Lightning","floor":10.0},{"not_picked":["Lockon","Compile Driver","Conserve Battery"],"picked":"Skim","floor":13.0},{"not_picked":["Cold Snap","Sweeping Beam","Aggregate"],"picked":"Glacier","floor":14.0},{"not_picked":["Amplify","Fission","Electrodynamics"],"picked":"Biased Cognition","floor":16.0},{"not_picked":["Turbo","Hologram","Gash"],"picked":"Recycle","floor":18.0},{"not_picked":["Glacier","Sweeping Beam","Rip and Tear"],"picked":"Hologram","floor":20.0},{"not_picked":["Streamline","Ball Lightning","Gash"],"picked":"Leap","floor":24.0},{"not_picked":["Doom and Gloom","Cold Snap","Redo"],"picked":"Aggregate","floor":27.0},{"not_picked":["Go for the Eyes","Streamline","Undo"],"picked":"Stack","floor":30.0},{"not_picked":["Go for the Eyes","Creative AI","Redo"],"picked":"Chaos","floor":31.0},{"not_picked":["Creative AI","Biased Cognition","Hyperbeam"],"picked":"Thunder Strike","floor":33.0},{"not_picked":["Coolheaded","Streamline","Gash","Rebound"],"picked":"SKIP","floor":35.0},{"not_picked":["Creative AI","Go for the Eyes","Redo"],"picked":"Fusion","floor":36.0},{"not_picked":["Chaos","Conserve Battery+1","Ball Lightning","Hologram"],"picked":"SKIP","floor":37.0}],"player_experience":994711,"relics_obtained":[{"floor":7.0,"key":"StoneCalendar"},{"floor":9.0,"key":"Question Card"},{"floor":17.0,"key":"Bag of Marbles"},{"floor":17.0,"key":"HornCleat"},{"floor":17.0,"key":"Ice Cream"},{"floor":21.0,"key":"Bottled Lightning"},{"floor":26.0,"key":"Bronze Scales"},{"floor":27.0,"key":"Juzu Bracelet"},{"floor":31.0,"key":"Boot"},{"floor":38.0,"key":"Du-Vu Doll"}],"event_choices":[{"damage_healed":0.0,"max_hp_gain":0.0,"max_hp_loss":7.0,"gold_gain":0.0,"event_name":"Golden Idol","player_choice":"Lose Max HP","floor":3.0,"gold_loss":0.0,"damage_taken":0.0,"relics_obtained":["Golden Idol"]},{"damage_healed":0.0,"max_hp_gain":5.0,"max_hp_loss":0.0,"gold_gain":0.0,"event_name":"Big Fish","player_choice":"Donut","floor":5.0,"gold_loss":0.0,"damage_taken":0.0},{"damage_healed":0.0,"max_hp_gain":0.0,"max_hp_loss":0.0,"gold_gain":0.0,"event_name":"WeMeetAgain","player_choice":"Gave Potion","floor":12.0,"gold_loss":0.0,"damage_taken":0.0,"relics_obtained":["MawBank"]},{"damage_healed":0.0,"max_hp_gain":0.0,"max_hp_loss":0.0,"gold_gain":0.0,"event_name":"The Woman in Blue","player_choice":"Bought 1 Potion","floor":22.0,"gold_loss":0.0,"damage_taken":0.0},{"damage_healed":0.0,"max_hp_gain":0.0,"max_hp_loss":0.0,"gold_gain":0.0,"event_name":"MindBloom","player_choice":"Fight","floor":38.0,"gold_loss":0.0,"damage_taken":0.0},{"damage_healed":0.0,"max_hp_gain":0.0,"max_hp_loss":0.0,"gold_gain":0.0,"event_name":"Upgrade Shrine","player_choice":"Upgraded","floor":39.0,"gold_loss":0.0,"damage_taken":0.0,"cards_upgraded":["Glacier"]}],"is_beta":false,"boss_relics":[{"not_picked":["Cursed Key","Astrolabe"],"picked":"Calling Bell"},{"not_picked":["Runic Dome","Snecko Eye"],"picked":"Runic Pyramid"}],"items_purged_floors":[19,28],"is_endless":false,"potions_floor_spawned":[2,4,7,10,14,16,30,31,33,37],"killed_by":"Reptomancer","ascension_level":20}}