{"host":"pjjzz70vl4t83ifx","time":1614037868,"event":{"mods":["AchievementEnabler","BaseMod","Card Forge","Colored Map","Colored Powertips","Highlight Path","Infinite Spire","Minty Spire (QoL Compilation)","Permanent Neow","Practice Mode","Rare Cards Sparkle","Relic Stats","StSLib","Synergy Search"],"gold_per_floor":[116,195,195,212,231,231,251,201,201,236,236,236,258,279,279,299,299],"floor_reached":16,"language":"ENG","playtime":468,"items_purged":["Defend_R"],"score":173,"play_id":"05cb076f-97ab-48b9-9f68-541c0801b5bc","local_time":"20210222155108","is_ascension_mode":true,"campfire_choices":[{"data":"Bash","floor":6,"key":"SMITH"},{"data":"Seeing Red","floor":12,"key":"SMITH"},{"data":"Spot Weakness","floor":15,"key":"SMITH"}],"circlet_count":0,"master_deck":["AscendersBane","Strike_R+1","Strike_R","Strike_R","Strike_R","Strike_R+1","Defend_R","Defend_R","Defend_R","Bash+1","Pommel Strike","Thunderclap","Bloodletting","Seeing Red+1","Spot Weakness+1","Twin Strike"],"relics":["Burning Blood","Hammer of Thor","Seething Fire","Anvil of the Gods","Whetstone","infinitespire:Midas Blood","Smiling Mask","Bottled Lightning","Pen Nib"],"acts_visited":["Exordium"],"potions_floor_usage":[10,10,16,16],"damage_taken":[{"damage":1,"enemies":"Cultist","floor":1,"turns":3},{"damage":12,"enemies":"Jaw Worm","floor":4,"turns":2},{"damage":5,"enemies":"Small Slimes","floor":5,"turns":3},{"damage":10,"enemies":"2 Fungi Beasts","floor":7,"turns":3},{"damage":20,"enemies":"3 Sentries","floor":10,"turns":5},{"damage":3,"enemies":"Exordium Wildlife","floor":13,"turns":3},{"damage":17,"enemies":"Looter","floor":14,"turns":3},{"damage":44,"enemies":"The Guardian","floor":16,"turns":8}],"seed_played":"-9121214170843684808","potions_obtained":[{"floor":5,"key":"Explosive Potion"},{"floor":7,"key":"Explosive Potion"},{"floor":10,"key":"Weak Potion"},{"floor":14,"key":"ColorlessPotion"}],"is_trial":false,"path_per_floor":["M","T","?","M","M","R","M","$","T","E","?","R","M","M","R","B"],"character_chosen":"IRONCLAD","items_purchased":[],"campfire_rested":0,"item_purchase_floors":[],"current_hp_per_floor":[73,73,73,67,68,68,64,64,64,50,50,50,53,42,42,0,0],"gold":299,"neow_bonus":"RANDOM_COMMON_RELIC","is_daily":false,"chose_seed":false,"campfire_upgraded":3,"win_rate":0.0,"timestamp":1614037868,"path_taken":["M","?","?","M","?","R","M","$","T","E","?","R","M","M","R","BOSS"],"items_purchased_type":[],"build_version":"2020-12-22","purchased_purges":1,"victory":false,"max_hp_per_floor":[75,75,75,75,75,75,75,75,75,75,75,75,75,75,75,75,75],"relic_stats":{"counters":[8,30],"Pen Nib":[2],"Whetstone":["Strike_R","Strike_R"],"Smiling Mask":25,"obtain_stats":[{"Anvil of the Gods":0,"Hammer of Thor":0,"Pen Nib":10,"Seething Fire":0,"Whetstone":0,"Bottled Lightning":9,"Smiling Mask":3,"Burning Blood":0,"infinitespire:Midas Blood":2},{"Anvil of the Gods":0,"Hammer of Thor":0,"Pen Nib":5,"Seething Fire":0,"Whetstone":0,"Bottled Lightning":4,"Smiling Mask":1,"Burning Blood":0,"infinitespire:Midas Blood":1},{"Anvil of the Gods":0,"Hammer of Thor":0,"Pen Nib":16,"Seething Fire":0,"Whetstone":0,"Bottled Lightning":11,"Smiling Mask":3,"Burning Blood":0,"infinitespire:Midas Blood":3}],"Burning Blood":42},"card_choices":[{"not_picked":["Fire Breathing","Warcry"],"picked":"Pommel Strike","floor":1},{"not_picked":["Dark Embrace","Warcry"],"picked":"Thunderclap","floor":4},{"not_picked":["Shrug It Off","Rampage"],"picked":"Bloodletting","floor":5},{"not_picked":["Dual Wield","Clothesline"],"picked":"Seeing Red","floor":7},{"not_picked":["Second Wind","Searing Blow"],"picked":"Spot Weakness","floor":10},{"not_picked":["Havoc","Thunderclap","Sentinel"],"picked":"SKIP","floor":13},{"not_picked":["True Grit","Searing Blow"],"picked":"Twin Strike","floor":14}],"player_experience":262142,"relics_obtained":[{"floor":2,"key":"infinitespire:Midas Blood"},{"floor":3,"key":"Smiling Mask"},{"floor":9,"key":"Bottled Lightning"},{"floor":10,"key":"Pen Nib"}],"event_choices":[{"damage_healed":0,"gold_gain":0,"player_choice":"Relic","damage_taken":0,"max_hp_gain":0,"max_hp_loss":0,"event_name":"Wheel of Change","floor":3,"gold_loss":0}],"is_beta":false,"boss_relics":[],"items_purged_floors":[8],"is_endless":false,"potions_floor_spawned":[5,7,10,14],"killed_by":"The Guardian","ascension_level":14}}