{"host":"627up2rvtmm0cf0r","time":1614012404,"event":{"mods":["ATMod(°¢èªMod)","Act Like it!","BaseMod","Better Vampires","Bossed Relics","CapriCore","Card Filter","Card Forge","Colored Powertips","DeckTracker","Dota2Spire","Downfall","Energized Spire","Friendly Minions","Highlight Path","Infinite Spire","Jedi Mod","Minty Spire (QoL Compilation)","MostiFishMod","Permanent Neow","Practice Mode","Quick Restart","Relic Stats","Reliquary","RyuuouÁúÍõ","Shop Mod","Spicy Shops","StSLib","SuperFastMode","TestMod","¡¾ÒÅÎï¿¨ÅÆ¡¿REMEMod","óô»ðÖ¸ÄÏ"],"gold_per_floor":[119,137,137,149,160,193,193,193,193,43,43,56,56,74,74,202,202,216,234,65,65,121,178,199,242,242,242,269,295,315,116,116,287,287,310,310,347,347,378,378,436,436,488,188,256,258,258],"floor_reached":46,"language":"ZHS","playtime":1408,"items_purged":["Strike_B","Pain","Defend_B","Strike_B","Strike_B","Strike_B"],"score":763,"play_id":"130e23ba-ec1e-4ab4-b866-e587310a4e7a","local_time":"20210223004644","is_ascension_mode":true,"campfire_choices":[{"data":"MostiFishMod:Hijack","floor":8.0,"key":"SMITH"},{"data":"MostiFishMod:ATRI","floor":13.0,"key":"SMITH"},{"data":"Zap","floor":15.0,"key":"SMITH"},{"floor":32.0,"key":"REST"},{"data":"White Noise","floor":40,"key":"SMITH"},{"floor":42,"key":"REST"}],"circlet_count":0,"master_deck":["Defend_B","Defend_B","Defend_B","Zap+1","Dualcast","MostiFishMod:ATRI+1","MostiFishMod:Hijack+1","White Noise+1"],"relics":["Cracked Core","Hammer of Thor","Seething Fire","Anvil of the Gods","DaveBox","testmod-TestBox","REME_ComplimentaryCards","AT_ATBox","testmod-CasingShield","SacredBark","SynthV:TestCard","WarpedTongs","testmod-AssaultLearning","Golden Idol","AT_SunfireAegis","testmod-LifeArmor","JellyFishMachine","testmod-TheFather","MutagenicStrength","reliquary:Sod","Dota2Spire:MaskOfMadness","Dota2Spire:EtherealBlade","Cauldron","Slimebound:StickyStick","energizedSpire:UnstableMolecules","Lantern","AT_ArchangelStaff","Medical Kit","Ice Cream"],"acts_visited":["Exordium","TheCity","TheBeyond"],"potions_floor_usage":[],"damage_taken":[{"damage":1.0,"enemies":"2 Louse","floor":1.0,"turns":2.0},{"damage":1.0,"enemies":"Cultist","floor":2.0,"turns":3.0},{"damage":18.0,"enemies":"Jaw Worm","floor":4.0,"turns":4.0},{"damage":4.0,"enemies":"2 Fungi Beasts","floor":5.0,"turns":3.0},{"damage":41.0,"enemies":"Lagavulin","floor":6.0,"turns":8.0},{"damage":2.0,"enemies":"Exordium Thugs","floor":12.0,"turns":1.0},{"damage":0.0,"enemies":"Blue Slaver","floor":14.0,"turns":1.0},{"damage":24.0,"enemies":"The Guardian","floor":16.0,"turns":10.0},{"damage":8.0,"enemies":"Chosen","floor":18.0,"turns":3.0},{"damage":17.0,"enemies":"3 Byrds","floor":19.0,"turns":4.0},{"damage":3.0,"enemies":"Centurion and Healer","floor":22.0,"turns":4.0},{"damage":14.0,"enemies":"Slavers","floor":23.0,"turns":2.0},{"damage":1.0,"enemies":"Cultist and Chosen","floor":24.0,"turns":3.0},{"damage":15.0,"enemies":"Book of Stabbing","floor":25.0,"turns":5.0},{"damage":0.0,"enemies":"Sentry and Sphere","floor":28.0,"turns":1.0},{"damage":0.0,"enemies":"3 Cultists","floor":29.0,"turns":2.0},{"damage":0.0,"enemies":"Snecko","floor":30.0,"turns":2.0},{"damage":37.0,"enemies":"Collector","floor":33.0,"turns":6.0},{"damage":14.0,"enemies":"3 Darklings","floor":35.0,"turns":4.0},{"damage":11,"enemies":"3 Shapes","floor":37,"turns":3},{"damage":9,"enemies":"Jaw Worm Horde","floor":39,"turns":2},{"damage":15,"enemies":"Reptomancer","floor":41,"turns":4},{"damage":0,"enemies":"Mind Bloom Boss Battle","floor":45,"turns":3},{"damage":43,"enemies":"Nightmare","floor":46,"turns":5}],"seed_played":"4594027844183245394","potions_obtained":[{"floor":1.0,"key":"SneckoOil"},{"floor":2.0,"key":"PowerPotion"},{"floor":6.0,"key":"ColorlessPotion"},{"floor":27.0,"key":"FairyPotion"},{"floor":33.0,"key":"jedi:tentaclejuice"}],"is_trial":false,"path_per_floor":["M","M","?","M","M","E","?","R","T","R","?","M","R","M","R","B",null,"M","M","$","?","M","E","M","E","T","AVR","M","M","M","$","R","B",null,"M","AVR","M","?","M","R","E","R","T","$","?","NM"],"character_chosen":"DEFECT","items_purchased":["testmod-LifeArmor","testmod-TheFather","Slimebound:StickyStick","Medical Kit"],"campfire_rested":2,"item_purchase_floors":[10,20,31,44],"current_hp_per_floor":[67,66,66,48,44,3,3,3,3,3,69,67,67,67,67,43,63,55,38,38,38,35,21,20,5,5,5,5,5,5,5,25,55,66,52,52,41,41,32,32,17,37,37,37,38,0,0],"gold":258,"neow_bonus":"RANDOM_COLORLESS","is_daily":false,"chose_seed":false,"campfire_upgraded":4,"win_rate":0.0,"timestamp":1614012404,"path_taken":["M","M","?","M","?","E","?","R","T","R","?","M","R","M","R","BOSS","M","M","$","?","M","E","M","E","T","AVR","M","M","M","?","R","BOSS","M","AVR","M","?","M","R","E","R","T","$","?","NM"],"items_purchased_type":["Relic","Relic","Relic","Relic"],"build_version":"2020-12-22","purchased_purges":6,"victory":false,"max_hp_per_floor":[75,75,75,75,75,75,69,69,69,69,69,69,69,69,69,69,69,69,69,69,69,69,69,69,69,69,69,69,69,69,69,69,69,69,69,69,69,69,69,69,69,69,69,69,69,69,69],"relic_stats":{"counters":[24,85],"Golden Idol":137,"Medical Kit":[0],"obtain_stats":[{"Ice Cream":45,"Dota2Spire:MaskOfMadness":25,"Lantern":36,"AT_ATBox":0,"energizedSpire:UnstableMolecules":34,"DaveBox":0,"SacredBark":0,"Hammer of Thor":0,"testmod-LifeArmor":10,"Dota2Spire:EtherealBlade":26,"AT_ArchangelStaff":41,"testmod-CasingShield":0,"Slimebound:StickyStick":31,"testmod-TheFather":20,"Cracked Core":0,"testmod-TestBox":0,"Golden Idol":7,"JellyFishMachine":17,"Seething Fire":0,"Medical Kit":44,"WarpedTongs":3,"reliquary:Sod":23,"Cauldron":27,"SynthV:TestCard":1,"Anvil of the Gods":0,"testmod-AssaultLearning":6,"MutagenicStrength":21,"AT_SunfireAegis":9,"REME_ComplimentaryCards":0},{"Ice Cream":23,"Dota2Spire:MaskOfMadness":14,"Lantern":19,"AT_ATBox":0,"energizedSpire:UnstableMolecules":18,"DaveBox":0,"SacredBark":0,"Hammer of Thor":0,"testmod-LifeArmor":5,"Dota2Spire:EtherealBlade":14,"AT_ArchangelStaff":22,"testmod-CasingShield":0,"Slimebound:StickyStick":17,"testmod-TheFather":10,"Cracked Core":0,"testmod-TestBox":0,"Golden Idol":5,"JellyFishMachine":8,"Seething Fire":0,"Medical Kit":22,"WarpedTongs":2,"reliquary:Sod":12,"Cauldron":14,"SynthV:TestCard":1,"Anvil of the Gods":0,"testmod-AssaultLearning":5,"MutagenicStrength":10,"AT_SunfireAegis":5,"REME_ComplimentaryCards":0},{"Ice Cream":80,"Dota2Spire:MaskOfMadness":53,"Lantern":68,"AT_ATBox":0,"energizedSpire:UnstableMolecules":64,"DaveBox":0,"SacredBark":0,"Hammer of Thor":0,"testmod-LifeArmor":20,"Dota2Spire:EtherealBlade":53,"AT_ArchangelStaff":77,"testmod-CasingShield":0,"Slimebound:StickyStick":58,"testmod-TheFather":39,"Cracked Core":0,"testmod-TestBox":0,"Golden Idol":20,"JellyFishMachine":32,"Seething Fire":0,"Medical Kit":77,"WarpedTongs":5,"reliquary:Sod":45,"Cauldron":53,"SynthV:TestCard":2,"Anvil of the Gods":0,"testmod-AssaultLearning":20,"MutagenicStrength":39,"AT_SunfireAegis":20,"REME_ComplimentaryCards":0}],"WarpedTongs":[71]},"card_choices":[{"not_picked":["Cold Snap","REME_Whirling"],"picked":"Hello World","floor":1.0},{"not_picked":["Gash","jedi:blockon","Steam Power","jedi:BurstLightning","Rip and Tear"],"picked":"SKIP","floor":2.0},{"not_picked":["Darkness","Steam","Redo","Beam Cell"],"picked":"MostiFishMod:ATRI","floor":4.0},{"not_picked":["jedi:BurstLightning","jedi:markofdeath","Sunder","Blizzard","Skim"],"picked":"SKIP","floor":5.0},{"not_picked":["Streamline","Leap","Tempest","Barrage"],"picked":"MostiFishMod:Hijack","floor":6.0},{"not_picked":["Stack","REME_Whirling","jedi:BurstLightning","Conserve Battery","Redo"],"picked":"SKIP","floor":12.0},{"not_picked":["Capacitor","jedi:BurstFrost","jedi:reiji","Turbo","Barrage"],"picked":"SKIP","floor":14.0},{"not_picked":["jedi:BurstFrost","Compile Driver","AT_RobotInSpace+1","Go for the Eyes+1","Leap"],"picked":"SKIP","floor":18.0},{"not_picked":["Hologram","Gash","Conserve Battery","Rebound","Sweeping Beam"],"picked":"SKIP","floor":19.0},{"not_picked":["Biased Cognition","Barrage","jedi:BurstFrost","Reprogram","Capacitor+1"],"picked":"SKIP","floor":22.0},{"not_picked":["Aggregate","Go for the Eyes+1","Capacitor","Stack+1","Barrage+1"],"picked":"SKIP","floor":23.0},{"not_picked":["Conserve Battery+1","AT_WarpDrive","REME_ForAll","Go for the Eyes"],"picked":"White Noise","floor":24.0},{"not_picked":["Chill","Stack","Compile Driver","Loop+1","Steam"],"picked":"SKIP","floor":25.0},{"not_picked":["Turbo+1","Leap","AT_HeatAcrobatics+1","MostiFishMod:LinkProtocol","REME_Shoggoth"],"picked":"SKIP","floor":28.0},{"not_picked":["Chill","MostiFishMod:ReprogramOld","Streamline+1","Barrage","Sweeping Beam+1"],"picked":"SKIP","floor":29.0},{"not_picked":["jedi:blockon","Darkness","jedi:BurstLightning","Rebound+1","MostiFishMod:ReadyAimFire"],"picked":"SKIP","floor":30.0},{"not_picked":["Leap+1","Coolheaded+1","Storm","Hologram","MostiFishMod:PushDownKick"],"picked":"SKIP","floor":35.0},{"not_picked":["Reprogram+1","Biased Cognition","Barrage+1","Gash+1","jedi:locknload"],"picked":"SKIP","floor":37},{"not_picked":["AT_HeatAcrobatics","jedi:BurstFrost+1","Stack+1","Redo+1","Gash+1"],"picked":"SKIP","floor":39},{"not_picked":["FTL","Conserve Battery","Hello World","AT_StudyProgram+1","Heatsinks"],"picked":"SKIP","floor":41}],"player_experience":178120,"relics_obtained":[{"floor":1.0,"key":"SynthV:TestCard"},{"floor":6.0,"key":"testmod-AssaultLearning"},{"floor":9.0,"key":"AT_SunfireAegis"},{"floor":23.0,"key":"reliquary:Sod"},{"floor":25.0,"key":"Dota2Spire:MaskOfMadness"},{"floor":26.0,"key":"Dota2Spire:EtherealBlade"},{"floor":41,"key":"AT_ArchangelStaff"},{"floor":45,"key":"Ice Cream"}],"event_choices":[{"damage_healed":0.0,"max_hp_gain":0.0,"max_hp_loss":0.0,"gold_gain":0.0,"event_name":"Accursed Blacksmith","player_choice":"Rummage","floor":3.0,"gold_loss":0.0,"damage_taken":0.0,"relics_obtained":["WarpedTongs"],"cards_obtained":["Pain"]},{"damage_healed":0.0,"max_hp_gain":0.0,"max_hp_loss":6.0,"gold_gain":0.0,"event_name":"Golden Idol","player_choice":"Lose Max HP","floor":7.0,"gold_loss":0.0,"damage_taken":0.0,"relics_obtained":["Golden Idol"]},{"cards_removed":["Hello World"],"damage_healed":66.0,"max_hp_gain":0.0,"max_hp_loss":0.0,"gold_gain":0.0,"event_name":"Bonfire Elementals","player_choice":"Offered Uncommon","floor":11.0,"gold_loss":0.0,"damage_taken":0.0},{"damage_healed":0.0,"max_hp_gain":0.0,"max_hp_loss":0.0,"gold_gain":0.0,"event_name":"Drug Dealer","player_choice":"Inject Mutagens","floor":21.0,"gold_loss":0.0,"damage_taken":0.0,"relics_obtained":["MutagenicStrength"]},{"damage_healed":0,"gold_gain":0,"player_choice":"Ignored","damage_taken":0,"max_hp_gain":0,"max_hp_loss":0,"event_name":"Tomb of Lord Red Mask","floor":38,"gold_loss":0},{"damage_healed":0,"gold_gain":0,"player_choice":"Fight","damage_taken":0,"max_hp_gain":0,"max_hp_loss":0,"event_name":"MindBloom","floor":45,"gold_loss":0}],"is_beta":false,"boss_relics":[{"not_picked":["Transparent","expansioncontent:StudyCardRelic"],"picked":"JellyFishMachine"},{"not_picked":["FrozenCore","ExusiaiGun"],"picked":"energizedSpire:UnstableMolecules"}],"items_purged_floors":[10,20,27,31,36,44],"is_endless":false,"potions_floor_spawned":[1,2,6,19,28,29,33,41],"killed_by":"Nightmare","ascension_level":9}}