{"host":"zefmhu9ryehjj4p1","time":1614029244,"event":{"mods":["100% Spire Juice","2.2 Compatiblity","Act Like it!","Aspiration","BaseMod","Beaked The Cultist","Better Note","CapriCore","Colored Powertips","Conspire","DeckTracker","Downfall","Ekko","Elementarium","Friendly Minions","Gensokyo","Hallownest","Hermit","Highlight Path","Hubris","Infinite Spire","Koishi","Luminous","Marisa????????","Minty Spire (QoL Compilation)","Random Character Button","Reimu??????","Reliquary","Replay The Spire","Ruina","Shade Mod","Shapeshifter Mod","StSLib","The Administrix","The Blue Laboratory","The Bug Knight","The Construct","The Cursed","The Gatherer","The Hierophant","The Immortal","The Judge","The Jungle","The Marked","The Mystic","The Runesmith","The Senshi","The Servant 0.9.4","The Vixen","The Wild Card","TheBandit","TheVacant","Wandering Minibosses"],"gold_per_floor":[110,110,38,134,134,166,166,198,272,272,284,284,312,322,322,424,424,442,402,418,435,435,469,469,469,495,510,520,520,520],"floor_reached":29,"language":"ENG","playtime":1404,"items_purged":[],"score":311,"play_id":"242e8a4f-3338-4f39-bbc3-e90693bdb7ed","local_time":"20210222222724","is_ascension_mode":false,"campfire_choices":[{"data":"OctopathBindingBorder2:ReiMu","floor":7,"key":"SMITH"},{"data":"SpringWay:ReiMu","floor":10,"key":"SMITH"},{"data":"SpringWay:ReiMu","floor":12,"key":"SMITH"},{"floor":15,"key":"RECALL"},{"floor":25,"key":"REST"}],"circlet_count":0,"master_deck":["Strike_Lin:ReiMu","Strike_Lin:ReiMu","Strike_Lin:ReiMu","Defend_Lin:ReiMu","Defend_Lin:ReiMu","Defend_Lin:ReiMu","Defend_Lin:ReiMu","NB:ReiMu","Stagnation:ReiMu","Conquer:ReiMu","OctopathBindingBorder2:ReiMu+1","ShadowOfCrow2:ReiMu","SubAcupoint:ReiMu","SpringWay:ReiMu+1","OrbThrow:ReiMu","SpringWay:ReiMu+1","YinYangSign:ReiMu","PrayRite:ReiMu+1","ShadowOfCrow2:ReiMu+1","FineLineFantasy:ReiMu","WonderfulDomain:ReiMu","SafetyPray:ReiMu","KamiRite:ReiMu","SubcavityInstant:ReiMu"],"relics":["FlyPower:ReiMu","NeowsBlessing","reliquary:TatteredRug","Bottled Tornado","aspiration:TomeofQuesting","White Beast Statue","Toy Ornithopter","conspire:RoyalGoblet","reliquary:BoilingFlask"],"acts_visited":["Exordium","TheCity"],"potions_floor_usage":[16,21,21],"damage_taken":[{"damage":0,"enemies":"Small Slimes","floor":1,"turns":1},{"damage":0,"enemies":"Replay:BlueRogue","floor":6,"turns":1},{"damage":0,"enemies":"HollowMod:MossKnight","floor":8,"turns":1},{"damage":0,"enemies":"Jaw Worm","floor":11,"turns":4},{"damage":4,"enemies":"Replay:BlueRogue","floor":13,"turns":5},{"damage":0,"enemies":"2 Louse","floor":14,"turns":3},{"damage":29,"enemies":"Fading Forest","floor":16,"turns":11},{"damage":28,"enemies":"Chosen","floor":18,"turns":9},{"damage":6,"enemies":"Shell Parasite","floor":20,"turns":4},{"damage":27,"enemies":"Chosen and Byrds","floor":21,"turns":6},{"damage":5,"enemies":"HollowMod:Nosk","floor":23,"turns":6},{"damage":10,"enemies":"Centurion and Healer","floor":27,"turns":6},{"damage":5,"enemies":"Snecko","floor":28,"turns":6},{"damage":26,"enemies":"Shelled Parasite and Fungi","floor":29,"turns":5}],"seed_played":"7671160891448902066","potions_obtained":[{"floor":6,"key":"blueLaboratory:HummingbirdPotion"},{"floor":8,"key":"LiquidFlight:ReiMu"},{"floor":11,"key":"Reflective Coating"},{"floor":13,"key":"Fruit Juice"},{"floor":18,"key":"Energy Potion"},{"floor":20,"key":"blueLaboratory:FruitPunch"},{"floor":21,"key":"Dexterity Potion"},{"floor":22,"key":"conspire:TimeTravelPotion"}],"is_trial":false,"path_per_floor":["M","?","$","?","?","E","R","E","T","R","M","R","E","M","R","B",null,"M","?","M","M","?","E","?","R","T","M","M","M"],"character_chosen":"REIMU","items_purchased":["OctopathBindingBorder2:ReiMu"],"campfire_rested":1,"item_purchase_floors":[3],"current_hp_per_floor":[65,65,65,65,65,65,65,65,65,65,65,65,61,61,61,52,70,42,42,36,21,21,16,16,37,37,27,22,0,0],"gold":520,"neow_bonus":"THREE_ENEMY_KILL","is_daily":false,"chose_seed":false,"campfire_upgraded":3,"win_rate":0.0,"timestamp":1614029244,"path_taken":["M","?","$","?","?","E","R","E","T","R","?","R","E","M","R","BOSS","M","?","M","M","?","E","?","R","T","M","M","M"],"items_purchased_type":["Card"],"build_version":"2020-12-22","purchased_purges":0,"victory":false,"max_hp_per_floor":[65,65,65,65,65,65,65,65,65,65,65,65,65,65,65,70,70,70,70,70,72,72,72,72,72,72,72,72,72,72],"card_choices":[{"not_picked":["PassingAway:ReiMu","WonderfulDomain:ReiMu"],"picked":"Conquer:ReiMu","floor":1},{"not_picked":["RainPray2:ReiMu","SpreadBorder2:ReiMu"],"picked":"ShadowOfCrow2:ReiMu","floor":4},{"not_picked":["Revelation:ReiMu","Conquer:ReiMu"],"picked":"SubAcupoint:ReiMu","floor":4},{"not_picked":["EmergencyTakeOff:ReiMu","Authority:ReiMu"],"picked":"SpringWay:ReiMu","floor":6},{"not_picked":["FantasyMoon:ReiMu","ForcedLanding:ReiMu"],"picked":"OrbThrow:ReiMu","floor":8},{"not_picked":["SubAcupoint:ReiMu","Meditation:ReiMu"],"picked":"SpringWay:ReiMu","floor":11},{"not_picked":["PassingAway:ReiMu","SubcavityFantasy:ReiMu","Meditation:ReiMu"],"picked":"SKIP","floor":13},{"not_picked":["Conquer:ReiMu","RainPray2:ReiMu"],"picked":"YinYangSign:ReiMu","floor":14},{"not_picked":["CardOfSanctity:ReiMu","BlastKick2:ReiMu"],"picked":"PrayRite:ReiMu","floor":16},{"not_picked":["SubAcupoint:ReiMu","ManaGlint:ReiMu"],"picked":"ShadowOfCrow2:ReiMu+1","floor":18},{"not_picked":["AlertArray:ReiMu+1","AirStrike:ReiMu+1"],"picked":"FineLineFantasy:ReiMu","floor":20},{"not_picked":["CollectionFlower2:ReiMu","PrepareRite:ReiMu"],"picked":"WonderfulDomain:ReiMu","floor":21},{"not_picked":["DoubleButterfly:ReiMu+1","Enchanting:ReiMu"],"picked":"SafetyPray:ReiMu","floor":23},{"not_picked":["Meditation:ReiMu","ShadowOfCrow2:ReiMu+1"],"picked":"KamiRite:ReiMu","floor":27},{"not_picked":["Dreaming2:ReiMu","SpreadBorder2:ReiMu+1"],"picked":"SubcavityInstant:ReiMu","floor":28}],"player_experience":202826,"relics_obtained":[{"floor":4,"key":"reliquary:TatteredRug"},{"floor":6,"key":"Bottled Tornado"},{"floor":8,"key":"aspiration:TomeofQuesting"},{"floor":9,"key":"White Beast Statue"},{"floor":13,"key":"Toy Ornithopter"},{"floor":23,"key":"reliquary:BoilingFlask"}],"event_choices":[{"cards_removed":["Strike_Lin:ReiMu"],"damage_healed":0,"gold_gain":0,"player_choice":"Purged","damage_taken":0,"max_hp_gain":0,"max_hp_loss":0,"event_name":"Purifier","floor":5,"gold_loss":0},{"damage_healed":0,"gold_gain":0,"player_choice":"Upgrade","damage_taken":0,"max_hp_gain":0,"max_hp_loss":0,"event_name":"Designer","floor":19,"gold_loss":40,"cards_upgraded":["PrayRite:ReiMu"]},{"damage_healed":0,"gold_gain":0,"player_choice":"Got Potions","damage_taken":0,"max_hp_gain":0,"max_hp_loss":0,"event_name":"Lab","floor":22,"gold_loss":0},{"damage_healed":0,"gold_gain":0,"player_choice":"Ignored","damage_taken":0,"max_hp_gain":0,"max_hp_loss":0,"event_name":"Duplicator","floor":24,"gold_loss":0}],"is_beta":false,"boss_relics":[{"not_picked":["reliquary:RedCape","Fusion Hammer"],"picked":"conspire:RoyalGoblet"}],"items_purged_floors":[],"is_endless":false,"potions_floor_spawned":[6,8,11,13,14,16,18,20,21,23,27,28],"killed_by":"Shelled Parasite and Fungi","ascension_level":0}}