{"host":"epc8efk9vrywpcsw","time":1614012485,"event":{"mods":["BaseMod","Minty Spire (QoL Compilation)","Relic Stats","StSLib"],"gold_per_floor":[113,188,15,15,15,15,54,54,54,54,85,85,106,129,129,129,129],"floor_reached":16,"language":"ENG","playtime":279,"items_purged":[],"score":312,"play_id":"d67da840-2d7c-4847-8ea0-8906ea3d193b","local_time":"20210222174805","is_ascension_mode":true,"campfire_choices":[{"data":"Crippling Poison","floor":6,"key":"SMITH"},{"data":"Neutralize","floor":8,"key":"SMITH"},{"data":"Bullet Time","floor":10,"key":"SMITH"},{"data":"Corpse Explosion","floor":15,"key":"SMITH"}],"circlet_count":0,"master_deck":["AscendersBane","Strike_G","Strike_G","Strike_G","Strike_G","Strike_G","Defend_G","Defend_G","Defend_G","Defend_G","Defend_G","Survivor","Neutralize+1","Crippling Poison+1","Slice","Bullet Time+1","Corpse Explosion+1","Backflip","Backflip"],"relics":["Ring of the Snake","NeowsBlessing","ClockworkSouvenir","Golden Idol","Pear","Bag of Marbles","Boot"],"acts_visited":["Exordium"],"potions_floor_usage":[16,16,16,16],"damage_taken":[{"damage":0,"enemies":"Small Slimes","floor":1,"turns":1},{"damage":0,"enemies":"3 Sentries","floor":7,"turns":1},{"damage":0,"enemies":"Lagavulin","floor":11,"turns":1},{"damage":0,"enemies":"Jaw Worm","floor":13,"turns":4},{"damage":0,"enemies":"Cultist","floor":14,"turns":3},{"damage":49,"enemies":"Slime Boss","floor":16,"turns":8}],"seed_played":"3909144106513619247","potions_obtained":[{"floor":1,"key":"SneckoOil"},{"floor":7,"key":"EntropicBrew"},{"floor":13,"key":"SpeedPotion"}],"is_trial":false,"path_per_floor":["M","?","$","?","?","R","E","R","T","R","E","$","M","M","R","B"],"character_chosen":"THE_SILENT","items_purchased":["ClockworkSouvenir"],"campfire_rested":0,"item_purchase_floors":[3],"current_hp_per_floor":[59,48,48,48,48,48,58,58,58,58,58,58,58,58,58,9,9],"gold":129,"neow_bonus":"THREE_ENEMY_KILL","is_daily":false,"chose_seed":false,"campfire_upgraded":4,"win_rate":0.0,"timestamp":1614012485,"path_taken":["M","?","$","?","?","R","E","R","T","R","E","$","?","M","R","BOSS"],"items_purchased_type":["Relic"],"build_version":"2020-12-22","purchased_purges":0,"victory":false,"max_hp_per_floor":[66,66,66,60,60,60,70,70,70,70,70,70,70,70,70,70,70],"relic_stats":{"counters":[6,18],"Golden Idol":23,"Boot":[4],"obtain_stats":[{"Pear":7,"NeowsBlessing":0,"Golden Idol":4,"Bag of Marbles":9,"Boot":11,"Ring of the Snake":0,"ClockworkSouvenir":3},{"Pear":2,"NeowsBlessing":0,"Golden Idol":1,"Bag of Marbles":2,"Boot":3,"Ring of the Snake":0,"ClockworkSouvenir":1},{"Pear":2,"NeowsBlessing":0,"Golden Idol":1,"Bag of Marbles":2,"Boot":3,"Ring of the Snake":0,"ClockworkSouvenir":1}],"Ring of the Snake":[12]},"card_choices":[{"not_picked":["Heel Hook","Underhanded Strike"],"picked":"Crippling Poison","floor":1},{"not_picked":["Well Laid Plans","Masterful Stab"],"picked":"Bullet Time","floor":7},{"not_picked":["Flechettes","Leg Sweep"],"picked":"Corpse Explosion","floor":11},{"not_picked":["Outmaneuver","Deflect"],"picked":"Backflip","floor":13},{"not_picked":["Prepared","Underhanded Strike"],"picked":"Backflip","floor":14}],"player_experience":538658,"relics_obtained":[{"floor":7,"key":"Pear"},{"floor":9,"key":"Bag of Marbles"},{"floor":11,"key":"Boot"}],"event_choices":[{"damage_healed":0,"gold_gain":75,"player_choice":"Gather Gold","damage_taken":11,"max_hp_gain":0,"max_hp_loss":0,"event_name":"World of Goop","floor":2,"gold_loss":0},{"damage_healed":0,"gold_gain":0,"player_choice":"Lose Max HP","damage_taken":0,"relics_obtained":["Golden Idol"],"max_hp_gain":0,"max_hp_loss":6,"event_name":"Golden Idol","floor":4,"gold_loss":0},{"damage_healed":0,"gold_gain":0,"player_choice":"1 cards matched","damage_taken":0,"max_hp_gain":0,"max_hp_loss":0,"event_name":"Match and Keep!","floor":5,"gold_loss":0,"cards_obtained":["Slice"]}],"is_beta":false,"boss_relics":[],"items_purged_floors":[],"is_endless":false,"potions_floor_spawned":[1,7,13],"killed_by":"Slime Boss","ascension_level":20}}