{"host":"xc18ixkpjvqrt8st","time":1614013676,"event":{"mods":["Act Like it!","BaseMod","Better Match","Better Third Choice","Conspire","Hallownest","Hermit","Hubris","Jorbs\u0027s Wanderer Trilogy","Minty Spire (QoL Compilation)","Reliquary","Robot Space Explorer","Shade Mod","Shop Mod","Spicy Shops","Spire Arcade","StSLib","The Animator","The Jungle","The Sage"],"gold_per_floor":[127,92,103,103,115,154,154,181,181,181,233,249,289,40,40,156,156,178,178,138,261,291,291,291],"floor_reached":23,"language":"ENG","playtime":1024,"items_purged":[],"score":221,"play_id":"c01d90fc-2c19-4aef-873a-989eb870330f","local_time":"20210222110756","is_ascension_mode":true,"campfire_choices":[{"floor":7.0,"key":"REST"},{"floor":10.0,"key":"REST"},{"floor":15.0,"key":"RECALL"}],"circlet_count":0,"master_deck":["animator:Strike_Overlord","animator:Defend_Overlord","animator:Strike","animator:Strike+1","animator:Strike","animator:Defend","animator:Defend","animator:Defend","animator:Cocytus","animator:Demiurge","animator:ChaikaBohdan","animator:Darkness","animator:Fredrika+1","animator:IrohaTamaki","animator:UneriGinkaku","animator:ElricAlphonse","animator:Chris","animator:Entoma","animator:Ainz","animator:Aqua","animator:Nanami","animator:Sebas"],"relics":["animator:LivingPicture","animator:TheMissingPiece","hubris:Icosahedron","hubris:BundleOfHerbs","Lizard Tail","animator:BattleDrones","Mummified Hand","hubris:Backtick","Regal Pillow","MutagenicStrength"],"acts_visited":["Exordium","TheCity"],"potions_floor_usage":[22,22],"damage_taken":[{"damage":7.0,"enemies":"2 Louse","floor":1.0,"turns":2.0},{"damage":2.0,"enemies":"conspire:RoseBush","floor":3.0,"turns":4.0},{"damage":19.0,"enemies":"Jaw Worm","floor":5.0,"turns":4.0},{"damage":36.0,"enemies":"Lagavulin","floor":6.0,"turns":11.0},{"damage":34.0,"enemies":"3 Sentries","floor":8.0,"turns":10.0},{"damage":1.0,"enemies":"3 Louse","floor":12.0,"turns":3.0},{"damage":2.0,"enemies":"conspire:2 RoseBushes","floor":13.0,"turns":4.0},{"damage":56.0,"enemies":"The Guardian","floor":16.0,"turns":12.0},{"damage":40.0,"enemies":"Spheric Guardian","floor":18.0,"turns":6.0},{"damage":20.0,"enemies":"2 Thieves","floor":21.0,"turns":4.0},{"damage":23,"enemies":"Snecko","floor":22,"turns":6},{"damage":0,"enemies":"Gremlin Leader","floor":23,"turns":1}],"seed_played":"6227118008258303140","potions_obtained":[{"floor":1.0,"key":"Dexterity Potion"},{"floor":5.0,"key":"animator:GrowthPotion"},{"floor":6.0,"key":"Ancient Potion"},{"floor":13.0,"key":"Swift Potion"},{"floor":18.0,"key":"Dexterity Potion"}],"is_trial":false,"path_per_floor":["M","?","M","?","M","E","R","E","T","R","?","M","M","$","R","B",null,"M","?","?","M","M","E"],"character_chosen":"THE_ANIMATOR","items_purchased":["Mummified Hand"],"campfire_rested":2,"item_purchase_floors":[14],"current_hp_per_floor":[59,66,65,65,46,10,30,41,41,61,61,60,66,66,66,11,68,28,28,28,22,1,1,1],"gold":291,"neow_bonus":"THREE_CARDS","is_daily":false,"chose_seed":false,"campfire_upgraded":0,"win_rate":0.0,"timestamp":1614013676,"path_taken":["M","?","M","?","M","E","R","E","T","R","?","M","?","$","R","BOSS","M","?","?","M","?","E"],"items_purchased_type":["Relic"],"build_version":"2020-12-22","purchased_purges":0,"victory":false,"max_hp_per_floor":[66,66,67,67,67,67,67,67,67,67,67,67,67,67,67,68,68,68,68,68,69,69,69,69],"card_choices":[{"not_picked":["animator:WinryRockbell","animator:Emonzaemon"],"picked":"animator:ChaikaBohdan","floor":0.0},{"not_picked":["animator:ChaikaBohdan","animator:Demiurge"],"picked":"animator:Darkness","floor":1.0},{"not_picked":["animator:Emonzaemon","animator:Togame"],"picked":"animator:Fredrika","floor":3.0},{"not_picked":["animator:ElricEdward","animator:ChaikaBohdan"],"picked":"animator:IrohaTamaki","floor":5.0},{"not_picked":["animator:Konayuki","animator:Hitei"],"picked":"animator:UneriGinkaku","floor":6.0},{"not_picked":["animator:Hitei","animator:Sebas"],"picked":"animator:ElricAlphonse","floor":8.0},{"not_picked":["animator:Verdia","animator:Hakurou"],"picked":"animator:Chris","floor":12.0},{"not_picked":["animator:MaesHughes","animator:Albedo"],"picked":"animator:Entoma","floor":13.0},{"not_picked":["animator:Eris","animator:Rimuru"],"picked":"animator:Ainz","floor":16.0},{"not_picked":["animator:Chris","animator:Verdia"],"picked":"animator:Aqua","floor":18.0},{"not_picked":["animator:IrohaTamaki","animator:YachiyoNanami+1"],"picked":"animator:Nanami","floor":21.0},{"not_picked":["animator:PandorasActor","animator:Nanami+1"],"picked":"animator:Sebas","floor":22}],"player_experience":678516,"relics_obtained":[{"floor":6.0,"key":"hubris:BundleOfHerbs"},{"floor":8.0,"key":"Lizard Tail"},{"floor":9.0,"key":"animator:BattleDrones"}],"event_choices":[{"damage_healed":16.0,"max_hp_gain":0.0,"max_hp_loss":0.0,"gold_gain":0.0,"event_name":"The Cleric","player_choice":"Healed","floor":2.0,"gold_loss":35.0,"damage_taken":0.0},{"damage_healed":0.0,"max_hp_gain":0.0,"max_hp_loss":0.0,"gold_gain":52.0,"event_name":"Golden Wing","player_choice":"Gained Gold","floor":11.0,"gold_loss":0.0,"damage_taken":0.0},{"damage_healed":0.0,"max_hp_gain":0.0,"max_hp_loss":0.0,"gold_gain":0.0,"event_name":"Drug Dealer","player_choice":"Inject Mutagens","floor":19.0,"gold_loss":0.0,"damage_taken":0.0,"relics_obtained":["MutagenicStrength"]},{"damage_healed":0.0,"max_hp_gain":0.0,"max_hp_loss":0.0,"gold_gain":0.0,"event_name":"Designer","player_choice":"Upgraded Two","floor":20.0,"gold_loss":40.0,"damage_taken":0.0,"cards_upgraded":["animator:Strike","animator:Fredrika"]}],"is_beta":false,"boss_relics":[{"not_picked":["animator:CrumblingOrb","hubris:ScarierMask"],"picked":"hubris:Backtick"}],"items_purged_floors":[],"is_endless":false,"potions_floor_spawned":[1,5,6,13,18],"killed_by":"Gremlin Leader","ascension_level":2}}