{"host":"5bsc0nab6whpyrbj","time":1614019219,"event":{"mods":["BaseMod","Highlight Path","Minty Spire (QoL Compilation)"],"gold_per_floor":[111,111,111,125,51,51,80,80,80,410,585,602,286,297,297,396,396,406,416,416,190,190,215,215,215,290,301,314,414,414,414],"floor_reached":30,"language":"ENG","playtime":762,"items_purged":["Steam"],"score":281,"play_id":"54344120-0cf2-41ec-ba32-246b5ba656a1","local_time":"20210222134019","is_ascension_mode":false,"campfire_choices":[{"data":"Static Discharge","floor":6.0,"key":"SMITH"},{"data":"Gash","floor":8.0,"key":"SMITH"},{"floor":15.0,"key":"REST"},{"floor":24.0,"key":"REST"}],"circlet_count":0,"master_deck":["Strike_B+1","Strike_B+1","Strike_B+1","Strike_B+1","Defend_B+1","Defend_B+1","Defend_B+1","Defend_B+1","Zap","Tempest","Self Repair","Static Discharge+1","Gash+1","Storm","Electrodynamics","Static Discharge","Static Discharge","Ball Lightning","Redo+1"],"relics":["Cracked Core","NeowsBlessing","Kunai","Bottled Lightning","Old Coin","Bottled Tornado","Empty Cage","Blood Vial","Mango","Question Card"],"acts_visited":["Exordium","TheCity"],"potions_floor_usage":[30],"damage_taken":[{"damage":0.0,"enemies":"Jaw Worm","floor":1.0,"turns":1.0},{"damage":0.0,"enemies":"2 Louse","floor":4.0,"turns":1.0},{"damage":0.0,"enemies":"Gremlin Nob","floor":7.0,"turns":1.0},{"damage":22.0,"enemies":"3 Sentries","floor":10.0,"turns":4.0},{"damage":0.0,"enemies":"Small Slimes","floor":12.0,"turns":2.0},{"damage":14.0,"enemies":"Blue Slaver","floor":14.0,"turns":2.0},{"damage":48.0,"enemies":"Hexaghost","floor":16.0,"turns":7.0},{"damage":20.0,"enemies":"Spheric Guardian","floor":18.0,"turns":3.0},{"damage":5.0,"enemies":"3 Byrds","floor":19.0,"turns":2.0},{"damage":46.0,"enemies":"Slavers","floor":23.0,"turns":4.0},{"damage":30.0,"enemies":"Snecko","floor":27.0,"turns":4.0},{"damage":20.0,"enemies":"Shelled Parasite and Fungi","floor":28.0,"turns":3.0},{"damage":18,"enemies":"Snake Plant","floor":30,"turns":2}],"seed_played":"-866384179553229711","potions_obtained":[{"floor":12.0,"key":"LiquidMemories"},{"floor":14.0,"key":"GamblersBrew"},{"floor":18.0,"key":"BlessingOfTheForge"},{"floor":19.0,"key":"PotionOfCapacity"}],"is_trial":false,"path_per_floor":["M","?","?","M","$","R","E","R","T","E","?","M","$","M","R","B",null,"M","M","?","$","?","E","R","?","T","M","M","?","M"],"character_chosen":"DEFECT","items_purchased":["Static Discharge","Storm","Bottled Tornado","Blood Vial"],"campfire_rested":2,"item_purchase_floors":[5,13,13,21],"current_hp_per_floor":[75,75,75,75,75,75,75,75,75,60,60,60,60,46,68,27,75,55,50,50,50,50,27,53,53,53,25,14,14,0,0],"gold":414,"neow_bonus":"THREE_ENEMY_KILL","is_daily":false,"chose_seed":false,"campfire_upgraded":2,"win_rate":0.0,"timestamp":1614019219,"path_taken":["M","?","?","M","?","R","E","R","T","E","?","M","$","M","R","BOSS","M","M","?","$","?","E","R","?","T","M","?","?","M"],"items_purchased_type":["Card","Card","Relic","Relic"],"build_version":"2020-12-22","purchased_purges":1,"victory":false,"max_hp_per_floor":[75,75,75,75,75,75,75,75,75,75,75,75,75,75,75,75,75,75,75,75,75,75,89,89,89,89,89,89,89,89,89],"card_choices":[{"not_picked":["Stack","Coolheaded"],"picked":"Tempest","floor":1.0},{"not_picked":["Reprogram","BootSequence"],"picked":"Doom and Gloom","floor":4.0},{"not_picked":["Leap","Coolheaded"],"picked":"Gash","floor":7.0},{"not_picked":["Rainbow","BootSequence","Scrape"],"picked":"SKIP","floor":10.0},{"not_picked":["Force Field","Sunder","Compile Driver"],"picked":"SKIP","floor":12.0},{"not_picked":["Tempest","Reprogram"],"picked":"Steam","floor":14.0},{"not_picked":["Biased Cognition","All For One"],"picked":"Electrodynamics","floor":16.0},{"not_picked":["Ball Lightning+1","Conserve Battery+1"],"picked":"Static Discharge","floor":18.0},{"not_picked":["Doom and Gloom","Rebound"],"picked":"Static Discharge","floor":19.0},{"not_picked":["FTL","Doom and Gloom+1","Chaos"],"picked":"SKIP","floor":23.0},{"not_picked":["Leap","Coolheaded","Steam"],"picked":"Ball Lightning","floor":27.0},{"not_picked":["Blizzard+1","Heatsinks","Aggregate"],"picked":"Redo+1","floor":28.0}],"player_experience":98450,"relics_obtained":[{"floor":7.0,"key":"Kunai"},{"floor":9.0,"key":"Bottled Lightning"},{"floor":10.0,"key":"Old Coin"},{"floor":23.0,"key":"Mango"},{"floor":26.0,"key":"Question Card"}],"event_choices":[{"damage_healed":0.0,"max_hp_gain":0.0,"max_hp_loss":0.0,"gold_gain":0.0,"event_name":"Shining Light","player_choice":"Ignored","floor":2.0,"gold_loss":0.0,"damage_taken":0.0},{"damage_healed":0.0,"max_hp_gain":0.0,"max_hp_loss":0.0,"gold_gain":0.0,"cards_transformed":["Dualcast"],"event_name":"Living Wall","player_choice":"Change","floor":3.0,"gold_loss":0.0,"damage_taken":0.0,"cards_obtained":["Self Repair"]},{"damage_healed":0.0,"max_hp_gain":0.0,"max_hp_loss":0.0,"gold_gain":175.0,"event_name":"Liars Game","player_choice":"AGREE","floor":11.0,"gold_loss":0.0,"damage_taken":0.0,"cards_obtained":["Doubt"]},{"damage_healed":0.0,"max_hp_gain":0.0,"max_hp_loss":0.0,"gold_gain":0.0,"event_name":"Cursed Tome","player_choice":"Ignored","floor":20.0,"gold_loss":0.0,"damage_taken":0.0},{"damage_healed":0.0,"max_hp_gain":0.0,"max_hp_loss":0.0,"gold_gain":0.0,"event_name":"Back to Basics","player_choice":"Simplicity","floor":22.0,"gold_loss":0.0,"damage_taken":0.0,"cards_upgraded":["Strike_B","Strike_B","Strike_B","Strike_B","Defend_B","Defend_B","Defend_B","Defend_B"]},{"damage_healed":0.0,"max_hp_gain":0.0,"max_hp_loss":0.0,"gold_gain":0.0,"event_name":"N\u0027loth","player_choice":"Ignored","floor":25.0,"gold_loss":0.0,"damage_taken":0.0},{"damage_healed":0.0,"max_hp_gain":0.0,"max_hp_loss":0.0,"gold_gain":100.0,"event_name":"Golden Shrine","player_choice":"Pray","floor":29.0,"gold_loss":0.0,"damage_taken":0.0}],"is_beta":false,"boss_relics":[{"not_picked":["Sozu","Black Star"],"picked":"Empty Cage"}],"items_purged_floors":[21],"is_endless":false,"potions_floor_spawned":[12,14,18,19],"killed_by":"Snake Plant","ascension_level":0}}