{"host":"od06gsur5w60l0yz","time":1614019739,"event":{"mods":["BaseMod","Better Match","Better Third Choice","Colored Map","Dio Mod","Downfall","GifTheSpireLib","Googly Eyes","Hermit","Hubris","Minty Spire (QoL Compilation)","Reliquary","Replay The Spire","StSLib","The Cursed","The Forsaken","The Necromancer","The Senshi"],"gold_per_floor":[112,125,138,138,88,88,118,118,118,193,117,137,166,176,176,277,327,343,303,318,336,346,346,360,391,391,391,306,150,166,183,183,285,285,301,301,301,319,329,360,360,375,426,454,469,469,469,484,484,484,484,484,10,44,44,44],"floor_reached":55,"language":"ENG","playtime":11335,"items_purged":["Parasite"],"score":951,"play_id":"85077c46-39e0-48ce-b2e1-3f55084eeed6","local_time":"20210222154858","is_ascension_mode":true,"campfire_choices":[{"data":"theSenshi:SailorBlock","floor":6.0,"key":"SMITH"},{"floor":8.0,"key":"RECALL"},{"data":"theSenshi:UranusStrength","floor":15.0,"key":"SMITH"},{"data":"theSenshi:UranusStrength","floor":23.0,"key":"SMITH"},{"data":"theSenshi:SailorBlock","floor":32.0,"key":"SMITH"},{"data":"theSenshi:IWillPunishYou","floor":41.0,"key":"SMITH"},{"data":"theSenshi:RoseThrow","floor":46.0,"key":"SMITH"},{"data":"theSenshi:MoonTiaraMagic","floor":49.0,"key":"SMITH"},{"floor":52.0,"key":"DIG"}],"circlet_count":0,"master_deck":["theSenshi:SailorKick+1","theSenshi:SailorKick+1","theSenshi:SailorKick+1","theSenshi:SailorBlock+1","theSenshi:SailorBlock+1","theSenshi:SailorBlock+1","theSenshi:SailorBlock+1","theSenshi:RoseThrow+1","theSenshi:MoonPrismPowerMakeUp+1","theSenshi:MoonHealingEscalation+1","theSenshi:MoonTiaraMagic+1","theSenshi:SailorJupiterAssists+1","theSenshi:UranusStrength+1","theSenshi:UranusStrength+1","theSenshi:MoonGorgeousMeditation+1","theSenshi:MoonCrisisMakeUp+1","theSenshi:MoonPunch","theSenshi:MoonsReflection","theSenshi:MoonHealingEscalation+1","theSenshi:IWillPunishYou+1","theSenshi:KlutzyLuck+1","theSenshi:TallSilhouette+1","theSenshi:SailorStarHealerAssists+1"],"relics":["theSenshi:TransformationBroochRelic","Replay:Bottled Eggs","Pen Nib","Tiny House","Gambling Chip","Pondfish Scales","Replay:Mystery Machine","Guide Book","Sozu","Replay:Multitool","Ancient Tea Set","Replay:Bottled Flurry","Replay:Bottled Steam","Golden Egg","reliquary:Aerogel"],"acts_visited":["Exordium","TheCity","TheBeyond","TheEnding"],"potions_floor_usage":[55],"damage_taken":[{"damage":0.0,"enemies":"Small Slimes","floor":1.0,"turns":3.0},{"damage":14.0,"enemies":"Jaw Worm","floor":2.0,"turns":5.0},{"damage":0.0,"enemies":"2 Louse","floor":3.0,"turns":2.0},{"damage":9.0,"enemies":"Lagavulin","floor":7.0,"turns":9.0},{"damage":1.0,"enemies":"Red Slaver","floor":12.0,"turns":4.0},{"damage":0.0,"enemies":"Replay:BlueRogue","floor":13.0,"turns":4.0},{"damage":4.0,"enemies":"3 Louse","floor":14.0,"turns":4.0},{"damage":25.0,"enemies":"Fading Forest","floor":16.0,"turns":11.0},{"damage":0.0,"enemies":"Chosen","floor":18.0,"turns":5.0},{"damage":0.0,"enemies":"Shell Parasite","floor":20.0,"turns":6.0},{"damage":24.0,"enemies":"Snake Plant","floor":21.0,"turns":8.0},{"damage":11.0,"enemies":"Cultist and Chosen","floor":22.0,"turns":14.0},{"damage":2.0,"enemies":"Snecko","floor":24.0,"turns":5.0},{"damage":5.0,"enemies":"Book of Stabbing","floor":25.0,"turns":7.0},{"damage":12.0,"enemies":"Sentry and Sphere","floor":30.0,"turns":9.0},{"damage":16.0,"enemies":"Centurion and Healer","floor":31.0,"turns":8.0},{"damage":6.0,"enemies":"Pondfish","floor":33.0,"turns":12.0},{"damage":0.0,"enemies":"Orb Walker","floor":35.0,"turns":4.0},{"damage":2.0,"enemies":"3 Shapes","floor":38.0,"turns":4.0},{"damage":0.0,"enemies":"Sphere and 2 Shapes","floor":39.0,"turns":5.0},{"damage":93.0,"enemies":"Reptomancer","floor":40.0,"turns":10.0},{"damage":0.0,"enemies":"Writhing Mass","floor":42.0,"turns":13.0},{"damage":0.0,"enemies":"Nemesis","floor":44.0,"turns":7.0},{"damage":26.0,"enemies":"Transient","floor":45.0,"turns":5.0},{"damage":1.0,"enemies":"4 Shapes","floor":48.0,"turns":8.0},{"damage":67.0,"enemies":"Replay:Hell Engine","floor":50.0,"turns":24.0},{"damage":63.0,"enemies":"Shield and Spear","floor":54.0,"turns":11.0},{"damage":96,"enemies":"The Heart","floor":55,"turns":11}],"seed_played":"-3654789731841028867","potions_obtained":[{"floor":1.0,"key":"Strength Potion"},{"floor":2.0,"key":"Strength Potion"},{"floor":13.0,"key":"Guardian:BlockOnCardUsePotion"},{"floor":17.0,"key":"SkillPotion"},{"floor":21.0,"key":"Weak Potion"},{"floor":22.0,"key":"Dexterity Potion"},{"floor":31.0,"key":"BlessingOfTheForge"}],"is_trial":false,"path_per_floor":["M","M","M","?","?","R","E","R","T","?","$","M","E","M","R","B",null,"M","?","M","M","M","R","M","E","T","?","?","$","M","M","R","B",null,"M","?","?","M","M","E","R","M","T","E","M","R","?","M","R_BF","B",null,"R","$","E","B"],"character_chosen":"THE_SENSHI","items_purchased":["theSenshi:UranusStrength","Guide Book","Golden Egg","theSenshi:SailorStarHealerAssists"],"campfire_rested":0,"item_purchase_floors":[11,29,53,53],"current_hp_per_floor":[75,69,74,74,74,74,75,75,75,64,64,68,68,69,69,55,75,80,80,80,66,70,70,78,78,78,78,78,78,80,80,80,80,80,80,80,80,80,80,27,27,80,80,80,61,61,61,70,70,58,75,75,75,47,0,0],"gold":44,"neow_bonus":"UPGRADE_CARD","is_daily":false,"chose_seed":false,"campfire_upgraded":7,"win_rate":0.0,"timestamp":1614019738,"path_taken":["M","M","M","?","?","R","E","R","T","?","$","M","E","M","R","BOSS","M","?","M","M","?","R","M","E","T","?","?","?","?","M","R","BOSS","M","?","?","M","M","E","R","?","T","E","M","R","?","M","R_BF","BOSS","R","$","E","BOSS"],"items_purchased_type":["Card","Relic","Relic","Card"],"build_version":"2020-12-22","purchased_purges":1,"victory":false,"max_hp_per_floor":[75,75,75,75,75,75,75,75,75,75,75,75,75,75,75,75,80,80,80,80,80,80,80,80,80,80,80,80,80,80,80,80,80,80,80,80,80,80,80,80,80,80,80,80,80,80,80,80,80,80,80,80,77,77,77,77],"card_choices":[{"not_picked":["theSenshi:MoonCrisisMakeUp","theSenshi:SupersonicWaves"],"picked":"theSenshi:MoonHealingEscalation","floor":1.0},{"not_picked":["theSenshi:Sidestep","theSenshi:EncouragingSpeech"],"picked":"theSenshi:MoonTiaraMagic","floor":2.0},{"not_picked":["theSenshi:SailorVenusAssists","theSenshi:VenusGlamour"],"picked":"theSenshi:SailorJupiterAssists","floor":3.0},{"not_picked":["theSenshi:SailorMercuryAssists","theSenshi:SailorVenusAssists","theSenshi:MoonKick"],"picked":"SKIP","floor":7.0},{"not_picked":["theSenshi:LunasBite","theSenshi:SailorChibiMoonAssists"],"picked":"theSenshi:UranusStrength","floor":12.0},{"not_picked":["theSenshi:EncouragingSpeech","theSenshi:MoonlightKnight","theSenshi:SailorStarFighterAssists"],"picked":"SKIP","floor":13.0},{"not_picked":["theSenshi:NeptunesGrace","theSenshi:Sidestep","theSenshi:EncouragingSpeech"],"picked":"SKIP","floor":14.0},{"not_picked":["theSenshi:StudyParty","theSenshi:WarriorOfTheMoon"],"picked":"theSenshi:MoonGorgeousMeditation","floor":16.0},{"not_picked":["theSenshi:LateForSchool","theSenshi:MoonPrincessHalation"],"picked":"theSenshi:MoonCrisisMakeUp","floor":17.0},{"not_picked":["theSenshi:SupersonicWaves","theSenshi:SailorV","theSenshi:MoonCosmicPowerMakeUp"],"picked":"SKIP","floor":18.0},{"not_picked":["theSenshi:MoonTiaraMagic+1","theSenshi:Sidestep","theSenshi:DramaticEntrance"],"picked":"SKIP","floor":20.0},{"not_picked":["theSenshi:SailorStarMakerAssists+1","theSenshi:EncouragingSpeech+1","theSenshi:TallSilhouette"],"picked":"SKIP","floor":21.0},{"not_picked":["theSenshi:SailorChibiMoonAssists+1","theSenshi:SilverCrystal","theSenshi:SailorNeptuneAssists"],"picked":"SKIP","floor":22.0},{"not_picked":["theSenshi:LunasBite+1","theSenshi:SupersonicWaves"],"picked":"theSenshi:MoonPunch","floor":24.0},{"not_picked":["theSenshi:TuxedoMaskAssists","theSenshi:VenusGlamour"],"picked":"theSenshi:MoonsReflection","floor":25.0},{"not_picked":["theSenshi:SailorJupiterAssists+1","theSenshi:OdangoHead+1","theSenshi:MoonsReflection+1"],"picked":"SKIP","floor":30.0},{"not_picked":["theSenshi:SailorJupiterAssists","theSenshi:SchoolBag"],"picked":"theSenshi:MoonHealingEscalation+1","floor":31.0},{"not_picked":["theSenshi:SailorSaturnAssists","theSenshi:GlimpseOfThePast"],"picked":"theSenshi:IWillPunishYou","floor":33.0},{"not_picked":["theSenshi:SailorChibiMoonAssists","theSenshi:Sidestep+1"],"picked":"theSenshi:KlutzyLuck+1","floor":35.0},{"not_picked":["theSenshi:YouCanTalk","theSenshi:MoonSpiralHeartAttack","theSenshi:TuxedoSmokingBomber"],"picked":"SKIP","floor":38.0},{"not_picked":["theSenshi:GatheringStrength+1","theSenshi:EncouragingSpeech"],"picked":"theSenshi:TallSilhouette+1","floor":39.0},{"not_picked":["theSenshi:MoonEternalMakeUp","theSenshi:TuxedoSmokingBomber+1","theSenshi:InTheNameOfTheMoon"],"picked":"SKIP","floor":40.0},{"not_picked":["theSenshi:LunaWiseMentor+1","theSenshi:MoonHealingEscalation+1","theSenshi:MoonPrincessHalation+1"],"picked":"SKIP","floor":42.0},{"not_picked":["theSenshi:SailorNeptuneAssists","theSenshi:MoonTiaraMagic","theSenshi:GatheringStrength"],"picked":"SKIP","floor":44.0},{"not_picked":["theSenshi:MoonsReflection","theSenshi:InTheNickOfTime","theSenshi:LateForSchool"],"picked":"SKIP","floor":45.0},{"not_picked":["theSenshi:MarsPride","theSenshi:SailorStarMakerAssists","theSenshi:KlutzyLuck"],"picked":"SKIP","floor":48.0},{"not_picked":["theSenshi:MoonlightKnight","theSenshi:SupersonicWaves","theSenshi:MoonSpiralHeartAttack+1"],"picked":"SKIP","floor":54.0}],"player_experience":257855,"relics_obtained":[{"floor":7.0,"key":"Replay:Bottled Eggs"},{"floor":13.0,"key":"Pen Nib"},{"floor":25.0,"key":"Gambling Chip"},{"floor":26.0,"key":"Pondfish Scales"},{"floor":40.0,"key":"Replay:Multitool"},{"floor":43.0,"key":"Ancient Tea Set"},{"floor":44.0,"key":"Replay:Bottled Flurry"},{"floor":52.0,"key":"Replay:Bottled Steam"},{"floor":54.0,"key":"reliquary:Aerogel"}],"event_choices":[{"damage_healed":0.0,"max_hp_gain":0.0,"max_hp_loss":0.0,"gold_gain":0.0,"event_name":"Living Wall","player_choice":"Grow","floor":4.0,"gold_loss":0.0,"damage_taken":0.0,"cards_upgraded":["theSenshi:SailorJupiterAssists"]},{"cards_removed":["theSenshi:SailorKick"],"damage_healed":0.0,"max_hp_gain":0.0,"max_hp_loss":0.0,"gold_gain":0.0,"event_name":"The Cleric","player_choice":"Card Removal","floor":5.0,"gold_loss":50.0,"damage_taken":0.0},{"damage_healed":0.0,"max_hp_gain":0.0,"max_hp_loss":0.0,"gold_gain":75.0,"event_name":"betterThird:BetterGoop","player_choice":"Gold","floor":10.0,"gold_loss":0.0,"damage_taken":11.0},{"damage_healed":0.0,"max_hp_gain":0.0,"max_hp_loss":0.0,"gold_gain":0.0,"event_name":"Designer","player_choice":"Upgraded Two","floor":19.0,"gold_loss":40.0,"damage_taken":0.0,"cards_upgraded":["theSenshi:SailorBlock","theSenshi:MoonCrisisMakeUp"]},{"damage_healed":0.0,"max_hp_gain":0.0,"max_hp_loss":0.0,"gold_gain":0.0,"event_name":"Addict","player_choice":"Obtained Relic","floor":28.0,"gold_loss":85.0,"damage_taken":0.0,"relics_obtained":["Replay:Mystery Machine"]},{"damage_healed":0.0,"max_hp_gain":0.0,"max_hp_loss":0.0,"gold_gain":0.0,"event_name":"The Woman in Blue","player_choice":"Bought 0 Potions","floor":37.0,"gold_loss":0.0,"damage_taken":0.0}],"is_beta":false,"boss_relics":[{"not_picked":["hubris:CrackedHourglass","ChewingGum"],"picked":"Tiny House"},{"not_picked":["Snecko Eye","Replay:Bronze Core"],"picked":"Sozu"}],"items_purged_floors":[53],"is_endless":false,"potions_floor_spawned":[1,2,7,13,21,22,24,31,38,40,42,45,54],"killed_by":"The Heart","ascension_level":5}}