{"host":"ssceekdvsvld625r","time":1614009254,"event":{"mods":["AchievementEnabler","BaseMod","Better Third Choice","Block Reminder","Colored Map","Colored Powertips","Downfall","Minty Spire (QoL Compilation)","Permanent Neow","Quick Restart","Rare Cards Sparkle","Relic Stats","Reliquary","Replay The Spire","Shop Mod","StSLib"],"gold_per_floor":[118,118,137,137,137,169,94,129,129,156,169,169,184,211,211,306,306,323,238,45,45,5,5,15,27,97,97,97],"floor_reached":27,"language":"ENG","playtime":1407,"items_purged":[],"score":304,"play_id":"6b8757e3-249e-48e4-8d42-06f403f3e978","local_time":"20210222085414","is_ascension_mode":true,"campfire_choices":[{"floor":12,"key":"REST"},{"floor":15,"key":"DIG"},{"floor":23,"key":"REST"}],"circlet_count":0,"master_deck":["Strike_B","Strike_B","Strike_B","Strike_B+1","Defend_B","Defend_B","Defend_B","Defend_B","Zap","Dualcast","Ball Lightning","Static Discharge","Redo","Barrage","Ball Lightning","Hologram","Heatsinks","Creative AI","CurseOfTheBell","Steam+1","ReplayTheSpireMod:Reroute Power+1","Loop","downfall:Bewildered","Hello World","White Noise+1","Turbo+1","Capacitor"],"relics":["Cracked Core","NeowsBlessing","Cables","reliquary:BallBearing","reliquary:QuartzCube","Prayer Wheel","reliquary:OuijaBoard","Toxic Egg 2","reliquary:IridiumChain","Girya","Oddly Smooth Stone","MerchantsRug","ReplayTheSpireMod:Ring of Challenge","Ring of Fury","Bottled Tornado"],"acts_visited":["Exordium","TheCity"],"potions_floor_usage":[16,16,16,25,27],"damage_taken":[{"damage":0.0,"enemies":"2 Louse","floor":1.0,"turns":1.0},{"damage":0.0,"enemies":"Cultist","floor":3.0,"turns":1.0},{"damage":0,"enemies":"Lagavulin","floor":6,"turns":1},{"damage":12,"enemies":"Gremlin Nob","floor":8,"turns":3},{"damage":30,"enemies":"3 Sentries","floor":10,"turns":4},{"damage":7,"enemies":"Jaw Worm","floor":11,"turns":2},{"damage":0,"enemies":"3 Louse","floor":13,"turns":3},{"damage":8,"enemies":"Gremlin Nob","floor":14,"turns":3},{"damage":37,"enemies":"Hexaghost","floor":16,"turns":5},{"damage":61,"enemies":"2 Thieves","floor":18,"turns":4},{"damage":12,"enemies":"Chosen","floor":24,"turns":4},{"damage":19,"enemies":"Snake Plant","floor":25,"turns":2},{"damage":9,"enemies":"Snecko","floor":27,"turns":3}],"seed_played":"-5168974901528184802","potions_obtained":[{"floor":3.0,"key":"DuplicationPotion"},{"floor":6,"key":"FearPotion"},{"floor":8,"key":"Guardian:BlockOnCardUsePotion"},{"floor":14,"key":"Reflective Coating"},{"floor":18,"key":"Languid Potion"},{"floor":24,"key":"DistilledChaos"}],"is_trial":false,"path_per_floor":["M","?","M","?","$","E","$","E","T","E","M","R","M","E","R_BF","B",null,"M","?","$","?","$","R","M","M","T","M"],"character_chosen":"DEFECT","items_purchased":["Static Discharge","MerchantsRug","Loop","Hello World"],"campfire_rested":2,"item_purchase_floors":[7,20,20,22],"current_hp_per_floor":[75,75,75,75,75,75,75,63,63,33,26,48,48,40,40,3,75,14,14,14,14,14,36,24,5,5,0,0],"gold":97,"neow_bonus":"THREE_ENEMY_KILL","is_daily":false,"chose_seed":false,"campfire_upgraded":0,"win_rate":0.0,"timestamp":1614009254,"path_taken":["M","?","?","?","$","E","$","E","T","E","M","R","M","E","R_BF","BOSS","M","?","$","?","$","R","M","M","T","?"],"items_purchased_type":["Card","Relic","Card","Card"],"build_version":"2020-12-22","purchased_purges":0,"victory":false,"max_hp_per_floor":[75,75,75,75,75,75,75,75,75,75,75,75,75,75,75,75,75,75,75,75,75,75,75,75,75,75,75,75],"relic_stats":{"counters":[13,36],"Prayer Wheel":5,"obtain_stats":[{"reliquary:OuijaBoard":14,"Girya":17,"MerchantsRug":20,"NeowsBlessing":0,"Oddly Smooth Stone":19,"Bottled Tornado":26,"reliquary:QuartzCube":9,"reliquary:IridiumChain":17,"Cables":6,"Calling Bell":17,"Prayer Wheel":10,"Ring of Fury":21,"reliquary:BallBearing":8,"Toxic Egg 2":15,"ReplayTheSpireMod:Ring of Challenge":21,"Cracked Core":0,"reliquary:SharkskinSheath":17},{"reliquary:OuijaBoard":8,"Girya":9,"MerchantsRug":10,"NeowsBlessing":0,"Oddly Smooth Stone":10,"Bottled Tornado":12,"reliquary:QuartzCube":4,"reliquary:IridiumChain":9,"Cables":3,"Calling Bell":9,"Prayer Wheel":5,"Ring of Fury":10,"reliquary:BallBearing":4,"Toxic Egg 2":8,"ReplayTheSpireMod:Ring of Challenge":10,"Cracked Core":0,"reliquary:SharkskinSheath":9},{"reliquary:OuijaBoard":18,"Girya":23,"MerchantsRug":27,"NeowsBlessing":0,"Oddly Smooth Stone":27,"Bottled Tornado":33,"reliquary:QuartzCube":6,"reliquary:IridiumChain":23,"Cables":3,"Calling Bell":23,"Prayer Wheel":10,"Ring of Fury":27,"reliquary:BallBearing":6,"Toxic Egg 2":18,"ReplayTheSpireMod:Ring of Challenge":27,"Cracked Core":0,"reliquary:SharkskinSheath":23}],"Cables":[28,28,0,0,0]},"card_choices":[{"not_picked":["Coolheaded","Streamline","Reinforced Body"],"picked":"SKIP","floor":1.0},{"not_picked":["Stack","ReplaySort"],"picked":"Ball Lightning","floor":3.0},{"not_picked":["Aggregate","Rebound","Core Surge"],"picked":"SKIP","floor":6},{"not_picked":["Panic Button","Leap"],"picked":"Redo","floor":8},{"not_picked":["Cold Snap","Reinforced Body"],"picked":"Barrage","floor":10},{"not_picked":["Gash","Panic Button"],"picked":"Ball Lightning","floor":11},{"not_picked":["Compile Driver","Go for the Eyes","Undo"],"picked":"SKIP","floor":11},{"not_picked":["Go for the Eyes","Streamline"],"picked":"Hologram","floor":13},{"not_picked":["Barrage","Lockon","Mirror Shield"],"picked":"SKIP","floor":13},{"not_picked":["Go for the Eyes","Auto Shields"],"picked":"Heatsinks","floor":14},{"not_picked":["Hyperbeam","Meteor Strike"],"picked":"Creative AI","floor":16},{"not_picked":["Sweeping Beam+1","Gash"],"picked":"Steam+1","floor":18},{"not_picked":["BasicCrystalCard+1","Barrage+1"],"picked":"ReplayTheSpireMod:Reroute Power+1","floor":18},{"not_picked":["Melter+1","Redo+1"],"picked":"White Noise+1","floor":24},{"not_picked":["Barrage","Auto Shields+1"],"picked":"Turbo+1","floor":24},{"not_picked":["Biased Cognition","Stack+1"],"picked":"Capacitor","floor":25},{"not_picked":["ReplayGash","Turbo+1","Compile Driver"],"picked":"SKIP","floor":25}],"player_experience":82072,"relics_obtained":[{"floor":6,"key":"Cables"},{"floor":8,"key":"reliquary:BallBearing"},{"floor":9,"key":"reliquary:QuartzCube"},{"floor":10,"key":"Prayer Wheel"},{"floor":14,"key":"reliquary:OuijaBoard"},{"floor":15,"key":"Toxic Egg 2"},{"floor":17,"key":"reliquary:SharkskinSheath"},{"floor":17,"key":"reliquary:IridiumChain"},{"floor":17,"key":"Girya"},{"floor":21,"key":"ReplayTheSpireMod:Ring of Challenge"},{"floor":21,"key":"Ring of Fury"},{"floor":26,"key":"Bottled Tornado"}],"event_choices":[{"damage_healed":0.0,"max_hp_gain":0.0,"max_hp_loss":0.0,"gold_gain":0.0,"event_name":"The Woman in Blue","player_choice":"Bought 0 Potions","floor":2.0,"gold_loss":0.0,"damage_taken":0.0},{"damage_healed":0,"gold_gain":0,"player_choice":"Obtained Relic","damage_taken":0,"relics_obtained":["Oddly Smooth Stone"],"max_hp_gain":0,"max_hp_loss":0,"event_name":"Addict","floor":19,"gold_loss":85}],"is_beta":false,"boss_relics":[{"not_picked":["reliquary:RedPaperclip","Ectoplasm"],"picked":"Calling Bell"}],"items_purged_floors":[],"is_endless":false,"potions_floor_spawned":[3,6,8,14,18,24],"killed_by":"Snecko","ascension_level":3}}