{"host":"dz37y7s0f4dytpbs","time":1614008339,"event":{"mods":["2.2 Compatiblity","AchievementEnabler","BaseMod","BetterRewards","Colored Map","Keyboard Shortcuts","Marisa£¨Ùöéë¡¡Øª×âÞÞ£©","Minty Spire (QoL Compilation)","Permanent Neow","StSLib","SuperFastMode","everything is the same but u backflip on backflip"],"gold_per_floor":[117,117,117,127,127,127,160,179,179,59,69,69,89,26,26,130,130,141,168,168,184,184,184,201,82,82,100,112,146,166,184,184,282,282,299,299,159,173,185,185,210,222,222,272,286,333,333,46,46,46],"floor_reached":51,"language":"KOR","playtime":2711,"items_purged":["Defend_P","Strike_P","Defend_P","Defend_P","Strike_P","Defend_P"],"score":1424,"play_id":"d1fd63fb-dc6c-49be-9dfa-7885e0960feb","local_time":"20210223003859","is_ascension_mode":true,"campfire_choices":[{"data":"Eruption","floor":6.0,"key":"SMITH"},{"floor":12.0,"key":"REST"},{"data":"Vigilance","floor":15.0,"key":"SMITH"},{"floor":23.0,"key":"REST"},{"floor":32.0,"key":"REST"},{"data":"InnerPeace","floor":40,"key":"SMITH"},{"data":"FearNoEvil","floor":47,"key":"SMITH"},{"data":"1","floor":49,"key":"LIFT"}],"circlet_count":0,"master_deck":["Strike_P","Eruption+1","Vigilance+1","Consecrate+1","MentalFortress+1","DevaForm+1","MentalFortress+1","Adaptation+1","InnerPeace+1","Tantrum","FearNoEvil+1"],"relics":["PureWater","Frozen Egg 2","Mummified Hand","Sundial","The Courier","VioletLotus","Blood Vial","Anchor","Toy Ornithopter","Bag of Preparation","Runic Pyramid","Smiling Mask","GoldenEye","Unceasing Top","Girya","FossilizedHelix"],"acts_visited":["Exordium","TheCity","TheBeyond"],"potions_floor_usage":[33,39,41,50],"damage_taken":[{"damage":9.0,"enemies":"2 Louse","floor":1.0,"turns":2.0},{"damage":0.0,"enemies":"Cultist","floor":4.0,"turns":3.0},{"damage":4.0,"enemies":"Gremlin Nob","floor":7.0,"turns":3.0},{"damage":0.0,"enemies":"Small Slimes","floor":8.0,"turns":1.0},{"damage":17.0,"enemies":"Looter","floor":11.0,"turns":2.0},{"damage":0.0,"enemies":"Lots of Slimes","floor":13.0,"turns":2.0},{"damage":47.0,"enemies":"The Guardian","floor":16.0,"turns":6.0},{"damage":18.0,"enemies":"3 Byrds","floor":18.0,"turns":5.0},{"damage":10.0,"enemies":"2 Thieves","floor":21.0,"turns":4.0},{"damage":9.0,"enemies":"Centurion and Healer","floor":24.0,"turns":4.0},{"damage":0.0,"enemies":"Snake Plant","floor":27.0,"turns":3.0},{"damage":4.0,"enemies":"Chosen and Byrds","floor":28.0,"turns":5.0},{"damage":58.0,"enemies":"Book of Stabbing","floor":29.0,"turns":6.0},{"damage":3.0,"enemies":"3 Cultists","floor":30.0,"turns":4.0},{"damage":0.0,"enemies":"Snake Plant","floor":31.0,"turns":3.0},{"damage":0,"enemies":"Automaton","floor":33,"turns":6},{"damage":0,"enemies":"Orb Walker","floor":35,"turns":3},{"damage":0,"enemies":"3 Darklings","floor":38,"turns":2},{"damage":0,"enemies":"Writhing Mass","floor":39,"turns":4},{"damage":0,"enemies":"Nemesis","floor":41,"turns":3},{"damage":0,"enemies":"Transient","floor":42,"turns":5},{"damage":0,"enemies":"Mind Bloom Boss Battle","floor":44,"turns":3},{"damage":0,"enemies":"Jaw Worm Horde","floor":45,"turns":2},{"damage":0,"enemies":"2 Orb Walkers","floor":46,"turns":1},{"damage":0,"enemies":"Donu and Deca","floor":50,"turns":1}],"seed_played":"6142909261891786717","potions_obtained":[{"floor":1.0,"key":"Explosive Potion"},{"floor":4.0,"key":"CultistPotion"},{"floor":11.0,"key":"FearPotion"},{"floor":24.0,"key":"DuplicationPotion"},{"floor":27.0,"key":"Weak Potion"},{"floor":30.0,"key":"ColorlessPotion"},{"floor":31.0,"key":"Ancient Potion"},{"floor":33,"key":"Dexterity Potion"},{"floor":38,"key":"Fire Potion"},{"floor":39,"key":"Regen Potion"},{"floor":42,"key":"BlessingOfTheForge"},{"floor":45,"key":"GamblersBrew"}],"is_trial":false,"path_per_floor":["M","?","$","M","?","R","E","M","T","$","M","R","M","$","R","B",null,"M","T","?","M","?","R","M","$","T","M","M","E","M","M","R","B",null,"M","?","$","M","M","R","E","M","T","?","M","?","R","$","R","B",null],"character_chosen":"WATCHER","items_purchased":["Frozen Egg 2","Mummified Hand","MentalFortress+1","Anchor","FossilizedHelix"],"campfire_rested":3,"item_purchase_floors":[0,0,14,25,48],"current_hp_per_floor":[56,56,56,56,49,49,45,45,45,45,28,49,49,49,49,2,55,37,37,37,29,29,50,43,43,43,45,48,2,1,3,24,31,62,64,64,64,66,72,72,72,72,72,72,72,72,72,72,72,72],"gold":46,"neow_bonus":"","is_daily":false,"chose_seed":false,"campfire_upgraded":4,"win_rate":0.0,"timestamp":1614008339,"path_taken":["M","?","$","M","?","R","E","?","T","?","M","R","M","$","R","BOSS","M","?","?","?","?","R","M","$","T","M","M","E","M","M","R","BOSS","M","?","$","M","?","R","E","M","T","?","M","?","R","$","R","BOSS"],"items_purchased_type":["Relic","Relic","Card","Relic","Relic"],"build_version":"2020-12-22","purchased_purges":6,"victory":true,"max_hp_per_floor":[72,72,72,72,72,72,72,72,72,72,72,72,72,72,72,72,72,72,72,72,72,72,72,72,72,72,72,72,72,72,72,72,72,72,72,72,72,72,72,72,72,72,72,72,72,72,72,72,72,72],"card_choices":[{"not_picked":["Wireheading+1","FollowUp"],"picked":"Consecrate","floor":1.0},{"not_picked":["Evaluate","EmptyFist","FlyingSleeves"],"picked":"SKIP","floor":4.0},{"not_picked":["Halt","ClearTheMind","EmptyBody"],"picked":"SKIP","floor":7.0},{"not_picked":["ReachHeaven","Crescendo","ClearTheMind"],"picked":"SKIP","floor":8.0},{"not_picked":["SandsOfTime","BowlingBash","CutThroughFate"],"picked":"SKIP","floor":11.0},{"not_picked":["BattleHymn+1","Consecrate","Evaluate"],"picked":"SKIP","floor":13.0},{"not_picked":["LessonLearned","Judgement"],"picked":"DevaForm+1","floor":16.0},{"not_picked":["Prostrate","JustLucky","SashWhip"],"picked":"SKIP","floor":18.0},{"not_picked":["CrushJoints","Protect"],"picked":"MentalFortress+1","floor":21.0},{"not_picked":["JustLucky","Indignation"],"picked":"InnerPeace","floor":24.0},{"not_picked":["FollowUp+1","PathToVictory+1","Pray"],"picked":"SKIP","floor":27.0},{"not_picked":["CutThroughFate+1","ForeignInfluence+1","ThirdEye"],"picked":"SKIP","floor":28.0},{"not_picked":["Pray","Establishment+1","Sanctity"],"picked":"SKIP","floor":29.0},{"not_picked":["WaveOfTheHand+1","PathToVictory","Perseverance+1"],"picked":"SKIP","floor":30.0},{"not_picked":["FollowUp","FlyingSleeves+1","SpiritShield"],"picked":"SKIP","floor":31.0},{"not_picked":["Prostrate+1","Evaluate+1","Indignation"],"picked":"SKIP","floor":35},{"not_picked":["FlyingSleeves","Conclude+1","CrushJoints+1"],"picked":"SKIP","floor":38},{"not_picked":["Study+1","FlyingSleeves+1","FlurryOfBlows"],"picked":"SKIP","floor":39},{"not_picked":["Pray+1","Evaluate+1"],"picked":"Tantrum","floor":41},{"not_picked":["DeceiveReality","Conclude","CrushJoints+1"],"picked":"SKIP","floor":42},{"not_picked":["FlyingSleeves+1","FlurryOfBlows+1"],"picked":"FearNoEvil","floor":45}],"player_experience":338121,"relics_obtained":[{"floor":7.0,"key":"Sundial"},{"floor":9.0,"key":"The Courier"},{"floor":19.0,"key":"Blood Vial"},{"floor":26.0,"key":"Toy Ornithopter"},{"floor":29.0,"key":"Bag of Preparation"},{"floor":41,"key":"Smiling Mask"},{"floor":43,"key":"GoldenEye"},{"floor":44,"key":"Unceasing Top"},{"floor":46,"key":"Girya"}],"event_choices":[{"damage_healed":0.0,"max_hp_gain":0.0,"max_hp_loss":0.0,"gold_gain":0.0,"event_name":"Liars Game","player_choice":"Ignored","floor":2.0,"gold_loss":0.0,"damage_taken":0.0},{"damage_healed":0.0,"max_hp_gain":0.0,"max_hp_loss":0.0,"gold_gain":0.0,"event_name":"Wheel of Change","player_choice":"Damaged","floor":5.0,"gold_loss":0.0,"damage_taken":7.0},{"damage_healed":0.0,"max_hp_gain":0.0,"max_hp_loss":0.0,"gold_gain":0.0,"event_name":"Upgrade Shrine","player_choice":"Upgraded","floor":20.0,"gold_loss":0.0,"damage_taken":0.0,"cards_upgraded":["Consecrate"]},{"damage_healed":0.0,"max_hp_gain":0.0,"max_hp_loss":0.0,"gold_gain":0.0,"event_name":"The Library","player_choice":"Read","floor":22.0,"gold_loss":0.0,"damage_taken":0.0,"cards_obtained":["Adaptation"]},{"cards_removed":["Strike_P"],"damage_healed":0,"gold_gain":0,"player_choice":"Purged","damage_taken":0,"max_hp_gain":0,"max_hp_loss":0,"event_name":"Purifier","floor":36,"gold_loss":0},{"damage_healed":0,"gold_gain":0,"player_choice":"Fight","damage_taken":0,"max_hp_gain":0,"max_hp_loss":0,"event_name":"MindBloom","floor":44,"gold_loss":0},{"damage_healed":0,"gold_gain":0,"player_choice":"Fight","damage_taken":0,"max_hp_gain":0,"max_hp_loss":0,"event_name":"Mysterious Sphere","floor":46,"gold_loss":0}],"is_beta":false,"boss_relics":[{"not_picked":["Philosopher\u0027s Stone","Fusion Hammer"],"picked":"VioletLotus"},{"not_picked":["Empty Cage","Velvet Choker"],"picked":"Runic Pyramid"}],"items_purged_floors":[0,0,0,10,37,48],"is_endless":false,"potions_floor_spawned":[1,4,11,24,27,30,31,33,38,39,42,45],"ascension_level":8}}