{"host":"r4aerl4ckfvw1dw3","time":1614036372,"event":{"mods":["BaseMod","BetterRewards","Minty Spire (QoL Compilation)","Quick Restart","StSLib"],"gold_per_floor":[111,129,139,139,158,158,199,199,199,199,274,274,290,315,315,315,315],"floor_reached":16,"language":"ENG","playtime":531,"items_purged":[],"score":158,"play_id":"78529fc8-9992-479c-b18d-e897a98dd529","local_time":"20210222152612","is_ascension_mode":true,"campfire_choices":[{"data":"Dodge and Roll","floor":6,"key":"SMITH"},{"floor":8,"key":"REST"},{"data":"Dash","floor":10,"key":"SMITH"},{"data":"Neutralize","floor":12,"key":"SMITH"},{"data":"Glass Knife","floor":15,"key":"SMITH"}],"circlet_count":0,"master_deck":["AscendersBane","Strike_G","Strike_G","Strike_G","Defend_G","Defend_G","Defend_G","Defend_G","Defend_G","Survivor","Neutralize+1","Masterful Stab","Dash+1","Dodge and Roll+1","Prepared","Flying Knee","Glass Knife+1","PiercingWail+1"],"relics":["Empty Cage","Golden Idol","Orichalcum","Toxic Egg 2"],"acts_visited":["Exordium"],"potions_floor_usage":[7,14,14],"damage_taken":[{"damage":5,"enemies":"2 Louse","floor":1,"turns":4},{"damage":0,"enemies":"Small Slimes","floor":2,"turns":4},{"damage":0,"enemies":"Cultist","floor":3,"turns":3},{"damage":6,"enemies":"2 Fungi Beasts","floor":5,"turns":4},{"damage":24,"enemies":"Gremlin Nob","floor":7,"turns":7},{"damage":8,"enemies":"Blue Slaver","floor":13,"turns":4},{"damage":0,"enemies":"Gremlin Gang","floor":14,"turns":5},{"damage":24,"enemies":"Hexaghost","floor":16,"turns":14}],"seed_played":"333901876853744696","potions_obtained":[{"floor":1,"key":"FearPotion"},{"floor":3,"key":"Weak Potion"},{"floor":7,"key":"Energy Potion"},{"floor":13,"key":"SkillPotion"}],"is_trial":false,"path_per_floor":["M","M","M","?","M","R","E","R","T","R","?","R","M","M","R","B"],"character_chosen":"THE_SILENT","items_purchased":[],"campfire_rested":1,"item_purchase_floors":[],"current_hp_per_floor":[58,58,58,58,52,52,28,47,47,47,36,36,28,28,28,4,4],"gold":315,"neow_bonus":"BOSS_RELIC","is_daily":false,"chose_seed":false,"campfire_upgraded":4,"win_rate":0.0,"timestamp":1614036372,"path_taken":["M","M","M","?","M","R","E","R","T","R","?","R","M","M","R","BOSS"],"items_purchased_type":[],"build_version":"2020-12-22","purchased_purges":0,"victory":false,"max_hp_per_floor":[70,70,70,65,65,65,65,65,65,65,65,65,65,65,65,65,65],"card_choices":[{"not_picked":["Distraction","Concentrate"],"picked":"Masterful Stab","floor":1},{"not_picked":["Bane","Catalyst"],"picked":"Dash","floor":2},{"not_picked":["Cloak And Dagger","PiercingWail"],"picked":"Dodge and Roll","floor":3},{"not_picked":["Backflip","Quick Slash"],"picked":"Prepared","floor":5},{"not_picked":["Distraction","Quick Slash"],"picked":"Flying Knee","floor":7},{"not_picked":["Bouncing Flask+1","Leg Sweep+1"],"picked":"Glass Knife","floor":13},{"not_picked":["Dagger Spray","Backflip+1"],"picked":"PiercingWail+1","floor":14}],"player_experience":667640,"relics_obtained":[{"floor":7,"key":"Orichalcum"},{"floor":9,"key":"Toxic Egg 2"}],"event_choices":[{"damage_healed":0,"gold_gain":0,"player_choice":"Lose Max HP","damage_taken":0,"relics_obtained":["Golden Idol"],"max_hp_gain":0,"max_hp_loss":5,"event_name":"Golden Idol","floor":4,"gold_loss":0},{"damage_healed":0,"gold_gain":75,"player_choice":"Gather Gold","damage_taken":11,"max_hp_gain":0,"max_hp_loss":0,"event_name":"World of Goop","floor":11,"gold_loss":0}],"is_beta":false,"boss_relics":[],"items_purged_floors":[],"is_endless":false,"potions_floor_spawned":[1,3,7,13],"killed_by":"Hexaghost","ascension_level":11}}