{"host":"j4b88pk2ewfl8ntk","time":1614013001,"event":{"mods":["2.2 Compatiblity","BaseMod","Bestiary","Colored Map","Colored Powertips","Curses Come First","Highlight Path","Keyboard Shortcuts","Minty Spire (QoL Compilation)","Relic Stats","StSLib","SuperFastMode"],"gold_per_floor":[99,99,99,99,99,99,99,99,99,99,99,99,99,99,99,99,99,99,69,3,3,3,3,3,3,3,3,3,3,3,3,3],"floor_reached":31,"language":"ENG","playtime":1822,"items_purged":[],"score":612,"play_id":"ce6c2eb3-2dc1-44d6-9b70-feac150c2ead","local_time":"20210222205641","is_ascension_mode":true,"campfire_choices":[{"data":"Eruption","floor":7.0,"key":"SMITH"},{"floor":15.0,"key":"REST"},{"floor":25.0,"key":"REST"}],"circlet_count":0,"master_deck":["Defend_P","Defend_P","Defend_P","Defend_P","Eruption+1","Vigilance","Wallop","TalkToTheHand","Swivel","ClearTheMind","BowlingBash","Wish","Evaluate","EmptyFist","Wish","FlurryOfBlows+1","FlurryOfBlows","Bite","Bite","Bite","Bite","Bite","Swivel+1","Halt+1","BattleHymn"],"relics":["Ectoplasm","Shuriken","StrikeDummy","Happy Flower","Potion Belt","Smiling Mask","Black Star","Pocketwatch","Ginger","Boot","Anchor","Singing Bowl","Lantern"],"acts_visited":["Exordium","TheCity"],"potions_floor_usage":[],"damage_taken":[{"damage":0.0,"enemies":"Cultist","floor":1.0,"turns":3.0},{"damage":0.0,"enemies":"2 Louse","floor":5.0,"turns":2.0},{"damage":14.0,"enemies":"Lagavulin","floor":6.0,"turns":3.0},{"damage":0.0,"enemies":"Gremlin Nob","floor":8.0,"turns":2.0},{"damage":7.0,"enemies":"3 Sentries","floor":10.0,"turns":5.0},{"damage":0.0,"enemies":"Small Slimes","floor":11.0,"turns":2.0},{"damage":10.0,"enemies":"Red Slaver","floor":12.0,"turns":2.0},{"damage":0.0,"enemies":"Gremlin Nob","floor":13.0,"turns":2.0},{"damage":1.0,"enemies":"Gremlin Gang","floor":14.0,"turns":4.0},{"damage":0.0,"enemies":"Slime Boss","floor":16.0,"turns":4.0},{"damage":9.0,"enemies":"Shell Parasite","floor":18.0,"turns":10.0},{"damage":1.0,"enemies":"2 Thieves","floor":19.0,"turns":2.0},{"damage":10.0,"enemies":"Shelled Parasite and Fungi","floor":21.0,"turns":6.0},{"damage":29.0,"enemies":"Book of Stabbing","floor":23.0,"turns":5.0},{"damage":38.0,"enemies":"Snake Plant","floor":24.0,"turns":4.0},{"damage":0.0,"enemies":"Sentry and Sphere","floor":27.0,"turns":3.0},{"damage":16.0,"enemies":"Slavers","floor":29.0,"turns":6.0},{"damage":51,"enemies":"Gremlin Leader","floor":31,"turns":4}],"seed_played":"-8398618488611530129","potions_obtained":[{"floor":1.0,"key":"PowerPotion"},{"floor":8.0,"key":"AttackPotion"},{"floor":12.0,"key":"Strength Potion"},{"floor":13.0,"key":"Dexterity Potion"},{"floor":21.0,"key":"GamblersBrew"},{"floor":24.0,"key":"PowerPotion"}],"is_trial":false,"path_per_floor":["M","?","?","?","M","E","R","E","T","E","M","M","E","M","R","B",null,"M","M","?","M","?","E","M","R","T","M","?","E","$","E"],"character_chosen":"WATCHER","items_purchased":[],"campfire_rested":2,"item_purchase_floors":[],"current_hp_per_floor":[65,65,62,55,55,41,41,41,41,36,38,30,32,33,54,56,68,61,62,62,54,54,35,7,28,28,36,36,34,34,0,0],"gold":3,"neow_bonus":"BOSS_RELIC","is_daily":false,"chose_seed":false,"campfire_upgraded":1,"win_rate":0.0,"timestamp":1614013001,"path_taken":["M","?","?","?","M","E","R","E","T","E","M","M","E","M","R","BOSS","M","M","?","?","?","E","M","R","T","M","?","E","$","E"],"items_purchased_type":[],"build_version":"2020-12-22","purchased_purges":0,"victory":false,"max_hp_per_floor":[72,72,72,72,72,72,72,72,72,72,72,72,72,72,72,72,72,72,72,72,72,72,72,72,72,72,72,72,74,74,74,74],"relic_stats":{"Happy Flower":[19],"Singing Bowl":2,"counters":[18,69],"Shuriken":[37],"Ectoplasm":478,"Black Star":2,"Ginger":[5],"Smiling Mask":0,"Boot":[2],"obtain_stats":[{"Potion Belt":10,"Lantern":29,"Happy Flower":9,"Singing Bowl":29,"Ginger":23,"Smiling Mask":13,"Boot":23,"Blood Vial":8,"Anchor":26,"Shuriken":3,"Ectoplasm":0,"Black Star":17,"PureWater":0,"StrikeDummy":6,"Pocketwatch":20},{"Potion Belt":5,"Lantern":17,"Happy Flower":4,"Singing Bowl":17,"Ginger":14,"Smiling Mask":8,"Boot":14,"Blood Vial":4,"Anchor":15,"Shuriken":1,"Ectoplasm":0,"Black Star":10,"PureWater":0,"StrikeDummy":3,"Pocketwatch":12},{"Potion Belt":15,"Lantern":65,"Happy Flower":10,"Singing Bowl":65,"Ginger":52,"Smiling Mask":21,"Boot":52,"Blood Vial":10,"Anchor":56,"Shuriken":3,"Ectoplasm":0,"Black Star":29,"PureWater":0,"StrikeDummy":8,"Pocketwatch":41}],"Pocketwatch":[18]},"card_choices":[{"not_picked":["Perseverance","DeceiveReality"],"picked":"Wallop","floor":1.0},{"not_picked":["FollowUp","JustLucky"],"picked":"TalkToTheHand","floor":5.0},{"not_picked":["FlyingSleeves","CrushJoints"],"picked":"Swivel","floor":6.0},{"not_picked":["Evaluate","JustLucky"],"picked":"ClearTheMind","floor":8.0},{"not_picked":["CrushJoints","MentalFortress"],"picked":"BowlingBash","floor":10.0},{"not_picked":["Evaluate","Indignation"],"picked":"Wish","floor":11.0},{"not_picked":["ThirdEye","Study"],"picked":"Evaluate","floor":12.0},{"not_picked":["Swivel","SashWhip"],"picked":"EmptyFist","floor":13.0},{"not_picked":["JustLucky","Halt","BowlingBash"],"picked":"SKIP","floor":14.0},{"not_picked":["Devotion","Establishment"],"picked":"Wish","floor":16.0},{"not_picked":["Evaluate+1","Crescendo"],"picked":"FlurryOfBlows+1","floor":18.0},{"not_picked":["JustLucky","WreathOfFlame","Worship"],"picked":"SKIP","floor":19.0},{"not_picked":["CutThroughFate","FlyingSleeves"],"picked":"FlurryOfBlows","floor":21.0},{"not_picked":["WreathOfFlame+1","EmptyFist"],"picked":"Swivel+1","floor":23.0},{"not_picked":["Study+1","Adaptation"],"picked":"Halt+1","floor":24.0},{"not_picked":["PathToVictory","JustLucky"],"picked":"BattleHymn","floor":27.0},{"not_picked":["Perseverance","SashWhip","EmptyBody"],"picked":"Singing Bowl","floor":29.0}],"player_experience":1246520,"relics_obtained":[{"floor":6.0,"key":"StrikeDummy"},{"floor":8.0,"key":"Blood Vial"},{"floor":9.0,"key":"Happy Flower"},{"floor":10.0,"key":"Potion Belt"},{"floor":13.0,"key":"Smiling Mask"},{"floor":23.0,"key":"Ginger"},{"floor":23.0,"key":"Boot"},{"floor":26.0,"key":"Anchor"},{"floor":29.0,"key":"Singing Bowl"},{"floor":29.0,"key":"Lantern"}],"event_choices":[{"damage_healed":0.0,"max_hp_gain":0.0,"max_hp_loss":0.0,"gold_gain":0.0,"event_name":"Golden Idol","player_choice":"Ignored","floor":2.0,"gold_loss":0.0,"damage_taken":0.0},{"damage_healed":0.0,"max_hp_gain":0.0,"max_hp_loss":0.0,"gold_gain":0.0,"event_name":"Scrap Ooze","player_choice":"Success","floor":3.0,"gold_loss":0.0,"damage_taken":3.0,"relics_obtained":["Shuriken"]},{"damage_healed":0.0,"max_hp_gain":0.0,"max_hp_loss":0.0,"gold_gain":0.0,"event_name":"Wheel of Change","player_choice":"Damaged","floor":4.0,"gold_loss":0.0,"damage_taken":7.0},{"damage_healed":0.0,"max_hp_gain":0.0,"max_hp_loss":0.0,"gold_gain":0.0,"event_name":"WeMeetAgain","player_choice":"Paid Gold","floor":20.0,"gold_loss":66.0,"damage_taken":0.0,"relics_obtained":["Pocketwatch"]},{"damage_healed":0.0,"max_hp_gain":0.0,"max_hp_loss":0.0,"gold_gain":0.0,"event_name":"Vampires","player_choice":"Became a vampire (Vial)","floor":22.0,"relics_lost":["Blood Vial"],"gold_loss":0.0,"damage_taken":0.0,"cards_obtained":["Bite","Bite","Bite","Bite","Bite"]}],"is_beta":false,"boss_relics":[{"not_picked":["Calling Bell","Pandora\u0027s Box"],"picked":"Black Star"}],"items_purged_floors":[],"is_endless":false,"potions_floor_spawned":[1,8,12,13,21,24],"killed_by":"Gremlin Leader","ascension_level":9}}