{"host":"w14xfy17z3c5mpoi","time":1614024461,"event":{"mods":["AchievementEnabler","BaseMod","Minty Spire (QoL Compilation)","Relic Stats"],"gold_per_floor":[112,132,9,21,21,21,32,32,32,32,32,67,85,103,103,177,177,197,197,197,213,230,230,230],"floor_reached":23,"language":"ENG","playtime":933,"items_purged":["Injury"],"score":328,"play_id":"0bb0d423-819b-4b33-a6e9-57a0f06c9f82","local_time":"20210222150741","is_ascension_mode":true,"campfire_choices":[{"data":"Venomology","floor":6,"key":"SMITH"},{"data":"Adrenaline","floor":11,"key":"SMITH"},{"floor":15,"key":"REST"}],"circlet_count":0,"master_deck":["AscendersBane","Defend_G","Defend_G","Defend_G","Defend_G","Defend_G","Survivor","Neutralize","Venomology+1","Poisoned Stab","Noxious Fumes","Blade Dance","Dagger Throw","Adrenaline+1","Outmaneuver+1","Dagger Spray","Deadly Poison+1","Phantasmal Killer+1","Phantasmal Killer+1","A Thousand Cuts+1","Backflip+1","Dagger Spray+1","RitualDagger","Acrobatics+1","Acrobatics+1"],"relics":["Ring of the Snake","Toxic Egg 2","Blue Candle","Astrolabe"],"acts_visited":["Exordium","TheCity"],"potions_floor_usage":[7,7,12,12,14,16,18,21,21,22,23],"damage_taken":[{"damage":6,"enemies":"2 Louse","floor":1,"turns":6},{"damage":0,"enemies":"Small Slimes","floor":2,"turns":3},{"damage":0,"enemies":"Jaw Worm","floor":4,"turns":5},{"damage":10,"enemies":"Gremlin Gang","floor":7,"turns":5},{"damage":25,"enemies":"Gremlin Nob","floor":12,"turns":4},{"damage":6,"enemies":"Red Slaver","floor":13,"turns":4},{"damage":1,"enemies":"Blue Slaver","floor":14,"turns":3},{"damage":24,"enemies":"Hexaghost","floor":16,"turns":8},{"damage":2,"enemies":"Chosen","floor":18,"turns":4},{"damage":18,"enemies":"Shell Parasite","floor":21,"turns":4},{"damage":3,"enemies":"Sentry and Sphere","floor":22,"turns":3},{"damage":28,"enemies":"Gremlin Leader","floor":23,"turns":2}],"seed_played":"-5391397565499547200","potions_obtained":[{"floor":12,"key":"Fruit Juice"},{"floor":18,"key":"LiquidMemories"},{"floor":22,"key":"CultistPotion"}],"is_trial":false,"path_per_floor":["M","M","$","M","?","R","M","?","T","$","R","E","M","M","R","B",null,"M","?","?","M","M","E"],"character_chosen":"THE_SILENT","items_purchased":["Fire Potion"],"campfire_rested":1,"item_purchase_floors":[3],"current_hp_per_floor":[53,53,53,53,46,46,36,36,36,36,36,16,10,9,30,6,55,53,53,47,29,26,0,0],"gold":230,"neow_bonus":"THREE_RARE_CARDS","is_daily":false,"chose_seed":false,"campfire_upgraded":2,"win_rate":0.0,"timestamp":1614024461,"path_taken":["M","M","$","M","?","R","M","?","T","?","R","E","?","M","R","BOSS","M","?","?","M","M","E"],"items_purchased_type":["Potion"],"build_version":"2020-12-22","purchased_purges":1,"victory":false,"max_hp_per_floor":[66,66,66,66,66,66,66,66,66,66,66,71,71,71,71,71,71,71,71,71,71,71,71,71],"relic_stats":{"counters":[12,51],"Blue Candle":[0],"Astrolabe":["Phantasmal Killer","A Thousand Cuts","Backflip"],"obtain_stats":[{"Blue Candle":12,"Astrolabe":17,"Toxic Egg 2":9,"Ring of the Snake":0},{"Blue Candle":5,"Astrolabe":8,"Toxic Egg 2":4,"Ring of the Snake":0},{"Blue Candle":23,"Astrolabe":38,"Toxic Egg 2":19,"Ring of the Snake":0}],"Ring of the Snake":[24]},"card_choices":[{"not_picked":["Burst","Doppelganger"],"picked":"Venomology","floor":0},{"not_picked":["Quick Slash","Flying Knee"],"picked":"Poisoned Stab","floor":1},{"not_picked":["Quick Slash","PiercingWail"],"picked":"Noxious Fumes","floor":2},{"not_picked":["Riddle With Holes","Outmaneuver"],"picked":"Blade Dance","floor":4},{"not_picked":["Eviscerate","Expertise"],"picked":"Dagger Throw","floor":7},{"not_picked":["Slice","Unload"],"picked":"Outmaneuver+1","floor":12},{"not_picked":["Bane","Acrobatics+1"],"picked":"Dagger Spray","floor":13},{"not_picked":["Dodge and Roll+1","All Out Attack"],"picked":"Deadly Poison+1","floor":14},{"not_picked":["Glass Knife","Bullet Time+1"],"picked":"Phantasmal Killer+1","floor":16},{"not_picked":["Poisoned Stab","Noxious Fumes"],"picked":"Dagger Spray+1","floor":18},{"not_picked":["Flying Knee","Accuracy"],"picked":"Acrobatics+1","floor":21},{"not_picked":["Sucker Punch","Quick Slash+1"],"picked":"Acrobatics+1","floor":22}],"player_experience":776649,"relics_obtained":[{"floor":9,"key":"Toxic Egg 2"},{"floor":12,"key":"Blue Candle"}],"event_choices":[{"cards_removed":["Strike_G"],"damage_healed":0,"gold_gain":0,"player_choice":"Card Removal","damage_taken":7,"max_hp_gain":0,"max_hp_loss":0,"event_name":"Golden Wing","floor":5,"gold_loss":0},{"damage_healed":0,"gold_gain":0,"cards_transformed":["Strike_G"],"player_choice":"Change","damage_taken":0,"max_hp_gain":0,"max_hp_loss":0,"event_name":"Living Wall","floor":8,"gold_loss":0,"cards_obtained":["Adrenaline"]},{"damage_healed":0,"gold_gain":0,"player_choice":"Ignored","damage_taken":0,"max_hp_gain":0,"max_hp_loss":0,"event_name":"Vampires","floor":19,"gold_loss":0},{"damage_healed":0,"gold_gain":0,"player_choice":"Joined the Cult","damage_taken":6,"max_hp_gain":0,"max_hp_loss":0,"event_name":"Nest","floor":20,"gold_loss":0,"cards_obtained":["RitualDagger"]}],"is_beta":false,"boss_relics":[{"not_picked":["Velvet Choker","Tiny House"],"picked":"Astrolabe"}],"items_purged_floors":[3],"is_endless":false,"potions_floor_spawned":[12,13,18,22],"killed_by":"Gremlin Leader","ascension_level":14}}