{"host":"q57ekfojy3i00x9o","time":1614002091,"event":{"mods":["Act Like it!","Arknights","Aspiration","BaseMod","Colored Map","Energized Spire","Hermit","Minty Spire (QoL Compilation)","Quick Restart","Ruina","Spicy Shops","Spikes Relics","StSLib","slay the spire mod where everything is the same but ironclad has a cowboy hat"],"gold_per_floor":[115,115,115,165,186,186,206,206,206,206,230,230,230,96,96,192,192,212,233,233,158,158,158,176,58,82,98,98,141,141,141,141,141,141],"floor_reached":33,"language":"RUS","playtime":560,"items_purged":["Decay"],"score":524,"play_id":"1f27ad66-3421-4f4b-8a10-2131091788c3","local_time":"20210222185451","is_ascension_mode":true,"campfire_choices":[{"data":"ats:Ambush","floor":6.0,"key":"SMITH"},{"data":"ats:Flexible Camouflage","floor":8.0,"key":"SMITH"},{"data":"ats:Armor Crushing Shot","floor":10.0,"key":"SMITH"},{"data":"ats:Strike S","floor":15.0,"key":"SMITH"},{"data":"ats:Defend","floor":23.0,"key":"SMITH"},{"floor":28,"key":"REST"},{"floor":30,"key":"REST"},{"data":"ats:Defend","floor":32,"key":"SMITH"}],"circlet_count":0,"master_deck":["AscendersBane","ats:Strike S+1","ats:Armor Crushing Shot+1","ats:Defend","ats:Defend","ats:Defend+1","ats:Defend+1","ats:Emotion Absorption+1","ats:Ambush+1","ats:Flexible Camouflage+1","ats:Sword Rain+1","ats:Ignite+1","ats:Overload+1","ats:Blood Oath+1","ats:Echo Reverb+1","ats:Sashimi Platter+1","ats:Closed Bolt Burst Fire+1","ats:Red Shift+1","ats:Blood Oath+1","ats:Consecutive Shot Auto+1","ats:Overload+1","ats:Sword Rain+1","ats:Consecutive Shot Auto+1","ats:Explosion Area Strengthen+1","Writhe"],"relics":["ats:Sanity","Golden Idol","Molten Egg 2","Bag of Marbles","Astrolabe","MutagenicStrength","BlackRope","ats:Hidden Killer","ats:Originium","Matryoshka","StoneCalendar"],"acts_visited":["Exordium","TheCity"],"potions_floor_usage":[24,24,29,33],"damage_taken":[{"damage":2.0,"enemies":"Small Slimes","floor":1.0,"turns":4.0},{"damage":14.0,"enemies":"Cultist","floor":5.0,"turns":5.0},{"damage":6.0,"enemies":"2 Louse","floor":7.0,"turns":3.0},{"damage":0.0,"enemies":"2 Fungi Beasts","floor":11.0,"turns":2.0},{"damage":24.0,"enemies":"Slime Boss","floor":16.0,"turns":8.0},{"damage":12.0,"enemies":"Shell Parasite","floor":18.0,"turns":3.0},{"damage":0.0,"enemies":"Chosen","floor":19.0,"turns":2.0},{"damage":0,"enemies":"3 Cultists","floor":24,"turns":3},{"damage":31,"enemies":"Centurion and Healer","floor":27,"turns":3},{"damage":0,"enemies":"Gremlin Leader","floor":29,"turns":3},{"damage":83,"enemies":"Champ","floor":33,"turns":6}],"seed_played":"-3510017140566796847","potions_obtained":[{"floor":1.0,"key":"DuplicationPotion"},{"floor":7.0,"key":"Explosive Potion"},{"floor":19.0,"key":"DistilledChaos"},{"floor":24,"key":"ats:Burn Small Potion"},{"floor":29,"key":"AttackPotion"}],"is_trial":false,"path_per_floor":["M","?","?","?","M","R","M","R","T","R","M","?","?","$","R","B",null,"M","M","?","?","T","R","M","$","T","M","R","E","R","?","R","B"],"character_chosen":"DOCTOR_CLASS","items_purchased":["ats:Blood Oath+1","ats:Overload+1","ats:Sword Rain+1"],"campfire_rested":2,"item_purchase_floors":[14,25,25],"current_hp_per_floor":[63,63,63,57,43,43,37,37,37,37,37,37,40,40,40,26,55,59,65,65,65,65,65,65,65,65,34,53,53,65,65,65,0,0],"gold":141,"neow_bonus":"THREE_RARE_CARDS","is_daily":false,"chose_seed":false,"campfire_upgraded":6,"win_rate":0.0,"timestamp":1614002091,"path_taken":["M","?","?","?","M","R","M","R","T","R","?","?","?","$","R","BOSS","M","M","?","?","?","R","M","$","T","?","R","E","R","?","R","BOSS"],"items_purchased_type":["Card","Card","Card"],"build_version":"2020-12-22","purchased_purges":1,"victory":false,"max_hp_per_floor":[72,65,65,65,65,65,65,65,65,65,65,65,65,65,65,65,65,65,65,65,65,65,65,65,65,65,65,65,65,65,65,65,65,65],"card_choices":[{"not_picked":["ats:Shadow Assault","ats:Volcano"],"picked":"ats:Ambush","floor":0.0},{"not_picked":["ats:Shell Defense","ats:Healing Drone"],"picked":"ats:Flexible Camouflage","floor":1.0},{"not_picked":["ats:Assault Order","ats:Apocalypse"],"picked":"ats:Sword Rain+1","floor":5.0},{"not_picked":["ats:Assault Order","ats:Absolute Focus"],"picked":"ats:Ignite+1","floor":7.0},{"not_picked":["ats:Apocalypse","ats:Powerful Strike+1"],"picked":"ats:Overload+1","floor":11.0},{"not_picked":["ats:Soul Absorption+1","ats:Very Hot Blade+1"],"picked":"ats:Red Shift+1","floor":18.0},{"not_picked":["ats:Steam Pump+1","ats:Shadow Raid"],"picked":"ats:Blood Oath+1","floor":19.0},{"not_picked":["ats:Demon Strength","ats:Revitalization"],"picked":"ats:Consecutive Shot Auto+1","floor":24},{"not_picked":["ats:Charging Defense","ats:Soul Absorption"],"picked":"ats:Consecutive Shot Auto+1","floor":27},{"not_picked":["ats:Demon Strength","ats:Song Of Battle"],"picked":"ats:Explosion Area Strengthen+1","floor":29}],"player_experience":786758,"relics_obtained":[{"floor":9.0,"key":"Bag of Marbles"},{"floor":22.0,"key":"BlackRope"},{"floor":26,"key":"ats:Hidden Killer"},{"floor":29,"key":"ats:Originium"},{"floor":29,"key":"Matryoshka"}],"event_choices":[{"damage_healed":0.0,"max_hp_gain":0.0,"max_hp_loss":7.0,"gold_gain":0.0,"event_name":"Golden Idol","player_choice":"Lose Max HP","floor":2.0,"gold_loss":0.0,"damage_taken":0.0,"relics_obtained":["Golden Idol"]},{"damage_healed":0.0,"max_hp_gain":0.0,"max_hp_loss":0.0,"gold_gain":50.0,"event_name":"FaceTrader","player_choice":"Touch","floor":4.0,"gold_loss":0.0,"damage_taken":6.0},{"damage_healed":0.0,"max_hp_gain":0.0,"max_hp_loss":0.0,"gold_gain":0.0,"event_name":"Living Wall","player_choice":"Grow","floor":12.0,"gold_loss":0.0,"damage_taken":0.0,"cards_upgraded":["ats:Emotion Absorption"]},{"damage_healed":0.0,"max_hp_gain":0.0,"max_hp_loss":0.0,"gold_gain":0.0,"event_name":"Drug Dealer","player_choice":"Inject Mutagens","floor":20.0,"gold_loss":0.0,"damage_taken":0.0,"relics_obtained":["MutagenicStrength"]},{"cards_removed":["Injury"],"damage_healed":0.0,"max_hp_gain":0.0,"max_hp_loss":0.0,"gold_gain":0.0,"event_name":"Beggar","player_choice":"Gave Gold","floor":21.0,"gold_loss":75.0,"damage_taken":0.0},{"damage_healed":0,"gold_gain":0,"player_choice":"Opened","damage_taken":0,"relics_obtained":["StoneCalendar"],"max_hp_gain":0,"max_hp_loss":0,"event_name":"The Mausoleum","floor":31,"gold_loss":0,"cards_obtained":["Writhe"]}],"is_beta":false,"boss_relics":[{"not_picked":["energizedSpire:RedRose","energizedSpire:EnergizedDie"],"picked":"Astrolabe"}],"items_purged_floors":[14],"is_endless":false,"potions_floor_spawned":[1,7,19,24,29],"killed_by":"Champ","ascension_level":18}}