{"host":"11728qvdvolffudn","time":1614031245,"event":{"mods":["BaseMod","Block Reminder","Colored Powertips","Curses Come First","Custom Start","Displayed Cursed Tome","Highlight Path","Minty Spire (QoL Compilation)","Permanent Neow","Quick Restart","Rare Cards Sparkle","Relic Stats","StSLib","Weighted Paths"],"gold_per_floor":[114,114,127,142,67,67,67,67],"floor_reached":7,"language":"ENG","playtime":247,"items_purged":["Bloodletting"],"score":53,"play_id":"5ad85bc5-4995-4e50-9eeb-ee269a7aa105","local_time":"20210222220045","is_ascension_mode":true,"campfire_choices":[{"data":"Feed","floor":6,"key":"SMITH"}],"circlet_count":0,"master_deck":["Strike_R","Strike_R","Strike_R","Defend_R","Defend_R","Defend_R","Defend_R","Bash","Feed+1","Cleave"],"relics":["Burning Blood","Golden Idol"],"acts_visited":["Exordium"],"potions_floor_usage":[],"damage_taken":[{"damage":0,"enemies":"2 Louse","floor":1,"turns":4},{"damage":10,"enemies":"Jaw Worm","floor":3,"turns":7},{"damage":11,"enemies":"Cultist","floor":4,"turns":4},{"damage":58,"enemies":"Lagavulin","floor":7,"turns":7}],"seed_played":"8023366237740834478","potions_obtained":[{"floor":3,"key":"LiquidMemories"},{"floor":4,"key":"Fire Potion"}],"is_trial":false,"path_per_floor":["M","?","M","M","$","R","E"],"character_chosen":"IRONCLAD","items_purchased":[],"campfire_rested":0,"item_purchase_floors":[],"current_hp_per_floor":[75,57,56,54,54,54,0,0],"gold":67,"neow_bonus":"TRANSFORM_TWO_CARDS","is_daily":false,"chose_seed":false,"campfire_upgraded":1,"win_rate":0.0,"timestamp":1614031245,"path_taken":["M","?","M","M","$","R","E"],"items_purchased_type":[],"build_version":"2020-12-22","purchased_purges":1,"victory":false,"max_hp_per_floor":[75,75,78,81,81,81,81,81],"relic_stats":{"counters":[4,22],"Golden Idol":6,"obtain_stats":[{"Golden Idol":2,"Burning Blood":0},{"Golden Idol":1,"Burning Blood":0},{"Golden Idol":4,"Burning Blood":0}],"Burning Blood":12},"card_choices":[{"not_picked":["Shrug It Off","Entrench"],"picked":"Cleave","floor":1},{"not_picked":["Body Slam","Rage","Wild Strike"],"picked":"SKIP","floor":3},{"not_picked":["Disarm","Sword Boomerang","Wild Strike"],"picked":"SKIP","floor":4}],"player_experience":236420,"relics_obtained":[],"event_choices":[{"damage_healed":0,"gold_gain":0,"player_choice":"Take Damage","damage_taken":18,"relics_obtained":["Golden Idol"],"max_hp_gain":0,"max_hp_loss":0,"event_name":"Golden Idol","floor":2,"gold_loss":0}],"is_beta":false,"boss_relics":[],"items_purged_floors":[5],"is_endless":false,"potions_floor_spawned":[3,4],"killed_by":"Lagavulin","ascension_level":6}}