{"host":"ur8591ivwt16uwtw","time":1614031689,"event":{"mods":["BaseMod","Hubris","Minty Spire (QoL Compilation)","Rare Cards Sparkle","Replay The Spire","StSLib","The Bug Knight","The Cursed","The Disciple","The Hierophant","The Runesmith"],"gold_per_floor":[117,129,143,163,175,175,200,228,228,228,228,228],"floor_reached":11,"language":"ENG","playtime":769,"items_purged":[],"score":77,"play_id":"75a0e3a6-79d3-4479-ae29-723ee74ba74f","local_time":"20210222230809","is_ascension_mode":false,"campfire_choices":[{"data":"BeatsPerMinute","floor":6,"key":"SMITH"}],"circlet_count":0,"master_deck":["Strike_Br","Strike_Br","Strike_Br","Strike_Br","Defend_Br","Defend_Br","Defend_Br","Defend_Br","SecondHand","PatternShift","Keepsakes","BeatsPerMinute+1","Backlash","HandsUpC","Cuckoo"],"relics":["Chronometer","hubris:OldNail","CeramicFish","hubris:TenFootPole","Hand?"],"acts_visited":[],"potions_floor_usage":[7,11,11],"damage_taken":[{"damage":0,"enemies":"Small Slimes","floor":1,"turns":5},{"damage":0,"enemies":"2 Louse","floor":2,"turns":3},{"damage":1,"enemies":"Cultist","floor":3,"turns":4},{"damage":1,"enemies":"Exordium Wildlife","floor":4,"turns":4},{"damage":20,"enemies":"Exordium Thugs","floor":5,"turns":8},{"damage":34,"enemies":"Gremlin Nob","floor":7,"turns":5},{"damage":3,"enemies":"Red Slaver","floor":8,"turns":4},{"damage":4,"enemies":"3 Sentries","floor":11,"turns":4}],"seed_played":"4359703773338524622","potions_obtained":[{"floor":1,"key":"Fire Potion"},{"floor":5,"key":"ColorlessPotion"},{"floor":7,"key":"SkillPotion"}],"is_trial":false,"path_per_floor":["M","M","M","M","M","R","E","M","T","?","E"],"character_chosen":"CHRONO_CLASS","items_purchased":[],"campfire_rested":0,"item_purchase_floors":[],"current_hp_per_floor":[65,65,64,63,43,43,9,6,6,6,2,2],"gold":228,"neow_bonus":"RANDOM_COMMON_RELIC","is_daily":false,"chose_seed":false,"campfire_upgraded":1,"win_rate":0.0,"timestamp":1614031689,"path_taken":["M","M","M","M","M","R","E","M","T","?","E"],"items_purchased_type":[],"build_version":"2020-12-22","purchased_purges":0,"victory":false,"max_hp_per_floor":[65,65,65,65,65,65,65,65,65,65,65,65],"card_choices":[{"not_picked":["LockedPlans","Echoward"],"picked":"Keepsakes","floor":1},{"not_picked":["LockedTurtyl","HandsUpB"],"picked":"BeatsPerMinute","floor":2},{"not_picked":["EscortCommand","BiteCommand"],"picked":"Backlash","floor":3},{"not_picked":["Facsimile","Accruing","WindUp"],"picked":"SKIP","floor":4},{"not_picked":["Parity","BiteCommand"],"picked":"HandsUpC","floor":5},{"not_picked":["Tempo","LockedScales","Accruing"],"picked":"SKIP","floor":7},{"not_picked":["BeatsPerMinute","LockedMawBank"],"picked":"Cuckoo","floor":8}],"player_experience":2446018,"relics_obtained":[{"floor":7,"key":"CeramicFish"},{"floor":9,"key":"hubris:TenFootPole"}],"event_choices":[],"is_beta":false,"boss_relics":[],"items_purged_floors":[],"is_endless":false,"potions_floor_spawned":[1,5,7],"killed_by":"3 Sentries","ascension_level":0}}