{"host":"xwl7b08i4vco8s3a","time":1614033367,"event":{"mods":["BaseMod","Colored Powertips","Downfall","Hermit","Minty Spire (QoL Compilation)","Replay The Spire","StSLib","Wandering Minibosses"],"gold_per_floor":[99,157,172,622,635,652,732,751,651,664,681,700,727,741,758,858,908,908,1015,1025,1125,659,669,692,409,409,434,450,474,304,336,347,452,452,452,462,242,262,278,306,306,206,206,31,31,51,202,252,266,266],"floor_reached":51,"language":"ENG","playtime":5834,"items_purged":["Guardian:Strike_Guardian","Guardian:Defend_Guardian","downfall:Icky","downfall:Icky","Guardian:Strike_Guardian"],"score":855,"play_id":"fa2cd7ab-0d26-4c9b-adbc-d964db5b7b88","local_time":"20210222233607","is_ascension_mode":false,"campfire_choices":[{"floor":1,"key":"RECALL"},{"data":"Guardian:TwinSlam","floor":9,"key":"SMITH"},{"data":"Guardian:CompilePackage","floor":18,"key":"SMITH"},{"data":"expansioncontent:QuickStudy","floor":26,"key":"SMITH"},{"data":"Guardian:CurlUp","floor":35,"key":"SMITH"},{"data":"Guardian:DecasProtection","floor":42,"key":"SMITH"}],"circlet_count":0,"master_deck":["Guardian:Strike_Guardian","Guardian:Strike_Guardian","Guardian:Defend_Guardian","Guardian:Defend_Guardian","Guardian:Defend_Guardian","Guardian:CurlUp+1","Guardian:TwinSlam+1","Guardian:PrimingBeam","Guardian:PrimingBeam","downfall:Icky","Guardian:PrimingBeam","Guardian:VentSteam","Guardian:BodySlam","Guardian:PrimingBeam+1","Guardian:CompilePackage+1","Guardian:EvasiveProtocol+1","Guardian:PiercingHide","Guardian:PiercingHide+1","Guardian:DecasProtection+1","Guardian:EvasiveProtocol+1","expansioncontent:DashGenerateEvil","expansioncontent:QuickStudy+1","Guardian:FloatingOrbs+1","expansioncontent:StudyTheSpire+1","Guardian:PiercingHide","Guardian:PrimingBeam+1","Guardian:ConstructionForm+1","Guardian:Gem_Red"],"relics":["Guardian:ModeShifter","Pet Ghost","ReplayTheSpireMod:Shallot","Frozen Egg 2","downfall:HeartBlessingRed","Lantern","Tiny House","ReplayTheSpireMod:TigerMarble","MealTicket","Happy Flower","PreservedInsect","TungstenRod","Snecko Eye","Guardian:BottledStasis","Gremlin Horn","Replay:Rubber Ducky","downfall:HeartBlessingGreen","Incense Burner"],"acts_visited":["Exordium","TheCity","TheBeyond"],"potions_floor_usage":[13,13,16,19,23,30,46,47,49],"damage_taken":[{"damage":12,"enemies":"3 Sentries","floor":2,"turns":12},{"damage":0,"enemies":"Jaw Worm","floor":3,"turns":3},{"damage":0,"enemies":"Cultist","floor":5,"turns":4},{"damage":0,"enemies":"Small Slimes","floor":6,"turns":4},{"damage":10,"enemies":"Red Slaver","floor":8,"turns":3},{"damage":1,"enemies":"Exordium Thugs","floor":10,"turns":4},{"damage":0,"enemies":"Exordium Wildlife","floor":11,"turns":5},{"damage":0,"enemies":"3 Louse","floor":12,"turns":3},{"damage":2,"enemies":"Lagavulin","floor":13,"turns":6},{"damage":5,"enemies":"Exordium Thugs","floor":14,"turns":3},{"damage":0,"enemies":"Exordium Wildlife","floor":15,"turns":3},{"damage":17,"enemies":"IC_STATUS_ARCHETYPE","floor":16,"turns":9},{"damage":16,"enemies":"Shell Parasite","floor":19,"turns":8},{"damage":2,"enemies":"3 Byrds","floor":20,"turns":4},{"damage":0,"enemies":"downfall:FleeingMerchant","floor":22,"turns":4},{"damage":0,"enemies":"Cultist and Chosen","floor":23,"turns":6},{"damage":0,"enemies":"downfall:FleeingMerchant","floor":25,"turns":5},{"damage":0,"enemies":"Snake Plant","floor":28,"turns":3},{"damage":0,"enemies":"downfall:FleeingMerchant","floor":30,"turns":5},{"damage":0,"enemies":"Gremlin Leader","floor":31,"turns":5},{"damage":6,"enemies":"Snecko","floor":32,"turns":5},{"damage":18,"enemies":"WA_ARCHETYPE_CALM","floor":33,"turns":11},{"damage":4,"enemies":"3 Darklings","floor":36,"turns":5},{"damage":0,"enemies":"downfall:FleeingMerchant","floor":37,"turns":4},{"damage":0,"enemies":"Orb Walker","floor":38,"turns":2},{"damage":0,"enemies":"Spire Growth","floor":39,"turns":5},{"damage":0,"enemies":"Reptomancer","floor":40,"turns":7},{"damage":3,"enemies":"Maw","floor":46,"turns":7},{"damage":0,"enemies":"4 Shapes","floor":47,"turns":6},{"damage":0,"enemies":"2 Orb Walkers","floor":48,"turns":5},{"damage":0,"enemies":"3 Darklings","floor":49,"turns":4},{"damage":16,"enemies":"SI_POISON_ARCHETYPE","floor":50,"turns":9}],"seed_played":"5741260814529632467","potions_obtained":[{"floor":3,"key":"hexamod:SoulburnPotion"},{"floor":5,"key":"DuplicationPotion"},{"floor":8,"key":"Guardian:DefensiveModePotion"},{"floor":17,"key":"FearPotion"},{"floor":19,"key":"Dexterity Potion"},{"floor":20,"key":"Adrenaline Potion"},{"floor":28,"key":"Adrenaline Potion"},{"floor":32,"key":"sneckomod:MuddlingPotion"},{"floor":40,"key":"SkillPotion"},{"floor":45,"key":"downfall:CursedFountainPotion"},{"floor":46,"key":"sneckomod:MuddlingPotion"},{"floor":47,"key":"Fruit Juice"},{"floor":48,"key":"Explosive Potion"}],"is_trial":false,"path_per_floor":["R","?","M","?","M","M","T","M","R","M","M","M","E","M","M","B",null,"R","M","M","?","$","M","T","$","R","T","M","T","$","E","M","B",null,"R","M","$","M","M","E","T","R","?","$","?","M","M","?","M","B",null],"character_chosen":"GUARDIAN","items_purchased":["ReplayTheSpireMod:TigerMarble","Guardian:EvasiveProtocol+1","expansioncontent:DashGenerateEvil","expansioncontent:QuickStudy","expansioncontent:StudyTheSpire","Guardian:BottledStasis","Gremlin Horn"],"campfire_rested":0,"item_purchase_floors":[22,22,22,25,30,37,37],"current_hp_per_floor":[80,68,68,68,68,68,68,58,58,57,57,57,55,50,50,33,85,85,69,67,67,67,67,67,82,82,82,82,82,85,85,79,61,85,85,81,85,85,85,85,85,85,85,85,85,82,87,87,87,71],"gold":266,"neow_bonus":"RANDOM_COMMON_RELIC","is_daily":false,"chose_seed":false,"campfire_upgraded":5,"win_rate":0.0,"timestamp":1614033367,"path_taken":["R","?","M","?","?","M","T","?","R","M","M","M","E","?","M","BOSS","R","M","M","?","$","?","T","$","R","?","M","?","?","E","M","BOSS","R","M","$","M","M","E","T","R","?","?","?","M","?","?","M","BOSS"],"items_purchased_type":["Relic","Card","Card","Card","Card","Relic","Relic"],"build_version":"2020-12-22","purchased_purges":5,"victory":true,"max_hp_per_floor":[80,80,80,80,80,80,80,80,80,80,80,80,80,80,80,80,85,85,85,85,85,85,85,85,85,85,85,85,85,85,85,85,85,85,85,85,85,85,85,85,85,85,85,85,85,85,90,90,90,90],"card_choices":[{"not_picked":["Guardian:DonusPower","Guardian:RefractedBeam"],"picked":"Guardian:PrimingBeam","floor":2},{"not_picked":["Guardian:CrystalBeam","Guardian:Gem_Lightblue"],"picked":"Guardian:PrimingBeam","floor":3},{"not_picked":["Guardian:Suspension","Guardian:DonusPower"],"picked":"Guardian:PrimingBeam","floor":5},{"not_picked":["Guardian:TemporalShield","Guardian:WalkerClaw","Guardian:BodySlam"],"picked":"SKIP","floor":6},{"not_picked":["Guardian:DonusPower","Guardian:Planning"],"picked":"Guardian:Gem_Lightblue","floor":8},{"not_picked":["Guardian:RollAttack","Guardian:Recover"],"picked":"Guardian:Gem_Purple","floor":10},{"not_picked":["Guardian:Incinerate","Guardian:RefractedBeam","Guardian:WalkerClaw"],"picked":"SKIP","floor":11},{"not_picked":["Guardian:Gem_Red","Guardian:WalkerClaw"],"picked":"Guardian:VentSteam","floor":12},{"not_picked":["Guardian:MultiBeam","Guardian:Reroute"],"picked":"Guardian:BodySlam","floor":13},{"not_picked":["Guardian:FierceBash","Guardian:Gem_Green"],"picked":"Guardian:PrimingBeam","floor":14},{"not_picked":["Guardian:Planning","Guardian:ChargeCore","Guardian:ShieldCharger"],"picked":"SKIP","floor":15},{"not_picked":["Guardian:TimeSifter+1","Guardian:HyperBeam_Guardian"],"picked":"Guardian:CompilePackage","floor":16},{"not_picked":["Guardian:Gem_Lightblue","Guardian:PrimingBeam"],"picked":"Guardian:EvasiveProtocol+1","floor":17},{"not_picked":["Guardian:Suspension","Guardian:Gem_Cyan"],"picked":"Guardian:PiercingHide","floor":19},{"not_picked":["Guardian:WalkerClaw","Guardian:FloatingOrbs+1"],"picked":"Guardian:PiercingHide+1","floor":20},{"not_picked":["Guardian:Incinerate","Guardian:BaubleBeam"],"picked":"Guardian:DecasProtection","floor":22},{"not_picked":["Guardian:Reroute+1","Guardian:RollAttack","Guardian:DecasProtection"],"picked":"SKIP","floor":23},{"not_picked":["Guardian:ShieldCharger","Guardian:Repulse+1"],"picked":"Guardian:Gem_White","floor":25},{"not_picked":["Guardian:Incinerate","Guardian:Suspension"],"picked":"Guardian:FloatingOrbs+1","floor":28},{"not_picked":["Guardian:Incinerate","Guardian:ChargeCore","Guardian:StasisStrike"],"picked":"SKIP","floor":30},{"not_picked":["Guardian:TemporalShield","Guardian:TemporalStrike"],"picked":"Guardian:PiercingHide","floor":31},{"not_picked":["Guardian:Gem_Cyan","Guardian:TemporalShield"],"picked":"Guardian:Gem_Red","floor":32},{"not_picked":["Guardian:VentSteam","Guardian:PolyBeam+1","Guardian:TimeCapacitor+1"],"picked":"SKIP","floor":36},{"not_picked":["Guardian:PrismaticBeam","Guardian:TimeCapacitor+1","Guardian:Gem_Lightblue"],"picked":"SKIP","floor":37},{"not_picked":["Guardian:ShieldSpikes","Guardian:CrystalBeam","Guardian:Gem_Yellow"],"picked":"SKIP","floor":38},{"not_picked":["Guardian:RollAttack","Guardian:Gem_Lightblue","Guardian:Incinerate+1"],"picked":"SKIP","floor":39},{"not_picked":["Guardian:Gem_Lightblue","Guardian:BronzeArmor+1"],"picked":"Guardian:PrimingBeam+1","floor":40},{"not_picked":["Guardian:ShieldCharger","Guardian:Incinerate"],"picked":"Guardian:ConstructionForm+1","floor":46},{"not_picked":["Guardian:PrimingBeam","Guardian:PrismaticBarrier+1","Guardian:MultiBeam"],"picked":"SKIP","floor":47},{"not_picked":["Guardian:Recover","Guardian:Gem_Cyan"],"picked":"Guardian:Gem_Red","floor":49}],"player_experience":440450,"relics_obtained":[{"floor":2,"key":"ReplayTheSpireMod:Shallot"},{"floor":7,"key":"Frozen Egg 2"},{"floor":13,"key":"Lantern"},{"floor":24,"key":"MealTicket"},{"floor":27,"key":"Happy Flower"},{"floor":29,"key":"PreservedInsect"},{"floor":31,"key":"TungstenRod"},{"floor":40,"key":"Replay:Rubber Ducky"},{"floor":48,"key":"Incense Burner"}],"event_choices":[{"damage_healed":0,"gold_gain":0,"player_choice":"Fight","damage_taken":0,"max_hp_gain":0,"max_hp_loss":0,"event_name":"Mysterious Sphere","floor":48,"gold_loss":0}],"is_beta":false,"boss_relics":[{"not_picked":["Replay:Bronze Core","Busted Crown"],"picked":"Tiny House"},{"not_picked":["Guardian:StasisSlotReductionRelic","SacredBark"],"picked":"Snecko Eye"}],"items_purged_floors":[22,25,30,37,44],"is_endless":false,"potions_floor_spawned":[3,5,8,10,12,19,20,28,32,40,46,47,48],"ascension_level":0}}