{"host":"zmzacdglms6ret13","time":1614014627,"event":{"mods":["Act Like it!","BaseMod","Colored Map","Decade(王小明)","Downfall","Energized Spire","Highlight Path","Marisa（F雨　魔理沙）","Minty Spire (QoL Compilation)","MostiFishMod","Pale of the Ancients","Quick Restart","Replay The Spire","RumiaBox-露米娅的神秘盒子","SOS（斯巴达之子）","StSLib","Td1madao Mod","The Construct","The Cursed","The IronCluck","The Servant 0.9.4","Waifu the Spire","Warlord Emblem"],"gold_per_floor":[117,140,155,174,174,208,208,243,268,113,139,39,39,52,137,239,239,253,253,253,268,122,148,163,177,204,79,104,104,119,152,152,248,248,262,280,280,280,376,376,410,260,283,295,120,149,165,183,183,183,201,216,229,308,308,323,323,123,123,123],"floor_reached":61,"language":"ZHS","playtime":2165,"items_purged":["Strike_G","Strike_G","Defend_G","Defend_G","Strike_G","Defend_G"],"score":1786,"play_id":"3804d79a-a1f0-4fbe-8439-ae82b7afad1b","local_time":"20210223012347","is_ascension_mode":true,"campfire_choices":[{"data":"Blade Dance","floor":7,"key":"SMITH"},{"data":"Accuracy","floor":13,"key":"SMITH"},{"data":"MostiFishMod:ShivMaster","floor":29,"key":"SMITH"},{"floor":32,"key":"DIG"},{"floor":49,"key":"RECALL"},{"data":"Madness","floor":55,"key":"SMITH"},{"floor":57,"key":"DIG"}],"circlet_count":0,"master_deck":["Strike_G","Defend_G+1","Defend_G+1","Survivor","Neutralize","Accuracy+1","Blade Dance+1","Infinite Blades","MostiFishMod:ShivMaster+1","Madness+1","Madness+1","Blade Dance+1"],"relics":["Ring of the Snake","DaveBox","PatriotShield","SynthV:TestCard","Bag of Preparation","ReplayTheSpireMod:Ninjato","construct:BoolHorns","Replay:Bottled Flurry","Sozu","Dodecahedron","War Paint","Pet Ghost","Blood Vial","Dream Catcher","Replay:Multitool","SoulBox","Omamori","Boot","Bottled Lightning","Anchor","ReplayTheSpireMod:Lightbulb","paleoftheancients:Timepiece","paleoftheancients:KeyRelic","Oddly Smooth Stone","Coffee Dripper","Gremlin Horn","paleoftheancients:SoulOfTheWatcher","paleoftheancients:SoulOfTheThorton","InkBottle","Letter Opener"],"acts_visited":["Exordium","TheCity","TheBeyond","TheBeyond"],"potions_floor_usage":[36,36],"damage_taken":[{"damage":0,"enemies":"Cultist","floor":1,"turns":2},{"damage":0,"enemies":"Jaw Worm","floor":3,"turns":1},{"damage":0,"enemies":"Small Slimes","floor":4,"turns":2},{"damage":0,"enemies":"3 Sentries","floor":6,"turns":3},{"damage":0,"enemies":"Gremlin Nob","floor":8,"turns":2},{"damage":0,"enemies":"Lagavulin","floor":11,"turns":2},{"damage":0,"enemies":"Red Slaver","floor":14,"turns":1},{"damage":0,"enemies":"Fading Forest","floor":16,"turns":6},{"damage":0,"enemies":"3 Byrds","floor":18,"turns":2},{"damage":2,"enemies":"Chosen","floor":21,"turns":3},{"damage":12,"enemies":"Slavers","floor":23,"turns":2},{"damage":0,"enemies":"3 Cultists","floor":24,"turns":3},{"damage":0,"enemies":"Chosen and Byrds","floor":25,"turns":2},{"damage":2,"enemies":"Gremlin Leader","floor":28,"turns":2},{"damage":0,"enemies":"Cultist and Chosen","floor":30,"turns":1},{"damage":0,"enemies":"Slavers","floor":31,"turns":2},{"damage":0,"enemies":"Collector","floor":33,"turns":2},{"damage":0,"enemies":"Orb Walker","floor":35,"turns":1},{"damage":0,"enemies":"3 Shapes","floor":36,"turns":3},{"damage":0,"enemies":"R_Hoarder","floor":41,"turns":3},{"damage":0,"enemies":"Writhing Mass","floor":44,"turns":4},{"damage":17,"enemies":"Nemesis","floor":46,"turns":3},{"damage":0,"enemies":"Maw","floor":47,"turns":4},{"damage":0,"enemies":"Transient","floor":48,"turns":3},{"damage":0,"enemies":"Replay:Hell Engine","floor":50,"turns":3},{"damage":0,"enemies":"Replay:Hell Engine","floor":51,"turns":1},{"damage":0,"enemies":"Replay:Hell Engine","floor":52,"turns":1},{"damage":0,"enemies":"paleoftheancients:Thorton2","floor":53,"turns":1},{"damage":0,"enemies":"paleoftheancients:Thorton2","floor":56,"turns":1},{"damage":0,"enemies":"paleoftheancients:N","floor":60,"turns":2}],"seed_played":"4852410181040386223","potions_obtained":[{"floor":1,"key":"AttackPotion"},{"floor":5,"key":"GhostInAJar"},{"floor":5,"key":"PowerPotion"}],"is_trial":false,"path_per_floor":["M","T","M","M","?","E","R","E","T","$","E","$","R","M","R_BF","B",null,"M","?","?","M","$","E","M","M","T","$","E","R","M","E","R_BF","B",null,"M","M","T","?","?","R","E","$","T","M","$","E","M","M","R","B","M","M","M","T","R","M","R","$","?","B",null],"character_chosen":"THE_SILENT","items_purchased":["Infinite Blades","Dodecahedron"],"campfire_rested":0,"item_purchase_floors":[10,22],"current_hp_per_floor":[77,77,77,77,77,77,77,77,77,77,77,77,77,77,77,77,77,77,77,77,75,75,63,63,63,63,63,61,61,63,65,65,67,77,77,77,77,67,37,60,62,62,62,64,64,49,51,53,53,77,77,77,77,77,77,77,77,77,77,77],"gold":123,"neow_bonus":"TEN_PERCENT_HP_BONUS","is_daily":false,"chose_seed":false,"campfire_upgraded":4,"win_rate":0.0,"timestamp":1614014627,"path_taken":["M","?","M","?","?","E","R","E","T","$","E","$","R","?","R_BF","BOSS","M","?","?","M","$","E","M","?","T","$","E","R","M","E","R_BF","BOSS","M","?","?","?","?","R","E","$","T","M","?","E","M","M","R","BOSS","M","M","?","T","R","M","R","$","?","BOSS"],"items_purchased_type":["Card","Relic"],"build_version":"2020-12-22","purchased_purges":6,"victory":true,"max_hp_per_floor":[77,77,77,77,77,77,77,77,77,77,77,77,77,77,77,77,77,77,77,77,77,77,77,77,77,77,77,77,77,77,77,77,77,77,77,77,77,77,77,77,77,77,77,77,77,77,77,77,77,77,77,77,77,77,77,77,77,77,77,77],"card_choices":[{"not_picked":["Replay:Poison Smokescreen","Deflect"],"picked":"Accuracy","floor":1},{"not_picked":["Deflect","Dagger Spray","Dash","Slice","Sucker Punch"],"picked":"SKIP","floor":3},{"not_picked":["Underhanded Strike","Flechettes","Terror","MostiFishMod:GrandStart"],"picked":"Blade Dance","floor":4},{"not_picked":["Setup","PiercingWail","Skewer","Terror","Hidden Blade"],"picked":"SKIP","floor":6},{"not_picked":["Poisoned Stab","MostiFishMod:Wind","Underhanded Strike","ReplayTheSpireMod:Shiv Toss","Blade Dance"],"picked":"SKIP","floor":8},{"not_picked":["Poisoned Stab","Prepared","Dagger Spray","Backflip","MostiFishMod:InvigoratingSolution"],"picked":"SKIP","floor":11},{"not_picked":["Masterful Stab","Backflip","Expertise","Acrobatics","Cloak And Dagger"],"picked":"SKIP","floor":14},{"not_picked":["A Thousand Cuts","MostiFishMod:SpreadingSpore","ReplayTheSpireMod:Necrosis","MostiFishMod:LethalBlade"],"picked":"MostiFishMod:ShivMaster","floor":16},{"not_picked":["Dagger Throw","MostiFishMod:PoisonShield","Reflex+1","Prepared","Quick Slash+1"],"picked":"SKIP","floor":18},{"not_picked":["Crippling Poison+1","Predator","MostiFishMod:InvigoratingSolution","Underhanded Strike+1","Backflip"],"picked":"SKIP","floor":21},{"not_picked":["PiercingWail","Dodge and Roll+1","ReplayTheSpireMod:The Works","ReplayTheSpireMod:Exploit Weakness+1","Corpse Explosion"],"picked":"SKIP","floor":23},{"not_picked":["Bane+1","ReplayTheSpireMod:Shiv Toss+1","Calculated Gamble","Dagger Throw","Slice"],"picked":"SKIP","floor":24},{"not_picked":["Dagger Spray+1","Cloak And Dagger","PiercingWail","ReplayTheSpireMod:Tripwire+1","MostiFishMod:PreservedThorns"],"picked":"SKIP","floor":25},{"not_picked":["Masterful Stab","Flechettes+1","Hidden Blade+1","Flying Knee","Dash+1"],"picked":"SKIP","floor":28},{"not_picked":["Prepared","Cloak And Dagger","Reflex+1","Choke","Grand Finale"],"picked":"SKIP","floor":30},{"not_picked":["Eviscerate","Sneak Up","Setup","Cloak And Dagger","MostiFishMod:PoisonShield"],"picked":"SKIP","floor":31},{"not_picked":["ReplayTheSpireMod:Shiv Toss","Hidden Blade","Underhanded Strike","MostiFishMod:PerfectParry","Finisher+1"],"picked":"SKIP","floor":35},{"not_picked":["MostiFishMod:ThornCasing+1","Dagger Spray","PiercingWail","Backflip","Bane+1"],"picked":"SKIP","floor":36},{"not_picked":["Deflect+1","Night Terror","Dagger Spray","Fluid Movement","Skewer"],"picked":"SKIP","floor":41},{"not_picked":["Heel Hook","Prepared+1","Backflip","Dagger Throw+1","Cloak And Dagger"],"picked":"SKIP","floor":44},{"not_picked":["Bane","Doppelganger","Malaise","Reflex+1","Dagger Spray"],"picked":"SKIP","floor":46},{"not_picked":["MostiFishMod:PerfectParry","Slice","Sucker Punch","Fluid Movement+1","Bane"],"picked":"SKIP","floor":47},{"not_picked":["Hidden Blade+1","Replay:Poison Smokescreen","Escape Plan","Acrobatics+1","Sucker Punch"],"picked":"SKIP","floor":48},{"not_picked":["Night Terror","Finisher+1","Underhanded Strike+1","Deflect"],"picked":"Blade Dance+1","floor":51},{"not_picked":["Blade Dance+1","Eviscerate","MostiFishMod:VineMother+1","Skewer+1","MostiFishMod:PerfectParry"],"picked":"SKIP","floor":52},{"not_picked":["Atom Bomb","Deflect","ReplayTheSpireMod:The Works","Infinite Blades","Riddle With Holes+1"],"picked":"SKIP","floor":53},{"not_picked":["Dagger Throw+1","Choke","Footwork+1","Deadly Poison","Quick Slash"],"picked":"SKIP","floor":56}],"player_experience":376527,"relics_obtained":[{"floor":1,"key":"SynthV:TestCard"},{"floor":2,"key":"Bag of Preparation"},{"floor":6,"key":"ReplayTheSpireMod:Ninjato"},{"floor":8,"key":"construct:BoolHorns"},{"floor":11,"key":"Replay:Bottled Flurry"},{"floor":23,"key":"War Paint"},{"floor":26,"key":"Pet Ghost"},{"floor":28,"key":"Blood Vial"},{"floor":31,"key":"Dream Catcher"},{"floor":32,"key":"Replay:Multitool"},{"floor":37,"key":"Omamori"},{"floor":39,"key":"Boot"},{"floor":41,"key":"Bottled Lightning"},{"floor":43,"key":"Anchor"},{"floor":46,"key":"ReplayTheSpireMod:Lightbulb"},{"floor":51,"key":"paleoftheancients:SoulOfTheWatcher"},{"floor":53,"key":"paleoftheancients:SoulOfTheThorton"},{"floor":54,"key":"InkBottle"},{"floor":57,"key":"Letter Opener"}],"event_choices":[{"damage_healed":0,"gold_gain":0,"player_choice":"Got Potions","damage_taken":0,"max_hp_gain":0,"max_hp_loss":0,"event_name":"Lab","floor":5,"gold_loss":0},{"cards_removed":["Strike_G"],"damage_healed":0,"gold_gain":0,"player_choice":"Offered Basic","damage_taken":0,"max_hp_gain":0,"max_hp_loss":0,"event_name":"Bonfire Elementals","floor":20,"gold_loss":0},{"damage_healed":0,"gold_gain":0,"player_choice":"Embrace Madness","damage_taken":10,"max_hp_gain":0,"max_hp_loss":0,"event_name":"Winding Halls","floor":38,"gold_loss":0,"cards_obtained":["Madness","Madness"]}],"is_beta":false,"boss_relics":[{"not_picked":["FeatherPendant","OneHitWonderSystem"],"picked":"Sozu"},{"not_picked":["Ring of the Serpent","EE1DDrone"],"picked":"SoulBox"}],"items_purged_floors":[10,12,27,42,45,58],"is_endless":false,"potions_floor_spawned":[1,8,14,18,24,25,33,41,44,46,47,51],"ascension_level":3}}