{"host":"qmj8tbrcenkok46z","time":1614035340,"event":{"mods":["A Penny For Your Troubles","AchievementEnabler","BaseMod","BetterRewards","Downfall","Minty Spire (QoL Compilation)","Replay The Spire","StSLib","The Animator"],"gold_per_floor":[111,122,132,132,36,80,108,139,216,244,244,244,244,271,271,424,424,451,135,135,164,164,164,193,232,298,356,396,408,335,347,359,486,498,524,559,589,614,318,375,397,397,397,397,144,144,160,193,193,226],"floor_reached":51,"language":"ENG","playtime":5031,"items_purged":[],"score":931,"play_id":"be841bcf-71bd-4afe-90ac-020223cbd11a","local_time":"20210222180900","daily_mods":["Vintage","Heirloom"],"is_ascension_mode":false,"campfire_choices":[{"floor":12.0,"key":"DIG"},{"floor":15.0,"key":"DIG"},{"floor":23.0,"key":"DIG"},{"data":"animator:Hans","floor":29.0,"key":"SMITH"},{"floor":32.0,"key":"DIG"},{"data":"animator:DolaSchwi","floor":42.0,"key":"SMITH"},{"floor":44.0,"key":"DIG"},{"data":"animator:Envy","floor":46.0,"key":"SMITH"},{"floor":49,"key":"DIG"}],"circlet_count":0,"master_deck":["animator:Strike_Konosuba+1","animator:Defend_Konosuba+1","animator:Kazuma","animator:Aqua","animator:Strike_FullmetalAlchemist+1","animator:Strike_Konosuba+1","animator:Strike_NoGameNoLife+1","animator:Defend_OwariNoSeraph+1","animator:Defend_Overlord+1","animator:Defend_FullmetalAlchemist+1","animator:Chris","animator:Hans+1","animator:Urushihara","animator:Pride","animator:DolaSchwi+1","animator:Envy+1","animator:GazelDwargon","animator:GazelDwargon","Parasite","animator:Verdia+1"],"relics":["animator:LivingPicture","animator:ColorlessFragment","replay:Trail_Library","Durian","Blood Vial","Orichalcum","Shovel","Iron Hammer","Vajra","Incense Burner","Replay:Bottled Steam","War Paint","Regal Pillow","Tiny Chest","CloakClasp","animator:HolyGrailRelic","hexamod:BolsterEngine","Replay:Wax Seal","ReplayTheSpireMod:Lightbulb","PreservedInsect","MawBank","Thread and Needle","Guardian:PocketSentry","animator:ShionDessert","Replay:Baseball","animator:EngravedStaff","ReplayTheSpireMod:Shallot","Anchor","Ring of Chaos","Replay:Rubber Ducky","Paper Crane","Potion Belt","Toxic Egg 2","hexamod:CandleOfCauterizing","Replay:Ringing Soul","Mirror","Blue Candle","animator:BattleDrones","Garlic","Bronze Scales","Replay:Bandana","Replay:Bottled Flurry"],"acts_visited":["Exordium","TheCity","TheBeyond"],"potions_floor_usage":[],"damage_taken":[{"damage":1.0,"enemies":"Jaw Worm","floor":1.0,"turns":7.0},{"damage":0.0,"enemies":"2 Louse","floor":2.0,"turns":5.0},{"damage":2.0,"enemies":"Cultist","floor":3.0,"turns":5.0},{"damage":32.0,"enemies":"3 Sentries","floor":6.0,"turns":14.0},{"damage":1.0,"enemies":"Looter","floor":7.0,"turns":3.0},{"damage":0.0,"enemies":"2 Fungi Beasts","floor":8.0,"turns":3.0},{"damage":0.0,"enemies":"Lots of Slimes","floor":10.0,"turns":4.0},{"damage":0.0,"enemies":"3 Louse","floor":14.0,"turns":2.0},{"damage":47.0,"enemies":"Hexaghost","floor":16.0,"turns":20.0},{"damage":1.0,"enemies":"Spheric Guardian","floor":18.0,"turns":6.0},{"damage":18.0,"enemies":"2 Thieves","floor":21.0,"turns":4.0},{"damage":1.0,"enemies":"Chosen and Byrds","floor":24.0,"turns":8.0},{"damage":0.0,"enemies":"Shelled Parasite and Fungi","floor":25.0,"turns":7.0},{"damage":0.0,"enemies":"Slavers","floor":27.0,"turns":6.0},{"damage":0.0,"enemies":"Snecko","floor":28.0,"turns":5.0},{"damage":0.0,"enemies":"Automaton","floor":33.0,"turns":8.0},{"damage":0.0,"enemies":"3 Darklings","floor":35.0,"turns":6.0},{"damage":3.0,"enemies":"3 Shapes","floor":36.0,"turns":3.0},{"damage":0.0,"enemies":"Sphere and 2 Shapes","floor":37.0,"turns":5.0},{"damage":0.0,"enemies":"3 Darklings","floor":38.0,"turns":5.0},{"damage":0.0,"enemies":"Giant Head","floor":40.0,"turns":8.0},{"damage":0.0,"enemies":"Writhing Mass","floor":41.0,"turns":8.0},{"damage":0.0,"enemies":"4 Shapes","floor":47.0,"turns":5.0},{"damage":0,"enemies":"Reptomancer","floor":48,"turns":7},{"damage":13,"enemies":"Awakened One","floor":50,"turns":13}],"seed_played":"-1555278639220335484","potions_obtained":[{"floor":6.0,"key":"DuplicationPotion"},{"floor":10.0,"key":"DuplicationPotion"},{"floor":14.0,"key":"CultistPotion"},{"floor":16.0,"key":"Block Potion"},{"floor":21.0,"key":"Slimebound:ThreeZeroPotion"},{"floor":40.0,"key":"PowerPotion"},{"floor":47.0,"key":"Swift Potion"}],"is_trial":true,"path_per_floor":["M","M","M","$","?","E","M","M","T","M","?","R","?","M","R","B",null,"M","$","?","M","?","R","M","M","T","E","M","R","?","T","R","B",null,"M","M","M","M","$","E","M","R","T","R","$","R","M","E","R","B",null],"character_chosen":"THE_ANIMATOR","items_purchased":["animator:Urushihara","Replay:Wax Seal","animator:ColorlessFragment","hexamod:CandleOfCauterizing","animator:GazelDwargon","Garlic"],"campfire_rested":0,"item_purchase_floors":[19,19,19,39,39,45],"current_hp_per_floor":[71,71,71,71,71,39,43,47,47,51,51,51,51,56,56,15,80,82,82,82,68,68,68,73,80,80,86,92,92,92,92,92,94,94,96,95,100,102,102,104,109,109,109,112,112,112,114,116,116,105],"gold":226,"neow_bonus":"","is_daily":false,"chose_seed":false,"campfire_upgraded":3,"win_rate":0.0,"timestamp":1614035340,"path_taken":["M","M","M","$","?","E","M","M","T","M","?","R","?","M","R","BOSS","M","$","?","M","?","R","M","M","T","E","M","R","?","?","R","BOSS","M","M","M","M","$","E","?","R","T","R","$","R","M","E","R","BOSS"],"items_purchased_type":["Card","Relic","Relic","Relic","Card","Relic"],"build_version":"2020-12-22","purchased_purges":0,"victory":true,"max_hp_per_floor":[71,71,71,71,71,71,71,71,71,71,71,71,71,71,71,72,80,82,82,82,84,84,84,86,88,88,90,92,92,92,92,92,94,94,96,98,100,102,102,104,109,109,109,112,112,112,114,116,116,118],"card_choices":[{"not_picked":["animator:Aqua","animator:Verdia"],"picked":"animator:Chris","floor":6.0},{"not_picked":["animator:Rimuru","animator:Saber"],"picked":"animator:Hans","floor":16.0},{"not_picked":["animator:TsurugaMeisai","animator:Tet","animator:Souei"],"picked":"SKIP","floor":27.0},{"not_picked":["animator:Sora","animator:Wiz"],"picked":"animator:Envy","floor":33.0},{"not_picked":["animator:Sloth+1","animator:Millim","animator:Aqua+1"],"picked":"SKIP","floor":40.0},{"not_picked":["animator:MamiTomoe","animator:SuzuneAmano","animator:Kaijin"],"picked":"SKIP","floor":48}],"player_experience":111357,"relics_obtained":[{"floor":1.0,"key":"Blood Vial"},{"floor":2.0,"key":"Orichalcum"},{"floor":3.0,"key":"Shovel"},{"floor":6.0,"key":"Iron Hammer"},{"floor":7.0,"key":"Vajra"},{"floor":8.0,"key":"Incense Burner"},{"floor":9.0,"key":"Replay:Bottled Steam"},{"floor":10.0,"key":"War Paint"},{"floor":12.0,"key":"Regal Pillow"},{"floor":14.0,"key":"Tiny Chest"},{"floor":15.0,"key":"CloakClasp"},{"floor":18.0,"key":"hexamod:BolsterEngine"},{"floor":21.0,"key":"ReplayTheSpireMod:Lightbulb"},{"floor":23.0,"key":"PreservedInsect"},{"floor":24.0,"key":"MawBank"},{"floor":25.0,"key":"Thread and Needle"},{"floor":26.0,"key":"Guardian:PocketSentry"},{"floor":27.0,"key":"animator:ShionDessert"},{"floor":28.0,"key":"Replay:Baseball"},{"floor":31.0,"key":"ReplayTheSpireMod:Shallot"},{"floor":32.0,"key":"Anchor"},{"floor":35.0,"key":"Replay:Rubber Ducky"},{"floor":36.0,"key":"Paper Crane"},{"floor":37.0,"key":"Potion Belt"},{"floor":38.0,"key":"Toxic Egg 2"},{"floor":40.0,"key":"Replay:Ringing Soul"},{"floor":41.0,"key":"Mirror"},{"floor":43.0,"key":"Blue Candle"},{"floor":44.0,"key":"animator:BattleDrones"},{"floor":47.0,"key":"Bronze Scales"},{"floor":48,"key":"Replay:Bandana"},{"floor":49,"key":"Replay:Bottled Flurry"}],"event_choices":[{"damage_healed":0.0,"max_hp_gain":0.0,"max_hp_loss":0.0,"gold_gain":0.0,"event_name":"Liars Game","player_choice":"Ignored","floor":11.0,"gold_loss":0.0,"damage_taken":0.0},{"damage_healed":0.0,"max_hp_gain":0.0,"max_hp_loss":0.0,"gold_gain":0.0,"event_name":"Golden Wing","player_choice":"Ignored","floor":13.0,"gold_loss":0.0,"damage_taken":0.0},{"damage_healed":0.0,"max_hp_gain":0.0,"max_hp_loss":0.0,"gold_gain":0.0,"event_name":"Cursed Tome","player_choice":"Ignored","floor":20.0,"gold_loss":0.0,"damage_taken":0.0},{"damage_healed":0.0,"max_hp_gain":0.0,"max_hp_loss":0.0,"gold_gain":0.0,"event_name":"Back to Basics","player_choice":"Simplicity","floor":22.0,"gold_loss":0.0,"damage_taken":0.0,"cards_upgraded":["animator:Strike_Konosuba","animator:Strike_FullmetalAlchemist","animator:Strike_Konosuba","animator:Strike_NoGameNoLife","animator:Defend_OwariNoSeraph","animator:Defend_Overlord"]},{"damage_healed":0.0,"max_hp_gain":0.0,"max_hp_loss":0.0,"gold_gain":0.0,"event_name":"Addict","player_choice":"Obtained Relic","floor":30.0,"gold_loss":85.0,"damage_taken":0.0,"relics_obtained":["animator:EngravedStaff"]}],"is_beta":false,"boss_relics":[{"not_picked":["Painkiller Herb","SlaversCollar"],"picked":"animator:HolyGrailRelic"},{"not_picked":["Cursed Key","Empty Cage"],"picked":"Ring of Chaos"}],"items_purged_floors":[],"is_endless":false,"potions_floor_spawned":[6,10,14,16,21,24,27,33,38,40,47],"ascension_level":0}}