{"host":"kj5ejyofr70ax6r3","time":1614011614,"event":{"mods":["BaseMod","BetterRewards","Colored Map","Downfall","GifTheSpireLib","Minty Spire (QoL Compilation)","Replay The Spire","Shop Mod","StSLib"],"gold_per_floor":[116,129,129,204,204,239,239,90,117,117,129,129,129,139,139,238,288,303,318,47,47,47],"floor_reached":21,"language":"ENG","playtime":906,"items_purged":["Hallucinations"],"score":305,"play_id":"19b7d31c-fd3e-4fd0-9558-b30cf598b081","local_time":"20210222103334","is_ascension_mode":true,"campfire_choices":[{"floor":7,"key":"REST"},{"data":"Mayhem","floor":10,"key":"SMITH"},{"floor":13,"key":"RECALL"},{"floor":15,"key":"REST"}],"circlet_count":0,"master_deck":["Strike_B","Strike_B","Strike_B","Strike_B","Defend_B","Defend_B","Defend_B","Defend_B","Zap","Dualcast","Hello World+1","Mayhem+1","FIFO Queue","Lockon","Heatsinks","Crystallizer","Auto Shields","Gash","Barrage+1","ReplayRNGCard","Sunder","Melter","Fusion+1","Static Discharge","Auto Shields","Time Bomb"],"relics":["Cracked Core","Sling","Pantograph","ReplayTheSpireMod:Ring of Exchange","Ring of Misfortune","Tiny House"],"acts_visited":["Exordium","TheCity"],"potions_floor_usage":[16,21,21],"damage_taken":[{"damage":4,"enemies":"Small Slimes","floor":1,"turns":3},{"damage":6,"enemies":"Jaw Worm","floor":2,"turns":5},{"damage":10,"enemies":"Lagavulin","floor":6,"turns":6},{"damage":9,"enemies":"2 Louse","floor":11,"turns":3},{"damage":28,"enemies":"Lots of Slimes","floor":14,"turns":4},{"damage":42,"enemies":"The Guardian","floor":16,"turns":9},{"damage":23,"enemies":"Spheric Guardian","floor":18,"turns":6},{"damage":37,"enemies":"3 Byrds","floor":19,"turns":6},{"damage":29,"enemies":"3 Cultists","floor":21,"turns":4}],"seed_played":"8581239059789725157","potions_obtained":[{"floor":1,"key":"Languid Potion"},{"floor":2,"key":"SpeedPotion"},{"floor":14,"key":"Regen Potion"},{"floor":17,"key":"hexamod:SoulburnPotion"}],"is_trial":false,"path_per_floor":["M","M","?","?","?","E","R","$","T","R","M","?","R","M","R","B",null,"M","M","$","M"],"character_chosen":"DEFECT","items_purchased":["Hello World","Mayhem","Sling","Crystallizer","Auto Shields","Static Discharge","Auto Shields","Time Bomb"],"campfire_rested":2,"item_purchase_floors":[0,0,0,8,8,20,20,20],"current_hp_per_floor":[71,65,65,54,54,44,66,66,66,66,57,57,57,29,51,36,80,57,20,20,0,0],"gold":47,"neow_bonus":"","is_daily":false,"chose_seed":false,"campfire_upgraded":1,"win_rate":0.0,"timestamp":1614011614,"path_taken":["M","M","?","?","?","E","R","$","T","R","?","?","R","M","R","BOSS","M","M","$","M"],"items_purchased_type":["Card","Card","Relic","Card","Card","Card","Card","Card"],"build_version":"2020-12-22","purchased_purges":1,"victory":false,"max_hp_per_floor":[75,75,75,75,75,75,75,75,75,75,75,75,75,75,75,75,80,80,80,80,80,80],"card_choices":[{"not_picked":["ReplayTheSpireMod:GoodbyeWorld","Redo"],"picked":"FIFO Queue","floor":1},{"not_picked":["Coolheaded","ReplayGash"],"picked":"Lockon","floor":2},{"not_picked":["Melter","Skim"],"picked":"Heatsinks","floor":6},{"not_picked":["Steam","Turbo"],"picked":"Gash","floor":11},{"not_picked":["Auto Shields","Panic Button"],"picked":"Barrage","floor":14},{"not_picked":["ReplayTheSpireMod:Omega Cannon","Biased Cognition"],"picked":"ReplayRNGCard","floor":16},{"not_picked":["Steam","Coolheaded"],"picked":"Sunder","floor":17},{"not_picked":["Streamline","Turbo+1"],"picked":"Melter","floor":18},{"not_picked":["ReplaySort","Turbo"],"picked":"Fusion+1","floor":19}],"player_experience":192030,"relics_obtained":[{"floor":6,"key":"Pantograph"},{"floor":12,"key":"ReplayTheSpireMod:Ring of Exchange"},{"floor":12,"key":"Ring of Misfortune"}],"event_choices":[{"damage_healed":0,"gold_gain":0,"player_choice":"Grow","damage_taken":0,"max_hp_gain":0,"max_hp_loss":0,"event_name":"Living Wall","floor":3,"gold_loss":0,"cards_upgraded":["Hello World"]},{"damage_healed":0,"gold_gain":75,"player_choice":"Gather Gold","damage_taken":11,"max_hp_gain":0,"max_hp_loss":0,"event_name":"World of Goop","floor":4,"gold_loss":0},{"damage_healed":0,"gold_gain":0,"player_choice":"Ignored","damage_taken":0,"max_hp_gain":0,"max_hp_loss":0,"event_name":"Golden Wing","floor":5,"gold_loss":0}],"is_beta":false,"boss_relics":[{"not_picked":["Honey Jar","Guide Book"],"picked":"Tiny House"}],"items_purged_floors":[20],"is_endless":false,"potions_floor_spawned":[1,2,14,18],"killed_by":"3 Cultists","ascension_level":2}}