{"host":"q57ekfojy3i00x9o","time":1614000916,"event":{"mods":["Act Like it!","Arknights","Aspiration","BaseMod","Colored Map","Energized Spire","Hermit","Minty Spire (QoL Compilation)","Quick Restart","Ruina","Spicy Shops","Spikes Relics","StSLib","slay the spire mod where everything is the same but ironclad has a cowboy hat"],"gold_per_floor":[117,117,137,117,130,130,130,130],"floor_reached":7,"language":"RUS","playtime":211,"items_purged":[],"score":78,"play_id":"d669021d-ec0a-4eb5-8b79-c6c2de016264","local_time":"20210222183516","is_ascension_mode":true,"campfire_choices":[{"data":"Jack Of All Trades","floor":6,"key":"SMITH"}],"circlet_count":0,"master_deck":["AscendersBane","ats:Strike C","ats:Strike G","ats:Strike S","ats:Strike V","ats:Armor Crushing Shot","ats:Defend","ats:Defend","ats:Defend","ats:Defend","ats:Emotion Absorption","Jack Of All Trades+1","ats:Guard Mode","ats:Thorns","ats:Flexible Camouflage"],"relics":["ats:Sanity"],"acts_visited":["Exordium"],"potions_floor_usage":[],"damage_taken":[{"damage":9,"enemies":"Jaw Worm","floor":1,"turns":4},{"damage":8,"enemies":"2 Louse","floor":3,"turns":5},{"damage":11,"enemies":"Cultist","floor":5,"turns":4},{"damage":55,"enemies":"3 Sentries","floor":7,"turns":10}],"seed_played":"-5210475992778564714","potions_obtained":[{"floor":3,"key":"SteroidPotion"},{"floor":4,"key":"PowerPotion"}],"is_trial":false,"path_per_floor":["M","?","M","?","M","R","E"],"character_chosen":"DOCTOR_CLASS","items_purchased":[],"campfire_rested":0,"item_purchase_floors":[],"current_hp_per_floor":[61,66,58,58,47,47,0,0],"gold":130,"neow_bonus":"RANDOM_COLORLESS","is_daily":false,"chose_seed":false,"campfire_upgraded":1,"win_rate":0.0,"timestamp":1614000916,"path_taken":["M","?","M","?","?","R","E"],"items_purchased_type":[],"build_version":"2020-12-22","purchased_purges":0,"victory":false,"max_hp_per_floor":[72,77,77,77,77,77,77,77],"card_choices":[{"not_picked":["Discovery","Purity"],"picked":"Jack Of All Trades","floor":0},{"not_picked":["ats:Ignite","ats:Assault Order"],"picked":"ats:Guard Mode","floor":1},{"not_picked":["ats:Revitalization","ats:LN2 Cannon"],"picked":"ats:Thorns","floor":3},{"not_picked":["ats:Ignite","ats:Shell Defense"],"picked":"ats:Flexible Camouflage","floor":5}],"player_experience":786758,"relics_obtained":[],"event_choices":[{"damage_healed":0,"gold_gain":0,"player_choice":"Donut","damage_taken":0,"max_hp_gain":5,"max_hp_loss":0,"event_name":"Big Fish","floor":2,"gold_loss":0},{"damage_healed":0,"gold_gain":0,"player_choice":"Bought 1 Potion","damage_taken":0,"max_hp_gain":0,"max_hp_loss":0,"event_name":"The Woman in Blue","floor":4,"gold_loss":0}],"is_beta":false,"boss_relics":[],"items_purged_floors":[],"is_endless":false,"potions_floor_spawned":[3],"killed_by":"3 Sentries","ascension_level":18}}