{"host":"2zq1cv117yq1teno","time":1614027474,"event":{"mods":["BaseMod","Downfall","Friendly Minions","Hermit","Highlight Path","Infinite Spire","Marisa????????","Minty Spire (QoL Compilation)","Quick Restart","Replay The Spire","StSLib","The Bug Knight","The Cursed","The Servant 0.9.4"],"gold_per_floor":[112,212,224,235,235,261,271,282,282,315,327,327,356,19,19,118,118,138,138,138],"floor_reached":19,"language":"ENG","playtime":1377,"items_purged":[],"score":198,"play_id":"929daa40-b8ab-41c8-943a-8777b7946340","local_time":"20210222155754","is_ascension_mode":true,"campfire_choices":[{"data":"Noxious Fumes","floor":15,"key":"SMITH"}],"circlet_count":0,"master_deck":["Strike_G","Strike_G","Strike_G","Strike_G","Strike_G","Defend_G","Defend_G+1","Defend_G+1","Defend_G","Defend_G","Survivor","Neutralize","Dodge and Roll","Poisoned Stab","Bane","Noxious Fumes+1","Deadly Poison","Flying Knee","infinitespire:Neurotoxin","Prepared"],"relics":["Ring of the Snake","NeowsBlessing","PreservedInsect","Gremlin Food","Ancient Tea Set","infinitespire:BottledMercury","Peace Pipe","SacredBark"],"acts_visited":["Exordium","TheCity"],"potions_floor_usage":[16],"damage_taken":[{"damage":0.0,"enemies":"2 Louse","floor":1.0,"turns":1.0},{"damage":0.0,"enemies":"infinitespire:Voidling","floor":3.0,"turns":1.0},{"damage":0.0,"enemies":"Small Slimes","floor":4.0,"turns":1.0},{"damage":16.0,"enemies":"3 Sentries","floor":6.0,"turns":13.0},{"damage":4.0,"enemies":"2 Fungi Beasts","floor":7.0,"turns":3.0},{"damage":0.0,"enemies":"Blue Slaver","floor":8.0,"turns":4.0},{"damage":2.0,"enemies":"Replay:BlueRogue","floor":10.0,"turns":5.0},{"damage":3.0,"enemies":"Large Slime","floor":11.0,"turns":5.0},{"damage":9.0,"enemies":"HollowMod:MossKnight","floor":13.0,"turns":6.0},{"damage":32,"enemies":"The Guardian","floor":16,"turns":11},{"damage":6,"enemies":"Shell Parasite","floor":18,"turns":7},{"damage":67,"enemies":"Masked Bandits","floor":19,"turns":4}],"seed_played":"853004628017536009","potions_obtained":[{"floor":1.0,"key":"LiquidBronze"},{"floor":3.0,"key":"Regen Potion"},{"floor":10.0,"key":"Energy Potion"},{"floor":16,"key":"Elixir"}],"is_trial":false,"path_per_floor":["M","?","M","M","?","E","M","M","T","E","M","?","E","$","R","B",null,"M","?"],"character_chosen":"THE_SILENT","items_purchased":["Peace Pipe","Swift Potion"],"campfire_rested":0,"item_purchase_floors":[14,14],"current_hp_per_floor":[70,70,70,70,70,54,50,50,50,48,45,31,37,37,37,5,70,64,0,0],"gold":138,"neow_bonus":"THREE_ENEMY_KILL","is_daily":false,"chose_seed":false,"campfire_upgraded":1,"win_rate":0.0,"timestamp":1614027474,"path_taken":["M","?","M","?","?","E","?","M","T","E","M","?","E","$","R","BOSS","M","?"],"items_purchased_type":["Relic","Potion"],"build_version":"2020-12-22","purchased_purges":0,"victory":false,"max_hp_per_floor":[70,70,70,70,70,70,70,70,70,70,70,70,70,70,70,70,70,70,70,70],"card_choices":[{"not_picked":["Distraction","PiercingWail"],"picked":"Dodge and Roll","floor":1.0},{"not_picked":["Deflect","Sucker Punch"],"picked":"Poisoned Stab","floor":3.0},{"not_picked":["Deflect","Predator"],"picked":"Bane","floor":4.0},{"not_picked":["Prepared","Sucker Punch"],"picked":"Noxious Fumes","floor":6.0},{"not_picked":["Sucker Punch","ReplayTheSpireMod:Shiv Toss"],"picked":"Deadly Poison","floor":7.0},{"not_picked":["Hidden Blade","Backstab"],"picked":"Flying Knee","floor":8.0},{"not_picked":["Cloak And Dagger","Distraction","Deflect"],"picked":"SKIP","floor":10.0},{"not_picked":["Dash","Riddle With Holes","Underhanded Strike"],"picked":"SKIP","floor":11.0},{"not_picked":["Blade Dance","Backstab","Sneak Up"],"picked":"SKIP","floor":13},{"not_picked":["ReplayTheSpireMod:Necrosis","Die Die Die"],"picked":"infinitespire:Neurotoxin","floor":16},{"not_picked":["Hidden Blade+1","Reflex"],"picked":"Prepared","floor":18}],"player_experience":69427,"relics_obtained":[{"floor":6.0,"key":"PreservedInsect"},{"floor":9.0,"key":"Gremlin Food"},{"floor":10.0,"key":"Ancient Tea Set"},{"floor":13,"key":"infinitespire:BottledMercury"}],"event_choices":[{"damage_healed":0.0,"max_hp_gain":0.0,"max_hp_loss":0.0,"gold_gain":100.0,"event_name":"Wheel of Change","player_choice":"Gold","floor":2.0,"gold_loss":0.0,"damage_taken":0.0},{"damage_healed":0.0,"max_hp_gain":0.0,"max_hp_loss":0.0,"gold_gain":0.0,"event_name":"Match and Keep!","player_choice":"0 cards matched","floor":5.0,"gold_loss":0.0,"damage_taken":0.0,"cards_obtained":[]},{"damage_healed":0.0,"max_hp_gain":0.0,"max_hp_loss":0.0,"gold_gain":0.0,"event_name":"Shining Light","player_choice":"Entered Light","floor":12.0,"gold_loss":0.0,"damage_taken":14.0,"cards_upgraded":["Defend_G","Defend_G"]},{"damage_healed":0,"gold_gain":0,"player_choice":"Fought Bandits","damage_taken":0,"max_hp_gain":0,"max_hp_loss":0,"event_name":"Masked Bandits","floor":19,"gold_loss":0}],"is_beta":false,"boss_relics":[{"not_picked":["Runic Dome","WristBlade"],"picked":"SacredBark"}],"items_purged_floors":[],"is_endless":false,"potions_floor_spawned":[1,3,10,11,16],"killed_by":"Masked Bandits","ascension_level":1}}