{"host":"iudiqz5bwex5meyb","time":1614013775,"event":{"mods":["AchievementEnabler","BaseMod","Block Reminder","Colored Map","Minty Spire (QoL Compilation)","StSLib","ojb\u0027s Better Paths Mod","ojb\u0027s Info Mod"],"gold_per_floor":[114,114,189,208,208,251,265,265,265,304,320,320,338,372,372,372,372],"floor_reached":16,"language":"ENG","playtime":738,"items_purged":[],"score":160,"play_id":"f4163cc9-680a-4625-b005-5244f07f551e","local_time":"20210222110935","is_ascension_mode":true,"campfire_choices":[{"data":"Zap","floor":8,"key":"SMITH"},{"data":"Steam Power","floor":12,"key":"SMITH"},{"data":"Defragment","floor":15,"key":"SMITH"}],"circlet_count":0,"master_deck":["Strike_B","Strike_B","Strike_B","Strike_B","Defend_B","Defend_B","Defend_B","Defend_B","Zap+1","Dualcast","Static Discharge+1","Genetic Algorithm","Defragment","Defragment+1","Steam Power+1","Genetic Algorithm"],"relics":["Cracked Core","NeowsBlessing","Golden Idol","HornCleat","Kunai","Ancient Tea Set","InkBottle"],"acts_visited":["Exordium"],"potions_floor_usage":[11,14,16],"damage_taken":[{"damage":0,"enemies":"Cultist","floor":1,"turns":1},{"damage":0,"enemies":"2 Louse","floor":4,"turns":1},{"damage":0,"enemies":"Lagavulin","floor":6,"turns":1},{"damage":0,"enemies":"Small Slimes","floor":7,"turns":3},{"damage":14,"enemies":"3 Sentries","floor":10,"turns":5},{"damage":9,"enemies":"Red Slaver","floor":11,"turns":2},{"damage":8,"enemies":"Exordium Wildlife","floor":13,"turns":2},{"damage":17,"enemies":"Lagavulin","floor":14,"turns":6},{"damage":14,"enemies":"The Guardian","floor":16,"turns":8}],"seed_played":"-5142781795483126120","potions_obtained":[{"floor":1,"key":"SkillPotion"},{"floor":6,"key":"DuplicationPotion"},{"floor":14,"key":"AttackPotion"}],"is_trial":false,"path_per_floor":["M","?","?","M","?","E","M","R","T","E","M","R","M","E","R","B"],"character_chosen":"DEFECT","items_purchased":[],"campfire_rested":0,"item_purchase_floors":[],"current_hp_per_floor":[75,69,58,58,58,58,58,58,58,44,35,35,27,10,10,0,0],"gold":372,"neow_bonus":"THREE_ENEMY_KILL","is_daily":false,"chose_seed":false,"campfire_upgraded":3,"win_rate":0.0,"timestamp":1614013775,"path_taken":["M","?","?","M","?","E","M","R","T","E","?","R","M","E","R","BOSS"],"items_purchased_type":[],"build_version":"2020-12-22","purchased_purges":0,"victory":false,"max_hp_per_floor":[75,69,69,69,69,69,69,69,69,69,69,69,69,69,69,69,69],"card_choices":[{"not_picked":["Fusion","White Noise"],"picked":"Static Discharge","floor":1},{"not_picked":["Turbo","Go for the Eyes"],"picked":"Genetic Algorithm","floor":4},{"not_picked":["Ball Lightning","Stack"],"picked":"Defragment","floor":6},{"not_picked":["Reinforced Body","Redo"],"picked":"Defragment","floor":7},{"not_picked":["Streamline","Compile Driver","Stack"],"picked":"SKIP","floor":10},{"not_picked":["Ball Lightning","Streamline"],"picked":"Steam Power","floor":11},{"not_picked":["Rebound","Turbo"],"picked":"Genetic Algorithm","floor":13},{"not_picked":["Genetic Algorithm","Hyperbeam","Compile Driver"],"picked":"SKIP","floor":14}],"player_experience":362351,"relics_obtained":[{"floor":6,"key":"HornCleat"},{"floor":9,"key":"Kunai"},{"floor":10,"key":"Ancient Tea Set"},{"floor":14,"key":"InkBottle"}],"event_choices":[{"damage_healed":0,"gold_gain":0,"player_choice":"Lose Max HP","damage_taken":0,"relics_obtained":["Golden Idol"],"max_hp_gain":0,"max_hp_loss":6,"event_name":"Golden Idol","floor":2,"gold_loss":0},{"damage_healed":0,"gold_gain":75,"player_choice":"Gather Gold","damage_taken":11,"max_hp_gain":0,"max_hp_loss":0,"event_name":"World of Goop","floor":3,"gold_loss":0},{"damage_healed":0,"gold_gain":0,"player_choice":"Upgraded","damage_taken":0,"max_hp_gain":0,"max_hp_loss":0,"event_name":"Upgrade Shrine","floor":5,"gold_loss":0,"cards_upgraded":["Static Discharge"]}],"is_beta":false,"boss_relics":[],"items_purged_floors":[],"is_endless":false,"potions_floor_spawned":[1,6,14],"killed_by":"The Guardian","ascension_level":2}}