{"host":"i1peby39mt3us2ef","time":1614033052,"event":{"mods":["BaseMod","Downfall","Minty Spire (QoL Compilation)","Replay The Spire","StSLib","The Cursed"],"gold_per_floor":[116,133,149,149,162,193,193,228,228,228,10,21,51,70,70,70,70],"floor_reached":16,"language":"ENG","playtime":1491,"items_purged":["Pain"],"score":122,"play_id":"1c6fa16d-4e89-41c4-a234-50d1af0c78d2","local_time":"20210222153052","is_ascension_mode":false,"campfire_choices":[{"floor":7,"key":"RECALL"},{"floor":15,"key":"DIG"}],"circlet_count":0,"master_deck":["Strike_R","Strike_R","Strike_R","Defend_R+1","Defend_R+1","Defend_R","Bash+1","Massacre+1","Iron Wave+1","Pummel+1","ReplayTheSpireMod:Limb From Limb","Cleave","ReplayTheSpireMod:Strike From Hell","Spot Weakness","ReplayTheSpireMod:Strike From Hell","Pommel Strike","Headbutt","Rampage","Heavy Blade"],"relics":["Astrolabe","Strawberry","Simple Rune","WarpedTongs","Lantern","Bag of Marbles","Bottled Flame"],"acts_visited":["Exordium"],"potions_floor_usage":[6,13,16],"damage_taken":[{"damage":6,"enemies":"Jaw Worm","floor":1,"turns":3},{"damage":0,"enemies":"Cultist","floor":2,"turns":3},{"damage":0,"enemies":"2 Louse","floor":3,"turns":2},{"damage":0,"enemies":"Large Slime","floor":5,"turns":4},{"damage":7,"enemies":"Gremlin Nob","floor":6,"turns":3},{"damage":19,"enemies":"Lagavulin","floor":8,"turns":4},{"damage":4,"enemies":"2 Fungi Beasts","floor":12,"turns":3},{"damage":8,"enemies":"Gremlin Nob","floor":13,"turns":3},{"damage":0,"enemies":"Gremlin Gang","floor":14,"turns":2},{"damage":48,"enemies":"The Guardian","floor":16,"turns":7}],"seed_played":"-3323458027483970161","potions_obtained":[{"floor":3,"key":"FearPotion"},{"floor":5,"key":"sneckomod:MuddlingPotion"},{"floor":13,"key":"Reflective Coating"}],"is_trial":false,"path_per_floor":["M","M","M","?","M","E","R","E","T","?","$","M","E","M","R","B"],"character_chosen":"IRONCLAD","items_purchased":["Lantern"],"campfire_rested":0,"item_purchase_floors":[11],"current_hp_per_floor":[74,74,74,74,74,74,74,55,55,55,55,51,43,43,43,0,0],"gold":70,"neow_bonus":"BOSS_RELIC","is_daily":false,"chose_seed":false,"campfire_upgraded":0,"win_rate":0.0,"timestamp":1614033052,"path_taken":["M","M","M","?","?","E","R","E","T","?","$","?","E","M","R","BOSS"],"items_purchased_type":["Relic"],"build_version":"2020-12-22","purchased_purges":1,"victory":false,"max_hp_per_floor":[80,80,80,80,80,87,87,87,87,87,87,87,87,87,87,87,87],"card_choices":[{"not_picked":["Sword Boomerang","True Grit"],"picked":"ReplayTheSpireMod:Limb From Limb","floor":1},{"not_picked":["ReplayTheSpireMod:Stacked","Iron Wave"],"picked":"Cleave","floor":2},{"not_picked":["True Grit","Armaments"],"picked":"ReplayTheSpireMod:Strike From Hell","floor":3},{"not_picked":["Infernal Blade","Warcry"],"picked":"Spot Weakness","floor":5},{"not_picked":["Reckless Charge","Brutality"],"picked":"ReplayTheSpireMod:Strike From Hell","floor":6},{"not_picked":["Dual Wield","Replay:Undeath\u0027s Touch"],"picked":"Pommel Strike","floor":8},{"not_picked":["Warcry","Body Slam"],"picked":"Headbutt","floor":12},{"not_picked":["Warcry","Sword Boomerang"],"picked":"Rampage","floor":13},{"not_picked":["Twin Strike","Power Through"],"picked":"Heavy Blade","floor":14}],"player_experience":74470,"relics_obtained":[{"floor":6,"key":"Strawberry"},{"floor":8,"key":"Simple Rune"},{"floor":13,"key":"Bag of Marbles"},{"floor":15,"key":"Bottled Flame"}],"event_choices":[{"damage_healed":0,"gold_gain":0,"player_choice":"Upgraded","damage_taken":0,"max_hp_gain":0,"max_hp_loss":0,"event_name":"Upgrade Shrine","floor":4,"gold_loss":0,"cards_upgraded":["Bash"]},{"damage_healed":0,"gold_gain":0,"player_choice":"Rummage","damage_taken":0,"relics_obtained":["WarpedTongs"],"max_hp_gain":0,"max_hp_loss":0,"event_name":"Accursed Blacksmith","floor":10,"gold_loss":0,"cards_obtained":["Pain"]}],"is_beta":false,"boss_relics":[],"items_purged_floors":[11],"is_endless":false,"potions_floor_spawned":[3,5,13],"killed_by":"The Guardian","ascension_level":0}}