{"host":"s8caws4n06h39s1x","time":1614022908,"event":{"mods":["BaseMod","Colored Powertips","Highlight Path","Minty Spire (QoL Compilation)","Quick Restart"],"gold_per_floor":[112,112,128,128,36,62,62,79,79,89,122,176,195,229,229,334,334,347,347,365,18,30,30,30,63,63,27,52,52,52,52],"floor_reached":30,"language":"ENG","playtime":1682,"items_purged":[],"score":327,"play_id":"9a51b0ff-cadf-4d2b-bce9-8177f49078e5","local_time":"20210222204148","daily_mods":["SealedDeck","ControlledChaos","Lethality"],"is_ascension_mode":true,"campfire_choices":[{"floor":7,"key":"DIG"},{"floor":15,"key":"DIG"},{"floor":23,"key":"DIG"}],"circlet_count":0,"master_deck":["Flame Barrier","Body Slam","Thunderclap","Infernal Blade+1","Flex+1","Cleave","Fire Breathing+1","Wild Strike+1","Entrench","Shrug It Off","Feel No Pain","Evolve","Power Through","True Grit","Cleave+1","True Grit","Armaments+1","Armaments+1","Shockwave+1","True Grit+1","Fire Breathing","Brutality","Dark Embrace"],"relics":["Black Blood","Frozen Eye","Shovel","Matryoshka","Oddly Smooth Stone","Toxic Egg 2","Whetstone","Darkstone Periapt","Nunchaku","Membership Card","Blood Vial","Eternal Feather","Juzu Bracelet","War Paint","Lantern","Bird Faced Urn","Question Card"],"acts_visited":["Exordium","TheCity"],"potions_floor_usage":[14,14,16],"damage_taken":[{"damage":0,"enemies":"Jaw Worm","floor":1,"turns":2},{"damage":0,"enemies":"2 Louse","floor":3,"turns":1},{"damage":11,"enemies":"3 Sentries","floor":6,"turns":4},{"damage":0,"enemies":"Cultist","floor":8,"turns":4},{"damage":5,"enemies":"2 Fungi Beasts","floor":10,"turns":3},{"damage":27,"enemies":"Gremlin Nob","floor":11,"turns":4},{"damage":16,"enemies":"Red Slaver","floor":13,"turns":2},{"damage":0,"enemies":"Lagavulin","floor":14,"turns":4},{"damage":47,"enemies":"Hexaghost","floor":16,"turns":10},{"damage":18,"enemies":"Shell Parasite","floor":18,"turns":5},{"damage":23,"enemies":"2 Thieves","floor":20,"turns":4},{"damage":12,"enemies":"Centurion and Healer","floor":22,"turns":6},{"damage":19,"enemies":"Gremlin Leader","floor":25,"turns":6},{"damage":61,"enemies":"Slavers","floor":28,"turns":8},{"damage":19,"enemies":"Colosseum Slavers","floor":30,"turns":2}],"seed_played":"-8244424755820499517","potions_obtained":[{"floor":8,"key":"Swift Potion"},{"floor":10,"key":"Energy Potion"},{"floor":11,"key":"ColorlessPotion"},{"floor":14,"key":"Regen Potion"},{"floor":18,"key":"FearPotion"},{"floor":19,"key":"AttackPotion"},{"floor":19,"key":"HeartOfIron"}],"is_trial":true,"path_per_floor":["M","$","M","?","$","E","R","M","T","M","E","?","M","E","R","B",null,"M","?","M","$","M","R","?","E","T","$","E","$","?"],"character_chosen":"IRONCLAD","items_purchased":["Power Through","True Grit","Membership Card","Blood Vial","Eternal Feather","Dark Embrace"],"campfire_rested":0,"item_purchase_floors":[5,5,21,21,21,27],"current_hp_per_floor":[80,80,80,80,80,75,75,80,80,80,59,59,49,55,55,19,80,74,74,63,63,65,77,77,72,72,72,37,37,24,24],"gold":52,"neow_bonus":"","is_daily":false,"chose_seed":false,"campfire_upgraded":0,"win_rate":0.0,"timestamp":1614022908,"path_taken":["M","$","M","?","?","E","R","M","T","M","E","?","M","E","R","BOSS","M","?","M","$","?","R","?","E","T","?","E","$","?"],"items_purchased_type":["Card","Card","Relic","Relic","Relic","Card"],"build_version":"2020-12-22","purchased_purges":0,"victory":false,"max_hp_per_floor":[80,80,80,80,80,80,80,80,80,80,80,80,80,80,80,80,80,80,80,80,80,80,80,80,80,80,80,80,80,80,80],"card_choices":[{"not_picked":["Clothesline","Power Through"],"picked":"Feel No Pain","floor":1},{"not_picked":["Carnage","Thunderclap"],"picked":"Evolve","floor":3},{"not_picked":["Inflame","Anger"],"picked":"Cleave","floor":6},{"not_picked":["Warcry","Dual Wield"],"picked":"True Grit","floor":8},{"not_picked":["Blood for Blood","Combust"],"picked":"Armaments+1","floor":10},{"not_picked":["Offering+1","Pommel Strike"],"picked":"Armaments+1","floor":11},{"not_picked":["Cleave","Clothesline"],"picked":"Shockwave+1","floor":13},{"not_picked":["Heavy Blade","Cleave"],"picked":"True Grit+1","floor":14},{"not_picked":["True Grit+1","Pommel Strike"],"picked":"Fire Breathing","floor":18},{"not_picked":["Headbutt","Havoc+1","Sever Soul"],"picked":"SKIP","floor":20},{"not_picked":["Iron Wave","Sever Soul","Anger"],"picked":"SKIP","floor":22},{"not_picked":["Corruption","Battle Trance+1","Warcry+1"],"picked":"SKIP","floor":25},{"not_picked":["Carnage+1","Disarm+1","Dual Wield+1"],"picked":"SKIP","floor":28}],"player_experience":496641,"relics_obtained":[{"floor":6,"key":"Shovel"},{"floor":7,"key":"Matryoshka"},{"floor":9,"key":"Oddly Smooth Stone"},{"floor":9,"key":"Toxic Egg 2"},{"floor":11,"key":"Whetstone"},{"floor":14,"key":"Darkstone Periapt"},{"floor":15,"key":"Nunchaku"},{"floor":23,"key":"Juzu Bracelet"},{"floor":25,"key":"War Paint"},{"floor":26,"key":"Lantern"},{"floor":26,"key":"Bird Faced Urn"},{"floor":28,"key":"Question Card"}],"event_choices":[{"damage_healed":0,"gold_gain":0,"player_choice":"Upgraded","damage_taken":0,"max_hp_gain":0,"max_hp_loss":0,"event_name":"Upgrade Shrine","floor":4,"gold_loss":0,"cards_upgraded":["Fire Breathing"]},{"damage_healed":0,"gold_gain":54,"player_choice":"Gained Gold","damage_taken":0,"max_hp_gain":0,"max_hp_loss":0,"event_name":"Golden Wing","floor":12,"gold_loss":0},{"damage_healed":0,"gold_gain":0,"player_choice":"Got Potions","damage_taken":0,"max_hp_gain":0,"max_hp_loss":0,"event_name":"Lab","floor":19,"gold_loss":0},{"damage_healed":0,"gold_gain":0,"player_choice":"1 cards matched","damage_taken":0,"max_hp_gain":0,"max_hp_loss":0,"event_name":"Match and Keep!","floor":24,"gold_loss":0,"cards_obtained":["Brutality"]},{"damage_healed":0,"gold_gain":0,"player_choice":"Fight","damage_taken":0,"max_hp_gain":0,"max_hp_loss":0,"event_name":"Colosseum","floor":30,"gold_loss":0}],"is_beta":false,"boss_relics":[{"not_picked":["Calling Bell","Tiny House"],"picked":"Black Blood"}],"items_purged_floors":[],"is_endless":false,"potions_floor_spawned":[8,10,11,13,14,18,20,25,28],"killed_by":"Colosseum Slavers","ascension_level":1}}