{"host":"5bsc0nab6whpyrbj","time":1614031810,"event":{"mods":["BaseMod","Highlight Path","Minty Spire (QoL Compilation)"],"gold_per_floor":[118,293,293,304,304,332,208,208,255,112,112,123,198,218,218,313,313,294,0,0,0],"floor_reached":20,"language":"ENG","playtime":384,"items_purged":[],"score":195,"play_id":"5716c4eb-2434-431b-9536-29af4fc48699","local_time":"20210222171010","is_ascension_mode":false,"campfire_choices":[{"data":"Storm","floor":8,"key":"SMITH"},{"data":"Darkness","floor":11,"key":"SMITH"},{"floor":15,"key":"REST"}],"circlet_count":0,"master_deck":["Strike_B","Strike_B+1","Strike_B","Strike_B","Defend_B","Defend_B","Defend_B+1","Defend_B","Zap","Dualcast","Darkness+1","Doubt","Tempest","Doom and Gloom","Storm+1","Ball Lightning","Loop","Core Surge","Capacitor"],"relics":["Cracked Core","NeowsBlessing","Incense Burner","Potion Belt","Juzu Bracelet","Black Star"],"acts_visited":["Exordium","TheCity"],"potions_floor_usage":[],"damage_taken":[{"damage":0,"enemies":"Jaw Worm","floor":1,"turns":1},{"damage":0,"enemies":"Small Slimes","floor":4,"turns":1},{"damage":0,"enemies":"Lagavulin","floor":6,"turns":1},{"damage":6,"enemies":"Cultist","floor":12,"turns":3},{"damage":15,"enemies":"Looter","floor":14,"turns":3},{"damage":28,"enemies":"Slime Boss","floor":16,"turns":9},{"damage":40,"enemies":"2 Thieves","floor":18,"turns":4},{"damage":35,"enemies":"3 Byrds","floor":20,"turns":3}],"seed_played":"-5252929897908644572","potions_obtained":[{"floor":12,"key":"EssenceOfDarkness"},{"floor":14,"key":"SteroidPotion"}],"is_trial":false,"path_per_floor":["M","?","?","M","?","E","$","R","T","$","R","M","?","M","R","B",null,"M","?","M"],"character_chosen":"DEFECT","items_purchased":["Storm","Ball Lightning","Juzu Bracelet"],"campfire_rested":1,"item_purchase_floors":[7,7,10],"current_hp_per_floor":[75,75,75,75,60,60,60,60,60,60,60,54,43,28,50,22,75,35,35,0,0],"gold":0,"neow_bonus":"THREE_ENEMY_KILL","is_daily":false,"chose_seed":false,"campfire_upgraded":2,"win_rate":0.0,"timestamp":1614031810,"path_taken":["M","?","?","?","?","E","?","R","T","$","R","M","?","M","R","BOSS","M","?","M"],"items_purchased_type":["Card","Card","Relic"],"build_version":"2020-12-22","purchased_purges":0,"victory":false,"max_hp_per_floor":[75,75,75,75,75,75,75,75,75,75,75,75,75,75,75,75,75,75,75,75,75],"card_choices":[{"not_picked":["Cold Snap","Stack"],"picked":"Darkness","floor":1},{"not_picked":["Coolheaded","Steam"],"picked":"Tempest","floor":4},{"not_picked":["Conserve Battery","Barrage"],"picked":"Doom and Gloom","floor":6},{"not_picked":["Aggregate","BootSequence"],"picked":"Loop","floor":12},{"not_picked":["Leap","Streamline","Gash"],"picked":"SKIP","floor":14},{"not_picked":["Meteor Strike","Amplify"],"picked":"Core Surge","floor":16},{"not_picked":["Coolheaded","Blizzard"],"picked":"Capacitor","floor":18}],"player_experience":101341,"relics_obtained":[{"floor":6,"key":"Incense Burner"},{"floor":9,"key":"Potion Belt"}],"event_choices":[{"damage_healed":0,"gold_gain":175,"player_choice":"AGREE","damage_taken":0,"max_hp_gain":0,"max_hp_loss":0,"event_name":"Liars Game","floor":2,"gold_loss":0,"cards_obtained":["Doubt"]},{"damage_healed":0,"gold_gain":0,"player_choice":"0 cards matched","damage_taken":0,"max_hp_gain":0,"max_hp_loss":0,"event_name":"Match and Keep!","floor":3,"gold_loss":0,"cards_obtained":[]},{"damage_healed":0,"gold_gain":0,"player_choice":"Entered Light","damage_taken":15,"max_hp_gain":0,"max_hp_loss":0,"event_name":"Shining Light","floor":5,"gold_loss":0,"cards_upgraded":["Strike_B","Defend_B"]},{"damage_healed":0,"gold_gain":75,"player_choice":"Gather Gold","damage_taken":11,"max_hp_gain":0,"max_hp_loss":0,"event_name":"World of Goop","floor":13,"gold_loss":0},{"damage_healed":0,"gold_gain":0,"player_choice":"Paid Fearfully","damage_taken":0,"max_hp_gain":0,"max_hp_loss":0,"event_name":"Masked Bandits","floor":19,"gold_loss":294}],"is_beta":false,"boss_relics":[{"not_picked":["SacredBark","Philosopher\u0027s Stone"],"picked":"Black Star"}],"items_purged_floors":[],"is_endless":false,"potions_floor_spawned":[12,14],"killed_by":"3 Byrds","ascension_level":0}}