{"host":"qlo0xo0cdeotglqz","time":1614001823,"event":{"mods":["2.2 Compatiblity","Act Like it!","Aspiration","Bard","BaseMod","Bestiary","Better Third Choice","Clockwork Mod","Colored Map","DeckTracker","Downfall","Gremlin Mod","Infinite Spire","Jorbs\u0027s Wanderer Trilogy","Minty Spire (QoL Compilation)","Potionbrewer","Rare Cards Sparkle","Replay The Spire","Spire Arcade","StS++","StSLib","The Animator","The Blackbeard","The Blue Laboratory","The Cursed","The Disciple","The Forsaken","Uncapped"],"gold_per_floor":[112,129,129,129,72,105,118,162,162,182,206,227,227,263,263,394,394,412,372,385,401,401,401],"floor_reached":22,"language":"ENG","playtime":1539,"items_purged":[],"score":350,"play_id":"fd23f213-119a-4db4-a929-5ef4b047b425","local_time":"20210222145023","is_ascension_mode":true,"campfire_choices":[{"data":"TheCursedMod:ReleasedStrength","floor":15,"key":"SMITH"}],"circlet_count":0,"master_deck":["TheCursedMod:Strike_TheCursed","TheCursedMod:Strike_TheCursed","TheCursedMod:Strike_TheCursed","TheCursedMod:Strike_TheCursed+1","TheCursedMod:Defend_TheCursed","TheCursedMod:Defend_TheCursed","TheCursedMod:Defend_TheCursed","TheCursedMod:Defend_TheCursed","TheCursedMod:CursedWand+1","TheCursedMod:CleanUpWorkshop","TheCursedMod:Dregs","TheCursedMod:AbyssShockwave","TheCursedMod:HellsGateOpen+1","Injury","TheCursedMod:LuckyCharm+1","TheCursedMod:CursedAmulet","TheCursedMod:CursedArmor","TheCursedMod:SpitefulPray","TheCursedMod:FleshFromBone","TheCursedMod:RapidMovement","TheCursedMod:ReleasedStrength+1","Shame","TheCursedMod:FleshFromBone","TheCursedMod:AntiAging","TheCursedMod:SoulCrush+1","TheCursedMod:CursedBlade","TheCursedMod:WearCloak"],"relics":["TheCursedMod:BlackMagic101","NeowsBlessing","Golden Idol","potionbrewer:RamsHorn","Toy Ornithopter","StSpp:SailingBoat","PreservedInsect","Black Star"],"acts_visited":["Exordium","TheCity"],"potions_floor_usage":[],"damage_taken":[{"damage":0,"enemies":"2 Louse","floor":1,"turns":1},{"damage":0,"enemies":"Small Slimes","floor":2,"turns":1},{"damage":0,"enemies":"Lagavulin","floor":6,"turns":1},{"damage":0,"enemies":"Cultist","floor":7,"turns":3},{"damage":3,"enemies":"Replay:BlueRogue","floor":8,"turns":8},{"damage":0,"enemies":"Lots of Slimes","floor":10,"turns":2},{"damage":8,"enemies":"Exordium Wildlife","floor":11,"turns":5},{"damage":2,"enemies":"2 Fungi Beasts","floor":12,"turns":5},{"damage":0,"enemies":"Lagavulin","floor":14,"turns":6},{"damage":3,"enemies":"Fading Forest","floor":16,"turns":11},{"damage":31,"enemies":"3 Byrds","floor":18,"turns":7},{"damage":15,"enemies":"Spheric Guardian","floor":20,"turns":4},{"damage":26,"enemies":"Snake Plant","floor":21,"turns":4},{"damage":12,"enemies":"Sentry and Sphere","floor":22,"turns":2}],"seed_played":"-162302834123830088","potions_obtained":[{"floor":6,"key":"potionbrewer:ToxicPotion"},{"floor":10,"key":"blueLaboratory:NullPotion"},{"floor":11,"key":"blueLaboratory:BottledHope"},{"floor":12,"key":"Slimebound:ThreeZeroPotion"}],"is_trial":false,"path_per_floor":["M","M","?","?","$","E","M","E","T","M","M","M","?","E","R","B",null,"M","?","M","M","M"],"character_chosen":"THE_CURSED","items_purchased":["TheCursedMod:LuckyCharm+1"],"campfire_rested":0,"item_purchase_floors":[5],"current_hp_per_floor":[75,75,75,75,75,75,75,72,72,72,64,62,62,62,62,63,75,46,46,33,9,0,0],"gold":401,"neow_bonus":"THREE_ENEMY_KILL","is_daily":false,"chose_seed":false,"campfire_upgraded":1,"win_rate":0.0,"timestamp":1614001823,"path_taken":["M","M","?","?","$","E","M","E","T","M","M","M","?","E","R","BOSS","M","?","?","M","M"],"items_purchased_type":["Card"],"build_version":"2020-12-22","purchased_purges":0,"victory":false,"max_hp_per_floor":[75,75,75,75,75,75,75,75,75,75,75,75,75,75,75,75,75,77,77,79,81,81,81],"card_choices":[{"not_picked":["TheCursedMod:WearCloak","TheCursedMod:SaltUponWound"],"picked":"TheCursedMod:AbyssShockwave","floor":1},{"not_picked":["TheCursedMod:SaltUponWound","TheCursedMod:CircleOfFocus"],"picked":"TheCursedMod:HellsGateOpen","floor":2},{"not_picked":["TheCursedMod:VitalStrike","TheCursedMod:Wield"],"picked":"TheCursedMod:CursedAmulet","floor":6},{"not_picked":["TheCursedMod:CircleOfBlood","TheCursedMod:FuryStrike"],"picked":"TheCursedMod:CursedArmor","floor":7},{"not_picked":["TheCursedMod:PrepareRite","TheCursedMod:CursedMace"],"picked":"TheCursedMod:SpitefulPray","floor":8},{"not_picked":["TheCursedMod:TacticalStrike","TheCursedMod:VitalStrike"],"picked":"TheCursedMod:FleshFromBone","floor":10},{"not_picked":["TheCursedMod:DemonicPact","TheCursedMod:CursedAmulet"],"picked":"TheCursedMod:RapidMovement","floor":11},{"not_picked":["TheCursedMod:EmpowerCircles","TheCursedMod:AbyssShockwave"],"picked":"TheCursedMod:ReleasedStrength","floor":12},{"not_picked":["TheCursedMod:SoulCrush","TheCursedMod:FuryStrike"],"picked":"TheCursedMod:FleshFromBone","floor":14},{"not_picked":["TheCursedMod:DarkBarrier","TheCursedMod:OutForBlood"],"picked":"TheCursedMod:AntiAging","floor":16},{"not_picked":["TheCursedMod:CursedMace","TheCursedMod:CircleOfFlame+1"],"picked":"TheCursedMod:SoulCrush+1","floor":18},{"not_picked":["TheCursedMod:Torture+1","TheCursedMod:SpreadPlague"],"picked":"TheCursedMod:CursedBlade","floor":20},{"not_picked":["TheCursedMod:StingEye","TheCursedMod:CursedAmulet"],"picked":"TheCursedMod:WearCloak","floor":21}],"player_experience":90747,"relics_obtained":[{"floor":6,"key":"potionbrewer:RamsHorn"},{"floor":8,"key":"Toy Ornithopter"},{"floor":9,"key":"StSpp:SailingBoat"},{"floor":14,"key":"PreservedInsect"}],"event_choices":[{"damage_healed":0,"gold_gain":0,"player_choice":"Take Wound","damage_taken":0,"relics_obtained":["Golden Idol"],"max_hp_gain":0,"max_hp_loss":0,"event_name":"Golden Idol","floor":3,"gold_loss":0,"cards_obtained":["Injury"]},{"damage_healed":0,"gold_gain":0,"player_choice":"Grow","damage_taken":0,"max_hp_gain":0,"max_hp_loss":0,"event_name":"Living Wall","floor":4,"gold_loss":0,"cards_upgraded":["TheCursedMod:HellsGateOpen"]},{"damage_healed":0,"gold_gain":0,"player_choice":"Upgraded Two","damage_taken":0,"max_hp_gain":0,"max_hp_loss":0,"event_name":"Designer","floor":19,"gold_loss":40,"cards_upgraded":["TheCursedMod:Strike_TheCursed","TheCursedMod:CursedWand"]}],"is_beta":false,"boss_relics":[{"not_picked":["Empty Cage","ReplayTheSpireMod:SealedPack"],"picked":"Black Star"}],"items_purged_floors":[],"is_endless":false,"potions_floor_spawned":[6,10,11,12,14,20],"killed_by":"Sentry and Sphere","ascension_level":1}}