{"host":"d52brwsy6af8zvaq","time":1614028373,"event":{"mods":["AchievementEnabler","BaseMod","Bestiary","Highlight Path","Minty Spire (QoL Compilation)","Quick Restart","Relic Stats","ojb\u0027s Better Paths Mod"],"gold_per_floor":[119,44,62,78,29,63,63,90,90,90,90,90,119,132,132,132,132],"floor_reached":16,"language":"ENG","playtime":425,"items_purged":[],"score":240,"play_id":"3b788621-be04-4808-a376-75a8c557103e","local_time":"20210222141253","is_ascension_mode":true,"campfire_choices":[{"floor":7,"key":"REST"},{"floor":12,"key":"REST"},{"floor":15,"key":"REST"}],"circlet_count":0,"master_deck":["AscendersBane","Strike_B","Strike_B","Strike_B","Strike_B","Defend_B","Defend_B","Defend_B","Defend_B","Zap","Dualcast","Defragment+1","Static Discharge","Lockon","Undo","Rebound+1","Go for the Eyes+1","Sunder+1","Skim","Self Repair","Buffer"],"relics":["Cracked Core","Dream Catcher","Molten Egg 2","Ice Cream","Turnip","Emotion Chip"],"acts_visited":[],"potions_floor_usage":[6,11,14],"damage_taken":[{"damage":6.0,"enemies":"Cultist","floor":1.0,"turns":4.0},{"damage":2.0,"enemies":"Jaw Worm","floor":3.0,"turns":5.0},{"damage":0.0,"enemies":"2 Louse","floor":4.0,"turns":2.0},{"damage":32,"enemies":"Gremlin Nob","floor":6,"turns":4},{"damage":37,"enemies":"3 Sentries","floor":8,"turns":8},{"damage":0,"enemies":"Gremlin Gang","floor":11,"turns":1},{"damage":12,"enemies":"Lagavulin","floor":13,"turns":5},{"damage":2,"enemies":"2 Fungi Beasts","floor":14,"turns":2},{"damage":38,"enemies":"Slime Boss","floor":16,"turns":9}],"seed_played":"6998363789710914690","potions_obtained":[{"floor":1.0,"key":"SkillPotion"},{"floor":4.0,"key":"SmokeBomb"},{"floor":8,"key":"AttackPotion"}],"is_trial":false,"path_per_floor":["M","$","M","M","?","E","R","E","T","?","M","R","E","M","R","B"],"character_chosen":"DEFECT","items_purchased":["Static Discharge"],"campfire_rested":3,"item_purchase_floors":[2],"current_hp_per_floor":[58,58,56,56,56,24,45,8,8,8,8,29,17,15,36,0,0],"gold":132,"neow_bonus":"RANDOM_COMMON_RELIC","is_daily":false,"chose_seed":false,"campfire_upgraded":0,"win_rate":0.0,"timestamp":1614028373,"path_taken":["M","$","M","M","?","E","R","E","T","?","M","R","E","M","R","BOSS"],"items_purchased_type":["Card"],"build_version":"2020-12-22","purchased_purges":0,"victory":false,"max_hp_per_floor":[71,71,71,71,71,71,71,71,71,71,71,71,71,71,71,71,71],"relic_stats":{"Dream Catcher":3,"Emotion Chip":[5,2,0,0,3],"counters":[9,40],"Turnip":[7],"obtain_stats":[{"Ice Cream":8,"Dream Catcher":0,"Emotion Chip":13,"Molten Egg 2":6,"Turnip":9,"Cracked Core":0},{"Ice Cream":5,"Dream Catcher":0,"Emotion Chip":7,"Molten Egg 2":4,"Turnip":5,"Cracked Core":0},{"Ice Cream":23,"Dream Catcher":0,"Emotion Chip":29,"Molten Egg 2":15,"Turnip":23,"Cracked Core":0}]},"card_choices":[{"not_picked":["Turbo","Go for the Eyes"],"picked":"Defragment","floor":1.0},{"not_picked":["Capacitor","Turbo"],"picked":"Lockon","floor":3.0},{"not_picked":["Barrage","Static Discharge","Recycle"],"picked":"SKIP","floor":4.0},{"not_picked":["Lockon+1","Capacitor"],"picked":"Undo","floor":6},{"not_picked":["Aggregate","Defragment"],"picked":"Rebound+1","floor":7},{"not_picked":["Barrage+1","Gash+1"],"picked":"Go for the Eyes+1","floor":8},{"not_picked":["Barrage+1","Conserve Battery"],"picked":"Sunder+1","floor":12},{"not_picked":["Compile Driver+1","Capacitor"],"picked":"Skim","floor":13},{"not_picked":["Turbo","Ball Lightning+1"],"picked":"Self Repair","floor":14},{"not_picked":["Redo","Stack"],"picked":"Buffer","floor":15}],"player_experience":2337188,"relics_obtained":[{"floor":6,"key":"Molten Egg 2"},{"floor":8,"key":"Ice Cream"},{"floor":9,"key":"Turnip"},{"floor":13,"key":"Emotion Chip"}],"event_choices":[{"damage_healed":0.0,"max_hp_gain":0.0,"max_hp_loss":0.0,"gold_gain":0.0,"event_name":"World of Goop","player_choice":"Left Gold","floor":5.0,"gold_loss":49.0,"damage_taken":0.0},{"damage_healed":0,"gold_gain":0,"player_choice":"Upgraded","damage_taken":0,"max_hp_gain":0,"max_hp_loss":0,"event_name":"Upgrade Shrine","floor":10,"gold_loss":0,"cards_upgraded":["Defragment"]}],"is_beta":false,"boss_relics":[],"items_purged_floors":[],"is_endless":false,"potions_floor_spawned":[1,4,8],"killed_by":"Slime Boss","ascension_level":20}}