{"host":"kda2p2afd6bvz6qo","time":1614021234,"event":{"mods":["BaseMod","Colored Map","Minty Spire (QoL Compilation)","Relic Stats"],"gold_per_floor":[168,186,202,220,52,52,87,87,87,117,117,143,143,157,157,228,228,240,259,309,309,309],"floor_reached":21,"language":"ENG","playtime":1189,"items_purged":[],"score":398,"play_id":"766bafdf-3fab-48d8-9f3e-4836acdaaceb","local_time":"20210222191354","is_ascension_mode":true,"campfire_choices":[{"data":"Noxious Fumes","floor":6.0,"key":"SMITH"},{"data":"Footwork","floor":8.0,"key":"SMITH"},{"data":"Prepared","floor":11.0,"key":"SMITH"},{"data":"Crippling Poison","floor":15.0,"key":"SMITH"}],"circlet_count":0,"master_deck":["AscendersBane","Strike_G","Strike_G","Strike_G","Strike_G","Strike_G+1","Defend_G","Defend_G","Defend_G","Defend_G","Defend_G","Survivor","Neutralize","Dagger Spray","Dagger Throw","Tactician","Dash","Deadly Poison","Poisoned Stab","Noxious Fumes+1","Footwork+1","Poisoned Stab","Leg Sweep","Backflip","Prepared+1","Crippling Poison+1","Pain","Prepared","PiercingWail"],"relics":["Tiny House","Orrery","Tiny Chest","Letter Opener","Gremlin Horn","WarpedTongs","HoveringKite"],"acts_visited":["Exordium","TheCity"],"potions_floor_usage":[18],"damage_taken":[{"damage":12.0,"enemies":"Small Slimes","floor":1.0,"turns":5.0},{"damage":1.0,"enemies":"Cultist","floor":2.0,"turns":3.0},{"damage":3.0,"enemies":"2 Louse","floor":3.0,"turns":3.0},{"damage":4.0,"enemies":"Exordium Wildlife","floor":4.0,"turns":4.0},{"damage":8.0,"enemies":"Lagavulin","floor":7.0,"turns":8.0},{"damage":11.0,"enemies":"Gremlin Nob","floor":10.0,"turns":3.0},{"damage":8.0,"enemies":"3 Sentries","floor":12.0,"turns":6.0},{"damage":0.0,"enemies":"Lots of Slimes","floor":14.0,"turns":2.0},{"damage":14,"enemies":"The Guardian","floor":16,"turns":11},{"damage":20,"enemies":"2 Thieves","floor":18,"turns":5},{"damage":11,"enemies":"Spheric Guardian","floor":19,"turns":7},{"damage":23,"enemies":"3 Cultists","floor":21,"turns":3}],"seed_played":"7470205400244952675","potions_obtained":[{"floor":0.0,"key":"Explosive Potion"},{"floor":2.0,"key":"CunningPotion"},{"floor":10.0,"key":"ColorlessPotion"}],"is_trial":false,"path_per_floor":["M","M","M","M","$","R","E","R","T","E","R","E","?","M","R","B",null,"M","M","?","M"],"character_chosen":"THE_SILENT","items_purchased":["Orrery"],"campfire_rested":0,"item_purchase_floors":[5],"current_hp_per_floor":[52,51,48,44,44,44,36,36,36,25,25,17,17,17,17,3,54,34,23,23,0,0],"gold":309,"neow_bonus":"BOSS_RELIC","is_daily":false,"chose_seed":false,"campfire_upgraded":4,"win_rate":0.0,"timestamp":1614021234,"path_taken":["M","M","M","M","$","R","E","R","T","E","R","E","?","M","R","BOSS","M","?","?","M"],"items_purchased_type":["Relic"],"build_version":"2020-12-22","purchased_purges":0,"victory":false,"max_hp_per_floor":[71,71,71,71,71,71,71,71,71,71,71,71,71,71,71,71,71,71,71,71,71,71],"relic_stats":{"Gremlin Horn":[4,4],"counters":[12,60],"HoveringKite":[6],"Tiny Chest":0,"Letter Opener":[46],"obtain_stats":[{"Tiny House":0,"Gremlin Horn":12,"Orrery":5,"HoveringKite":17,"Tiny Chest":7,"Letter Opener":10,"Ring of the Snake":0,"WarpedTongs":13},{"Tiny House":0,"Gremlin Horn":7,"Orrery":4,"HoveringKite":9,"Tiny Chest":5,"Letter Opener":6,"Ring of the Snake":0,"WarpedTongs":7},{"Tiny House":0,"Gremlin Horn":32,"Orrery":15,"HoveringKite":45,"Tiny Chest":23,"Letter Opener":26,"Ring of the Snake":0,"WarpedTongs":32}],"WarpedTongs":[28]},"card_choices":[{"not_picked":["PiercingWail","Outmaneuver"],"picked":"Dagger Spray","floor":0.0},{"not_picked":["Deflect","Infinite Blades"],"picked":"Dagger Throw","floor":1.0},{"not_picked":["Deadly Poison","Dagger Spray"],"picked":"Tactician","floor":2.0},{"not_picked":["Bane","Poisoned Stab"],"picked":"Dash","floor":3.0},{"not_picked":["Bane","Tactician"],"picked":"Deadly Poison","floor":4.0},{"not_picked":["Endless Agony","Slice"],"picked":"Poisoned Stab","floor":5.0},{"not_picked":["Storm of Steel","Leg Sweep"],"picked":"Noxious Fumes","floor":5.0},{"not_picked":["Prepared","Deadly Poison"],"picked":"Footwork","floor":5.0},{"not_picked":["Dash","Dagger Throw"],"picked":"Poisoned Stab","floor":5.0},{"not_picked":["Poisoned Stab","Tactician"],"picked":"Leg Sweep","floor":5.0},{"not_picked":["Quick Slash","Dagger Spray"],"picked":"Backflip","floor":7.0},{"not_picked":["Quick Slash","Skewer"],"picked":"Prepared","floor":10.0},{"not_picked":["Blade Dance","Bane"],"picked":"Crippling Poison","floor":12.0},{"not_picked":["Dash","Skewer"],"picked":"Prepared","floor":14.0},{"not_picked":["Cloak And Dagger","Masterful Stab+1"],"picked":"PiercingWail","floor":18},{"not_picked":["Flying Knee","Dodge and Roll","Deflect"],"picked":"SKIP","floor":19}],"player_experience":295030,"relics_obtained":[{"floor":7.0,"key":"Tiny Chest"},{"floor":10.0,"key":"Letter Opener"},{"floor":12.0,"key":"Gremlin Horn"}],"event_choices":[{"damage_healed":0.0,"max_hp_gain":0.0,"max_hp_loss":0.0,"gold_gain":0.0,"event_name":"Accursed Blacksmith","player_choice":"Rummage","floor":13.0,"gold_loss":0.0,"damage_taken":0.0,"relics_obtained":["WarpedTongs"],"cards_obtained":["Pain"]},{"damage_healed":0,"gold_gain":50,"player_choice":"Stole From Cult","damage_taken":0,"max_hp_gain":0,"max_hp_loss":0,"event_name":"Nest","floor":20,"gold_loss":0}],"is_beta":false,"boss_relics":[{"not_picked":["SacredBark","Philosopher\u0027s Stone"],"picked":"HoveringKite"}],"items_purged_floors":[],"is_endless":false,"potions_floor_spawned":[2,4,10],"killed_by":"3 Cultists","ascension_level":20}}