{"host":"1dhlu4qzehvrzpot","time":1614010098,"event":{"mods":["2.2 Compatiblity","AchievementEnabler","BaseMod","Block Reminder","Minty Spire (QoL Compilation)","Permanent Neow","Quick Restart","Rare Cards Sparkle","Relic Stats","Say the Spire","Slay-I","StSLib","SuperFastMode"],"gold_per_floor":[113,113,125,145,155,155,167,167,220,220,253,265,279,314,314,416,416,435,446,446,446,465,496,496,496,520,520,532,557,72,92,92,189,189,205,205,255,326,340,368,381,414,414,449,462,272,327,342,342,342],"floor_reached":51,"language":"ENG","playtime":1827,"items_purged":["Reprogram","Zap+1"],"score":1352,"play_id":"a8a81cc6-d712-4da6-ab5f-10db2f1c2ec7","local_time":"20210222170818","is_ascension_mode":true,"campfire_choices":[{"data":"Core Surge","floor":6.0,"key":"SMITH"},{"data":"Dualcast","floor":8.0,"key":"SMITH"},{"data":"Zap","floor":10.0,"key":"SMITH"},{"floor":15.0,"key":"REST"},{"floor":24.0,"key":"REST"},{"floor":27.0,"key":"REST"},{"data":"Creative AI","floor":32.0,"key":"SMITH"},{"data":"Fission","floor":49,"key":"SMITH"}],"circlet_count":0,"master_deck":["AscendersBane","Dualcast+1","Core Surge+1","Coolheaded","Go for the Eyes+1","Cold Snap","Coolheaded","Chill","Creative AI+1","Undo","Lockon","Biased Cognition","Conserve Battery","Coolheaded+1","Streamline+1","Darkness","Beam Cell+1","Heatsinks","Glacier","Fission+1","Glacier","Storm","Loop","Core Surge"],"relics":["Cracked Core","Whetstone","Ornamental Fan","DataDisk","Pandora\u0027s Box","MealTicket","Orichalcum","Tiny Chest","Eternal Feather","Runic Capacitor","Pantograph","Sozu","Bird Faced Urn","The Courier","InkBottle","Dream Catcher","Sundial","Prayer Wheel"],"acts_visited":["Exordium","TheCity","TheBeyond"],"potions_floor_usage":[40],"damage_taken":[{"damage":1.0,"enemies":"2 Louse","floor":1.0,"turns":2.0},{"damage":0.0,"enemies":"Cultist","floor":3.0,"turns":3.0},{"damage":2.0,"enemies":"Jaw Worm","floor":4.0,"turns":3.0},{"damage":3.0,"enemies":"Blue Slaver","floor":5.0,"turns":5.0},{"damage":9.0,"enemies":"Gremlin Gang","floor":7.0,"turns":6.0},{"damage":17.0,"enemies":"3 Sentries","floor":11.0,"turns":8.0},{"damage":4.0,"enemies":"3 Louse","floor":12.0,"turns":3.0},{"damage":0.0,"enemies":"2 Fungi Beasts","floor":13.0,"turns":3.0},{"damage":6.0,"enemies":"Lagavulin","floor":14.0,"turns":6.0},{"damage":4.0,"enemies":"The Guardian","floor":16.0,"turns":16.0},{"damage":2.0,"enemies":"Spheric Guardian","floor":18.0,"turns":4.0},{"damage":0.0,"enemies":"Shell Parasite","floor":19.0,"turns":5.0},{"damage":0.0,"enemies":"Cultist and Chosen","floor":22.0,"turns":6.0},{"damage":60.0,"enemies":"Gremlin Leader","floor":23.0,"turns":8.0},{"damage":3.0,"enemies":"3 Cultists","floor":28.0,"turns":6.0},{"damage":1.0,"enemies":"Slavers","floor":29.0,"turns":9.0},{"damage":11.0,"enemies":"Snake Plant","floor":31.0,"turns":3.0},{"damage":21.0,"enemies":"Collector","floor":33.0,"turns":11.0},{"damage":6.0,"enemies":"3 Darklings","floor":35.0,"turns":7.0},{"damage":1.0,"enemies":"Mind Bloom Boss Battle","floor":37.0,"turns":6.0},{"damage":0.0,"enemies":"Orb Walker","floor":39.0,"turns":3.0},{"damage":0,"enemies":"Giant Head","floor":40,"turns":9},{"damage":4,"enemies":"Transient","floor":41,"turns":5},{"damage":0,"enemies":"Nemesis","floor":42,"turns":7},{"damage":1,"enemies":"Giant Head","floor":44,"turns":10},{"damage":0,"enemies":"Jaw Worm Horde","floor":45,"turns":5},{"damage":19,"enemies":"2 Orb Walkers","floor":47,"turns":6},{"damage":18,"enemies":"Writhing Mass","floor":48,"turns":4},{"damage":21,"enemies":"Time Eater","floor":50,"turns":11}],"seed_played":"-180203073841756939","potions_obtained":[{"floor":4.0,"key":"LiquidMemories"},{"floor":5.0,"key":"ColorlessPotion"},{"floor":12.0,"key":"SpeedPotion"},{"floor":13.0,"key":"AttackPotion"},{"floor":14.0,"key":"SkillPotion"},{"floor":18.0,"key":"FocusPotion"},{"floor":29.0,"key":"FocusPotion"},{"floor":33.0,"key":"Ancient Potion"}],"is_trial":false,"path_per_floor":["M","?","M","M","M","R","M","R","T","R","E","M","M","E","R","B",null,"M","M","?","?","M","E","R","T","T","R","M","E","$","M","R","B",null,"M","?","?","T","M","E","M","E","T","E","M","$","?","M","R","B",null],"character_chosen":"DEFECT","items_purchased":["Runic Capacitor","Pantograph","Storm","Loop"],"campfire_rested":3,"item_purchase_floors":[30,30,46,46],"current_hp_per_floor":[49,49,49,47,44,44,35,35,35,35,18,14,14,8,30,26,63,61,61,61,61,61,1,23,23,23,45,42,41,56,45,57,54,70,64,64,74,74,75,75,75,75,75,75,75,75,70,63,75,66],"gold":342,"neow_bonus":"THREE_RARE_CARDS","is_daily":false,"chose_seed":false,"campfire_upgraded":5,"win_rate":0.0,"timestamp":1614010098,"path_taken":["M","?","M","?","M","R","M","R","T","R","E","M","M","E","R","BOSS","M","?","?","?","M","E","R","?","T","R","?","E","$","M","R","BOSS","M","?","?","?","M","E","M","E","T","E","M","$","?","?","R","BOSS"],"items_purchased_type":["Relic","Relic","Card","Card"],"build_version":"2020-12-22","purchased_purges":2,"victory":true,"max_hp_per_floor":[75,75,75,75,75,75,75,75,75,75,75,75,75,75,75,75,75,75,75,75,75,75,75,75,75,75,75,75,75,75,75,75,75,75,75,75,75,75,75,75,75,75,75,75,75,75,75,75,75,75],"relic_stats":{"counters":[29,180],"Eternal Feather":24,"Whetstone":["Go for the Eyes","Strike_B"],"Orichalcum":[210],"Sozu":3,"Dream Catcher":0,"Ornamental Fan":[140],"Sundial":[6],"Pantograph":29,"Bird Faced Urn":[43],"Pandora\u0027s Box":["Reprogram","Undo","Skim","Streamline","Lockon","Biased Cognition","Conserve Battery"],"MealTicket":15,"Tiny Chest":1,"Prayer Wheel":1,"obtain_stats":[{"Eternal Feather":29,"The Courier":40,"Runic Capacitor":30,"Whetstone":9,"Orichalcum":25,"Sozu":34,"DataDisk":14,"Dream Catcher":43,"Ornamental Fan":11,"Sundial":44,"Pantograph":30,"Bird Faced Urn":37,"Pandora\u0027s Box":17,"MealTicket":23,"Tiny Chest":26,"Prayer Wheel":47,"Cracked Core":0,"InkBottle":42},{"Eternal Feather":16,"The Courier":22,"Runic Capacitor":16,"Whetstone":5,"Orichalcum":14,"Sozu":18,"DataDisk":9,"Dream Catcher":24,"Ornamental Fan":6,"Sundial":25,"Pantograph":16,"Bird Faced Urn":20,"Pandora\u0027s Box":10,"MealTicket":14,"Tiny Chest":14,"Prayer Wheel":27,"Cracked Core":0,"InkBottle":24},{"Eternal Feather":93,"The Courier":132,"Runic Capacitor":93,"Whetstone":19,"Orichalcum":78,"Sozu":107,"DataDisk":39,"Dream Catcher":144,"Ornamental Fan":27,"Sundial":154,"Pantograph":93,"Bird Faced Urn":120,"Pandora\u0027s Box":55,"MealTicket":78,"Tiny Chest":78,"Prayer Wheel":165,"Cracked Core":0,"InkBottle":144}],"InkBottle":[17]},"card_choices":[{"not_picked":["Meteor Strike","Buffer"],"picked":"Core Surge","floor":0.0},{"not_picked":["Sweeping Beam","Streamline","Steam"],"picked":"SKIP","floor":1.0},{"not_picked":["Conserve Battery","Turbo","Steam"],"picked":"SKIP","floor":3.0},{"not_picked":["Consume","Streamline","Thunder Strike"],"picked":"SKIP","floor":4.0},{"not_picked":["Ball Lightning","Compile Driver"],"picked":"Coolheaded","floor":5.0},{"not_picked":["Redo","Sweeping Beam"],"picked":"Go for the Eyes","floor":7.0},{"not_picked":["Recycle","Redo","Darkness"],"picked":"SKIP","floor":11.0},{"not_picked":["Streamline","Rebound"],"picked":"Cold Snap","floor":12.0},{"not_picked":["Beam Cell","Stack"],"picked":"Coolheaded","floor":13.0},{"not_picked":["Amplify","Stack"],"picked":"Chill","floor":14.0},{"not_picked":["Meteor Strike","All For One"],"picked":"Creative AI","floor":16.0},{"not_picked":["Rebound","Ball Lightning"],"picked":"Coolheaded+1","floor":18.0},{"not_picked":["Sweeping Beam","Reprogram"],"picked":"Streamline+1","floor":19.0},{"not_picked":["Stack","Ball Lightning"],"picked":"Beam Cell+1","floor":22.0},{"not_picked":["Consume","Reinforced Body"],"picked":"Heatsinks","floor":23.0},{"not_picked":["Conserve Battery","Chaos","Barrage"],"picked":"SKIP","floor":28.0},{"not_picked":["Reprogram","Beam Cell","Fusion"],"picked":"SKIP","floor":29.0},{"not_picked":["Ball Lightning","Darkness","Hello World"],"picked":"SKIP","floor":31.0},{"not_picked":["Sweeping Beam","Genetic Algorithm","Fusion"],"picked":"SKIP","floor":35.0},{"not_picked":["Ball Lightning","Leap"],"picked":"Glacier","floor":39.0},{"not_picked":["Recycle","Chaos"],"picked":"Fission","floor":40},{"not_picked":["Redo","Sweeping Beam+1","Reinforced Body"],"picked":"SKIP","floor":41},{"not_picked":["Chaos","Genetic Algorithm","Cold Snap"],"picked":"SKIP","floor":42},{"not_picked":["Consume","Streamline"],"picked":"Glacier","floor":44},{"not_picked":["Ball Lightning","Hologram","Beam Cell+1"],"picked":"SKIP","floor":45},{"not_picked":["BootSequence","Go for the Eyes"],"picked":"Core Surge","floor":48},{"not_picked":["Tempest+1","Fusion","Go for the Eyes+1"],"picked":"SKIP","floor":48}],"player_experience":563034,"relics_obtained":[{"floor":9.0,"key":"Whetstone"},{"floor":11.0,"key":"Ornamental Fan"},{"floor":14.0,"key":"DataDisk"},{"floor":23.0,"key":"MealTicket"},{"floor":25.0,"key":"Orichalcum"},{"floor":26.0,"key":"Tiny Chest"},{"floor":29.0,"key":"Eternal Feather"},{"floor":37.0,"key":"Bird Faced Urn"},{"floor":40,"key":"The Courier"},{"floor":42,"key":"InkBottle"},{"floor":43,"key":"Dream Catcher"},{"floor":44,"key":"Sundial"},{"floor":47,"key":"Prayer Wheel"}],"event_choices":[{"cards_removed":["Strike_B"],"damage_healed":0.0,"max_hp_gain":0.0,"max_hp_loss":0.0,"gold_gain":0.0,"event_name":"Bonfire Elementals","player_choice":"Offered Basic","floor":2.0,"gold_loss":0.0,"damage_taken":0.0},{"damage_healed":0.0,"max_hp_gain":0.0,"max_hp_loss":0.0,"gold_gain":0.0,"event_name":"Vampires","player_choice":"Ignored","floor":20.0,"gold_loss":0.0,"damage_taken":0.0},{"damage_healed":0.0,"max_hp_gain":0.0,"max_hp_loss":0.0,"gold_gain":0.0,"cards_transformed":["Streamline","Skim"],"event_name":"Drug Dealer","player_choice":"Became Test Subject","floor":21.0,"gold_loss":0.0,"damage_taken":0.0,"cards_obtained":["Darkness","Scrape"]},{"cards_removed":["Scrape"],"damage_healed":0.0,"max_hp_gain":0.0,"max_hp_loss":0.0,"gold_gain":0.0,"event_name":"Falling","player_choice":"Removed Attack","floor":36.0,"gold_loss":0.0,"damage_taken":0.0},{"damage_healed":0.0,"max_hp_gain":0.0,"max_hp_loss":0.0,"gold_gain":0.0,"event_name":"MindBloom","player_choice":"Fight","floor":37.0,"gold_loss":0.0,"damage_taken":0.0},{"damage_healed":0,"gold_gain":0,"player_choice":"Fight","damage_taken":0,"max_hp_gain":0,"max_hp_loss":0,"event_name":"Mysterious Sphere","floor":47,"gold_loss":0}],"is_beta":false,"boss_relics":[{"not_picked":["Tiny House","Busted Crown"],"picked":"Pandora\u0027s Box"},{"not_picked":["Philosopher\u0027s Stone","Cursed Key"],"picked":"Sozu"}],"items_purged_floors":[30,46],"is_endless":false,"potions_floor_spawned":[4,5,12,13,14,18,19,29,33,37,39,40],"ascension_level":12}}