{"host":"oz4ht6ec7xzo36kd","time":1614016271,"event":{"mods":["Act Like it!","BaseMod","Friendly Minions","Marisa¡]Ãú«B¡@Å]²z¨F¡^","Minty Spire (QoL Compilation)","Remilia¡]Á¢¦Ì²ú?¡^","StSLib","The Marked","The Servant 0.9.4","WarShipGirlsR/??¤Ö¤kR mod","Youmu¡]»î¾z§¯?¡^"],"gold_per_floor":[116,116,116,116,129,129,187,187,187,187,18,31,31,61,61,137,187,207,207,218,234,254,254,254,254],"floor_reached":24,"language":"ZHT","playtime":734,"items_purged":[],"score":416,"play_id":"6f7e7de0-7d7d-4e9e-aeeb-cedda0f26ffd","local_time":"20210223015111","is_ascension_mode":true,"campfire_choices":[{"floor":6,"key":"RECALL"},{"data":"RedMoon","floor":8,"key":"SMITH"},{"data":"TricksterDevil","floor":10,"key":"SMITH"},{"data":"RedRainbow","floor":13,"key":"SMITH"},{"data":"VampirishNight","floor":15,"key":"SMITH"},{"data":"BatForm","floor":23,"key":"SMITH"}],"circlet_count":0,"master_deck":["AscendersBane","Strike_RM","Strike_RM","Strike_RM","Strike_RM","Defend_RM","Defend_RM","Defend_RM+1","RedMoon+1","ScarletShoot+1","NightDance+1","DiffusionOfMisfortune","TricksterDevil+1","RedRainbow+1","VampirishNight+1","BatForm+1","BombardNight","HunterOfTheNight","VampireKiss","UnstableMagic+1"],"relics":["ScarletHat","NeowsBlessing","Shuriken","Gungnir","Nunchaku","Tiny Chest","Tiny House"],"acts_visited":["Exordium","TheCity"],"potions_floor_usage":[14,21,24],"damage_taken":[{"damage":0,"enemies":"Cultist","floor":1,"turns":1},{"damage":0,"enemies":"Small Slimes","floor":5,"turns":1},{"damage":0,"enemies":"3 Sentries","floor":7,"turns":1},{"damage":0,"enemies":"2 Louse","floor":12,"turns":2},{"damage":0,"enemies":"Lagavulin","floor":14,"turns":6},{"damage":21,"enemies":"Hexaghost","floor":16,"turns":8},{"damage":9,"enemies":"3 Byrds","floor":18,"turns":3},{"damage":6,"enemies":"Shell Parasite","floor":20,"turns":3},{"damage":28,"enemies":"Centurion and Healer","floor":21,"turns":7},{"damage":20,"enemies":"Snake Plant","floor":22,"turns":2},{"damage":31,"enemies":"Book of Stabbing","floor":24,"turns":4}],"seed_played":"-7859168851001429354","potions_obtained":[{"floor":5,"key":"EssenceOfSteel"},{"floor":14,"key":"SpeedPotion"},{"floor":16,"key":"SkillPotion"},{"floor":17,"key":"LiquidMemories"}],"is_trial":false,"path_per_floor":["M","$","?","?","M","R","?","R","T","R","$","M","R","E","R","B",null,"M","?","M","M","M","R","E"],"character_chosen":"REMILIA","items_purchased":["Nunchaku"],"campfire_rested":0,"item_purchase_floors":[11],"current_hp_per_floor":[63,63,42,35,35,35,35,35,35,35,35,38,38,42,42,38,67,70,49,48,37,20,20,0,0],"gold":254,"neow_bonus":"THREE_ENEMY_KILL","is_daily":false,"chose_seed":false,"campfire_upgraded":5,"win_rate":0.0,"timestamp":1614016271,"path_taken":["M","?","?","?","M","R","?","R","T","R","?","?","R","E","R","BOSS","M","?","M","M","M","R","E"],"items_purchased_type":["Relic"],"build_version":"2020-12-22","purchased_purges":0,"victory":false,"max_hp_per_floor":[70,70,70,70,70,70,70,70,70,70,70,70,70,70,70,70,75,75,80,80,80,80,80,80,80],"card_choices":[{"not_picked":["VampireKiss","BombardNight"],"picked":"NightDance","floor":1},{"not_picked":["CharismaGuard","BlasphemousPunishment"],"picked":"DiffusionOfMisfortune","floor":5},{"not_picked":["VampireKiss","NightDance"],"picked":"TricksterDevil","floor":7},{"not_picked":["NightDance","RedMagic"],"picked":"RedRainbow","floor":12},{"not_picked":["NightDance","UnstableMagic"],"picked":"VampirishNight","floor":14},{"not_picked":["HeartBreak","BloodRain"],"picked":"BatForm","floor":16},{"not_picked":["StarOfDavid","ScarletImprint"],"picked":"BombardNight","floor":18},{"not_picked":["BloodySeventeenLaser","BloodyTrap"],"picked":"HunterOfTheNight","floor":20},{"not_picked":["UnderTheZenith","BlasphemousPunishment"],"picked":"VampireKiss","floor":21},{"not_picked":["ScarletDevilSign","Septette"],"picked":"UnstableMagic+1","floor":22}],"player_experience":431306,"relics_obtained":[{"floor":7,"key":"Shuriken"},{"floor":9,"key":"Gungnir"},{"floor":14,"key":"Tiny Chest"}],"event_choices":[{"damage_healed":0,"gold_gain":0,"player_choice":"Entered Light","damage_taken":21,"max_hp_gain":0,"max_hp_loss":0,"event_name":"Shining Light","floor":3,"gold_loss":0,"cards_upgraded":["NightDance","ScarletShoot"]},{"cards_removed":["Defend_RM"],"damage_healed":0,"gold_gain":0,"player_choice":"Card Removal","damage_taken":7,"max_hp_gain":0,"max_hp_loss":0,"event_name":"Golden Wing","floor":4,"gold_loss":0},{"damage_healed":0,"gold_gain":0,"player_choice":"Searched \u00271\u0027 times","damage_taken":0,"max_hp_gain":0,"max_hp_loss":0,"event_name":"Dead Adventurer","floor":7,"gold_loss":0},{"damage_healed":0,"gold_gain":0,"player_choice":"Shed Blood","damage_taken":26,"max_hp_gain":5,"max_hp_loss":0,"event_name":"Forgotten Altar","floor":19,"gold_loss":0}],"is_beta":false,"boss_relics":[{"not_picked":["Empty Cage","Busted Crown"],"picked":"Tiny House"}],"items_purged_floors":[],"is_endless":false,"potions_floor_spawned":[5,14,16,20],"killed_by":"Book of Stabbing","ascension_level":18}}