{"host":"1c52r9kaxdyo25eq","time":1614004048,"event":{"mods":["AchievementEnabler","BaseMod","DeckTracker","Minty Spire (QoL Compilation)","Rare Cards Sparkle","SuperFastMode","everything is the same but u backflip on backflip"],"gold_per_floor":[114,132,146,146,156,156,172,172,172],"floor_reached":8,"language":"KOR","playtime":217,"items_purged":[],"score":123,"play_id":"b3ff324a-7321-4f81-bc19-b537a7479e5f","local_time":"20210222232728","is_ascension_mode":true,"campfire_choices":[{"data":"Feed","floor":6.0,"key":"SMITH"}],"circlet_count":0,"master_deck":["AscendersBane","Strike_R","Strike_R","Strike_R","Strike_R","Defend_R","Defend_R","Defend_R","Defend_R","Bash","Feed+1","Clothesline","Power Through","Dual Wield","Offering"],"relics":["Burning Blood"],"acts_visited":["Exordium"],"potions_floor_usage":[8],"damage_taken":[{"damage":4.0,"enemies":"2 Louse","floor":1.0,"turns":4.0},{"damage":15.0,"enemies":"Small Slimes","floor":2.0,"turns":3.0},{"damage":6.0,"enemies":"Jaw Worm","floor":3.0,"turns":4.0},{"damage":34.0,"enemies":"Exordium Thugs","floor":5.0,"turns":5.0},{"damage":9,"enemies":"3 Louse","floor":7,"turns":5},{"damage":40,"enemies":"Lagavulin","floor":8,"turns":6}],"seed_played":"8808659089475386534","potions_obtained":[{"floor":3.0,"key":"Explosive Potion"},{"floor":5.0,"key":"Fire Potion"}],"is_trial":false,"path_per_floor":["M","M","M","?","M","R","M","E"],"character_chosen":"IRONCLAD","items_purchased":[],"campfire_rested":0,"item_purchase_floors":[],"current_hp_per_floor":[73,67,70,70,45,45,50,10,10],"gold":172,"neow_bonus":"ONE_RANDOM_RARE_CARD","is_daily":false,"chose_seed":false,"campfire_upgraded":1,"win_rate":0.0,"timestamp":1614004048,"path_taken":["M","M","M","?","M","R","M","E"],"items_purchased_type":[],"build_version":"2020-12-22","purchased_purges":0,"victory":false,"max_hp_per_floor":[78,81,84,84,87,87,95,95,95],"card_choices":[{"not_picked":["Wild Strike","Iron Wave"],"picked":"Clothesline","floor":1.0},{"not_picked":["Cleave","Headbutt"],"picked":"Power Through","floor":2.0},{"not_picked":["Twin Strike","Thunderclap","Whirlwind"],"picked":"SKIP","floor":3.0},{"not_picked":["Havoc","Anger","Whirlwind"],"picked":"SKIP","floor":5.0},{"not_picked":["Iron Wave","Sword Boomerang"],"picked":"Offering","floor":7}],"player_experience":658597,"relics_obtained":[],"event_choices":[{"damage_healed":0.0,"max_hp_gain":0.0,"max_hp_loss":0.0,"gold_gain":0.0,"cards_transformed":["Strike_R"],"event_name":"Living Wall","player_choice":"Change","floor":4.0,"gold_loss":0.0,"damage_taken":0.0,"cards_obtained":["Dual Wield"]}],"is_beta":false,"boss_relics":[],"items_purged_floors":[],"is_endless":false,"potions_floor_spawned":[3,5],"killed_by":"Lagavulin","ascension_level":19}}