{"host":"en4narc5947t7k9n","time":1614018387,"event":{"mods":["AchievementEnabler","BaseMod","Colored Map","Minty Spire (QoL Compilation)","SuperFastMode"],"gold_per_floor":[110,130,130,55,55,81,81,108,131,145,145,95,115,115,115,115,115],"floor_reached":16,"language":"KOR","playtime":931,"items_purged":["Strike_G"],"score":133,"play_id":"6a88dfd9-a528-4e35-9f34-94e5f00da62f","local_time":"20210223032627","is_ascension_mode":false,"campfire_choices":[{"floor":7,"key":"RECALL"},{"floor":11,"key":"REST"},{"data":"Wraith Form v2","floor":15,"key":"SMITH"}],"circlet_count":0,"master_deck":["Strike_G","Strike_G","Defend_G","Defend_G","Defend_G","Defend_G","Defend_G","Survivor","Neutralize","Backstab","Prepared","Dodge and Roll","Catalyst","Dash","Wraith Form v2+1"],"relics":["Ring of the Snake","NeowsBlessing","Juzu Bracelet","White Beast Statue","Pen Nib","Dream Catcher"],"acts_visited":["Exordium"],"potions_floor_usage":[8,16,16,16],"damage_taken":[{"damage":0,"enemies":"Jaw Worm","floor":1,"turns":1},{"damage":0,"enemies":"Cultist","floor":2,"turns":1},{"damage":0,"enemies":"Gremlin Nob","floor":6,"turns":1},{"damage":46,"enemies":"3 Sentries","floor":8,"turns":19},{"damage":0,"enemies":"2 Louse","floor":10,"turns":4},{"damage":6,"enemies":"Large Slime","floor":13,"turns":10},{"damage":42,"enemies":"Hexaghost","floor":16,"turns":16}],"seed_played":"-5558112431759342970","potions_obtained":[{"floor":1,"key":"AttackPotion"},{"floor":8,"key":"EssenceOfSteel"},{"floor":10,"key":"FearPotion"},{"floor":13,"key":"GhostInAJar"}],"is_trial":false,"path_per_floor":["M","M","?","$","T","E","R","E","T","M","R","?","M","?","R","B"],"character_chosen":"THE_SILENT","items_purchased":[],"campfire_rested":1,"item_purchase_floors":[],"current_hp_per_floor":[70,70,70,70,70,70,70,24,24,24,45,45,39,39,39,0,0],"gold":115,"neow_bonus":"THREE_ENEMY_KILL","is_daily":false,"chose_seed":false,"campfire_upgraded":1,"win_rate":0.0,"timestamp":1614018387,"path_taken":["M","M","?","$","?","E","R","E","T","M","R","?","M","?","R","BOSS"],"items_purchased_type":[],"build_version":"2020-12-22","purchased_purges":1,"victory":false,"max_hp_per_floor":[70,70,70,70,70,70,70,70,70,70,70,70,70,70,70,70,70],"card_choices":[{"not_picked":["Predator","Escape Plan"],"picked":"Backstab","floor":1},{"not_picked":["Predator","Flying Knee"],"picked":"Prepared","floor":2},{"not_picked":["Underhanded Strike","Blade Dance"],"picked":"Dodge and Roll","floor":6},{"not_picked":["Acrobatics","Riddle With Holes"],"picked":"Catalyst","floor":8},{"not_picked":["Escape Plan","Outmaneuver"],"picked":"Dash","floor":10},{"not_picked":["Blade Dance","Blur"],"picked":"Wraith Form v2","floor":13}],"player_experience":170750,"relics_obtained":[{"floor":5,"key":"Juzu Bracelet"},{"floor":6,"key":"White Beast Statue"},{"floor":8,"key":"Pen Nib"}],"event_choices":[{"cards_removed":["Strike_G"],"damage_healed":0,"gold_gain":0,"player_choice":"Offered Basic","damage_taken":0,"max_hp_gain":0,"max_hp_loss":0,"event_name":"Bonfire Elementals","floor":3,"gold_loss":0},{"cards_removed":["Strike_G"],"damage_healed":0,"gold_gain":0,"player_choice":"Card Removal","damage_taken":0,"max_hp_gain":0,"max_hp_loss":0,"event_name":"The Cleric","floor":12,"gold_loss":50},{"damage_healed":0,"gold_gain":0,"player_choice":"Searched \u00271\u0027 times","damage_taken":0,"relics_obtained":["Dream Catcher"],"max_hp_gain":0,"max_hp_loss":0,"event_name":"Dead Adventurer","floor":14,"gold_loss":0}],"is_beta":false,"boss_relics":[],"items_purged_floors":[4],"is_endless":false,"potions_floor_spawned":[1,8,10,13],"killed_by":"Hexaghost","ascension_level":0}}