{"host":"qnonbmyem8gan59d","time":1614028495,"event":{"mods":["BaseMod","Colored Powertips","Downfall","Hermit","Minty Spire (QoL Compilation)","Replay The Spire","StSLib"],"gold_per_floor":[99,99,99,99,169,183,183,333,361,381,392,408,408,408,208,233,249,249,249,249],"floor_reached":18,"language":"ENG","playtime":2024,"items_purged":[],"score":120,"play_id":"fe2111f9-2dce-4b52-8851-c1ad45e53c63","local_time":"20210222151455","is_ascension_mode":false,"campfire_choices":[{"floor":1.0,"key":"DIG"},{"floor":15,"key":"REST"}],"circlet_count":0,"master_deck":["sneckomod:Strike","sneckomod:Strike","sneckomod:Strike","sneckomod:Defend","sneckomod:Defend","sneckomod:Defend","sneckomod:TailWhip","sneckomod:SnekBite","sneckomod:Unknown","sneckomod:Unknown","sneckomod:WideSting","sneckomod:IronFang","sneckomod:ImprovisedAttack","Injury","sneckomod:SoulDraw","sneckomod:WideSting","sneckomod:UnknownUncommonPower","downfall:Icky","sneckomod:UnknownStrike","sneckomod:QuickMove","sneckomod:UnknownCommonAttack","sneckomod:SnakeSap","sneckomod:UnknownBlock","sneckomod:SoulDraw"],"relics":["sneckomod:SneckoSoul","downfall:HeartsMalice","Matryoshka","ReplayTheSpireMod:CursedCoin","ReplayTheSpireMod:TigerMarble","Gambling Chip","downfall:HeartBlessingGreen","downfall:HeartBlessingBlue","Orichalcum"],"acts_visited":["Exordium"],"potions_floor_usage":[16],"damage_taken":[{"damage":0.0,"enemies":"2 Louse","floor":2.0,"turns":1.0},{"damage":0.0,"enemies":"Cultist","floor":4.0,"turns":1.0},{"damage":0.0,"enemies":"downfall:FleeingMerchant","floor":5.0,"turns":1.0},{"damage":8.0,"enemies":"Small Slimes","floor":6.0,"turns":3.0},{"damage":35.0,"enemies":"Lagavulin","floor":9.0,"turns":5.0},{"damage":1.0,"enemies":"Red Slaver","floor":10.0,"turns":3.0},{"damage":6,"enemies":"Gremlin Gang","floor":11,"turns":6},{"damage":2,"enemies":"downfall:LooterAlt","floor":12,"turns":3},{"damage":12,"enemies":"3 Sentries","floor":16,"turns":4},{"damage":26,"enemies":"Large Slime","floor":17,"turns":4},{"damage":66,"enemies":"IC_STATUS_ARCHETYPE","floor":18,"turns":10}],"seed_played":"7656102776814964704","potions_obtained":[{"floor":6.0,"key":"Fire Potion"},{"floor":9.0,"key":"DistilledChaos"},{"floor":10.0,"key":"sneckomod:MuddlingPotion"},{"floor":11,"key":"sneckomod:OffclassReductionPotion"}],"is_trial":false,"path_per_floor":["R","M","?","M","$","M","T","?","E","M","M","M","PTL","PTL","R","E","M","B"],"character_chosen":"THE_SNECKO","items_purchased":["ReplayTheSpireMod:CursedCoin","sneckomod:SoulDraw","sneckomod:WideSting"],"campfire_rested":1,"item_purchase_floors":[5,5,5],"current_hp_per_floor":[90,90,90,90,90,82,82,82,47,46,40,38,38,38,78,70,65,0,0,0],"gold":249,"neow_bonus":"THREE_ENEMY_KILL","is_daily":false,"chose_seed":false,"campfire_upgraded":0,"win_rate":0.0,"timestamp":1614028495,"path_taken":["R","M","?","M","?","M","T","?","E","M","M","M","PTL","PTL","R","E","M","BOSS"],"items_purchased_type":["Relic","Card","Card"],"build_version":"2020-12-22","purchased_purges":0,"victory":false,"max_hp_per_floor":[90,90,90,90,90,90,90,90,90,90,90,90,90,90,100,100,100,100,100,100],"card_choices":[{"not_picked":["sneckomod:UnknownBlock","sneckomod:UnknownUncommonPower"],"picked":"sneckomod:WideSting","floor":2.0},{"not_picked":["sneckomod:Nope","sneckomod:Unknown1Cost"],"picked":"sneckomod:IronFang","floor":4.0},{"not_picked":["sneckomod:SoulDraw","sneckomod:Nope"],"picked":"sneckomod:ImprovisedAttack","floor":5.0},{"not_picked":["sneckomod:SerpentIdol","sneckomod:Rotation"],"picked":"sneckomod:UnknownUncommonPower","floor":6.0},{"not_picked":["sneckomod:Mudshield","sneckomod:Unknown3Cost"],"picked":"sneckomod:UnknownStrike","floor":9.0},{"not_picked":["sneckomod:Unknown1Cost","sneckomod:UnknownCommonSkill"],"picked":"sneckomod:QuickMove","floor":10.0},{"not_picked":["sneckomod:DiceCrush","sneckomod:IronFang"],"picked":"sneckomod:UnknownCommonAttack","floor":11},{"not_picked":["sneckomod:SlitherStrike","sneckomod:UnknownX"],"picked":"sneckomod:SnakeSap","floor":12},{"not_picked":["sneckomod:Unknown1Cost","sneckomod:Nope"],"picked":"sneckomod:UnknownBlock","floor":16},{"not_picked":["sneckomod:DangerNoodle","sneckomod:DiceBlock"],"picked":"sneckomod:SoulDraw","floor":17}],"player_experience":136734,"relics_obtained":[{"floor":1.0,"key":"Matryoshka"},{"floor":7.0,"key":"ReplayTheSpireMod:TigerMarble"},{"floor":9.0,"key":"Gambling Chip"},{"floor":16,"key":"Orichalcum"}],"event_choices":[],"is_beta":false,"boss_relics":[],"items_purged_floors":[],"is_endless":false,"potions_floor_spawned":[6,9,10,11],"killed_by":"IC_STATUS_ARCHETYPE","ascension_level":0}}