{"host":"snampf0t8p8psf53","time":1614031776,"event":{"mods":["AchievementEnabler","BaseMod","Bestiary","Curses Come First","DeckTracker","Minty Spire (QoL Compilation)","Permanent Neow","StSLib","SuperFastMode"],"gold_per_floor":[119,134,145,159,177,203,203,213,239,239,239],"floor_reached":10,"language":"ENG","playtime":569,"items_purged":[],"score":76,"play_id":"54b838a8-b737-4a3f-927b-66441fa3bec6","local_time":"20210222140936","is_ascension_mode":true,"campfire_choices":[],"circlet_count":0,"master_deck":["Bash","Twin Strike","Hemokinesis","Offering","Inflame","Exhume","Iron Wave","Armaments","Iron Wave","Second Wind","Shrug It Off","Armaments","Evolve+1","Burning Pact","Fire Breathing"],"relics":["Pandora\u0027s Box","Paper Frog","Ancient Tea Set"],"acts_visited":["Exordium"],"potions_floor_usage":[10,10],"damage_taken":[{"damage":14,"enemies":"2 Louse","floor":1,"turns":1},{"damage":10,"enemies":"Cultist","floor":2,"turns":2},{"damage":5,"enemies":"Small Slimes","floor":3,"turns":3},{"damage":17,"enemies":"Blue Slaver","floor":4,"turns":3},{"damage":8,"enemies":"Large Slime","floor":5,"turns":4},{"damage":18,"enemies":"Lagavulin","floor":6,"turns":5},{"damage":1,"enemies":"2 Fungi Beasts","floor":8,"turns":4},{"damage":10,"enemies":"Gremlin Nob","floor":10,"turns":3}],"seed_played":"-7608078401640117242","potions_obtained":[{"floor":3,"key":"AttackPotion"},{"floor":5,"key":"SkillPotion"},{"floor":8,"key":"GamblersBrew"}],"is_trial":false,"path_per_floor":["M","M","M","M","M","E","?","M","T","E"],"character_chosen":"IRONCLAD","items_purchased":[],"campfire_rested":0,"item_purchase_floors":[],"current_hp_per_floor":[66,56,51,34,26,8,8,7,7,0,0],"gold":239,"neow_bonus":"BOSS_RELIC","is_daily":false,"chose_seed":false,"campfire_upgraded":0,"win_rate":0.0,"timestamp":1614031776,"path_taken":["M","M","M","M","M","E","?","?","T","E"],"items_purchased_type":[],"build_version":"2020-12-22","purchased_purges":0,"victory":false,"max_hp_per_floor":[80,80,80,80,80,80,80,80,80,80,80],"card_choices":[{"not_picked":["Flex","Warcry"],"picked":"Shrug It Off","floor":1},{"not_picked":["Sword Boomerang","Seeing Red"],"picked":"Armaments","floor":2},{"not_picked":["Anger","Armaments"],"picked":"Evolve","floor":3},{"not_picked":["Searing Blow","Thunderclap"],"picked":"Burning Pact","floor":4},{"not_picked":["Pummel","Combust"],"picked":"Fire Breathing","floor":5},{"not_picked":["Berserk","Metallicize","Pummel"],"picked":"SKIP","floor":6},{"not_picked":["Spot Weakness","Blood for Blood","Infernal Blade"],"picked":"SKIP","floor":8}],"player_experience":173434,"relics_obtained":[{"floor":6,"key":"Paper Frog"},{"floor":9,"key":"Ancient Tea Set"}],"event_choices":[{"damage_healed":0,"gold_gain":0,"player_choice":"Forge","damage_taken":0,"max_hp_gain":0,"max_hp_loss":0,"event_name":"Accursed Blacksmith","floor":7,"gold_loss":0,"cards_upgraded":["Evolve"]}],"is_beta":false,"boss_relics":[],"items_purged_floors":[],"is_endless":false,"potions_floor_spawned":[3,5,8],"killed_by":"Gremlin Nob","ascension_level":1}}