{"host":"og21o26alpnbwmz8","time":1614024951,"event":{"mods":["2.2 Compatiblity","A Magickal Journey","Act Like it!","Aspiration","BaseMod","Conspire","Downfall","Gensokyo","GungeonMod","Halation","Hubris","Jedi Mod","Magitek Elite","Mimic Mod","Minty Spire (QoL Compilation)","Pale of the Ancients","Reliquary","Replay The Spire","Shop Mod","Spikes Relics","StSLib","The Alterego","The Animator","The Blue Laboratory","The Bug Knight","The Exalted","The Florist","The Poker Player","The Saiyan","Waifu the Spire","Yuri Mod"],"gold_per_floor":[110,130,144,144,176,205,220,220,220,92,92,110,110,110,110,212,212,230,130,142,160,160,186,216,216,216,216,216],"floor_reached":27,"language":"ENG","playtime":1147,"items_purged":["animator:Strike","animator:Strike"],"score":235,"play_id":"d040c8c3-04e9-4e4e-ab65-d2c7dcbed959","local_time":"20210222151551","is_ascension_mode":false,"campfire_choices":[{"data":"animator:Scar","floor":8,"key":"SMITH"},{"data":"animator:ElricEdward","floor":11,"key":"SMITH"},{"data":"animator:Sloth","floor":13,"key":"SMITH"},{"data":"animator:ElricEdward","floor":15,"key":"SMITH"},{"data":"animator:Greed","floor":25,"key":"SMITH"}],"circlet_count":0,"master_deck":["animator:Strike_FullmetalAlchemist","animator:Defend_FullmetalAlchemist","animator:Strike","animator:Defend","animator:Defend","animator:Defend","animator:ElricEdward+1","animator:ElricAlphonse","animator:ElricEdward+1","animator:ElricEdward","animator:Scar+1","animator:Sloth+1","animator:Truth","animator:Greed+1","animator:Pride"],"relics":["animator:LivingPicture","animator:TheMissingPiece","Boot","halation:PinkSoulGem","animator:Hoodie","SpikesRelics:ToyHorsey","Replay:Bronze Core","animator:CursedGlyph","aspiration:HiddenCompartment","DemoMod:GlassGuonStoneRelic","jedi:shrinkray","conspire:Dentures"],"acts_visited":["Exordium","TheCity"],"potions_floor_usage":[],"damage_taken":[{"damage":0,"enemies":"2 Louse","floor":1,"turns":3},{"damage":1,"enemies":"Small Slimes","floor":2,"turns":5},{"damage":0,"enemies":"Cultist","floor":3,"turns":2},{"damage":6,"enemies":"Looter","floor":5,"turns":3},{"damage":36,"enemies":"3 Sentries","floor":6,"turns":8},{"damage":0,"enemies":"Lots of Slimes","floor":7,"turns":1},{"damage":0,"enemies":"2 Fungi Beasts","floor":12,"turns":3},{"damage":14,"enemies":"Hexaghost","floor":16,"turns":5},{"damage":15,"enemies":"2 Thieves","floor":18,"turns":3},{"damage":0,"enemies":"3 Byrds","floor":20,"turns":2},{"damage":2,"enemies":"Snake Plant","floor":21,"turns":4},{"damage":23,"enemies":"animator:HornedBat","floor":23,"turns":11},{"damage":0,"enemies":"Centurion and Healer","floor":24,"turns":4},{"damage":0,"enemies":"Gremlin Leader","floor":27,"turns":2}],"seed_played":"-7210375739846602547","potions_obtained":[{"floor":3,"key":"blueLaboratory:BubblePotion"},{"floor":5,"key":"Milkshake"},{"floor":12,"key":"blueLaboratory:NullPotion"},{"floor":24,"key":"AttackPotion"}],"is_trial":false,"path_per_floor":["M","M","M","?","M","E","M","R","T","$","R","M","R","?","R","B",null,"M","$","M","M","?","E","M","R","T","E"],"character_chosen":"THE_ANIMATOR","items_purchased":["animator:Sloth"],"campfire_rested":0,"item_purchase_floors":[10],"current_hp_per_floor":[66,65,65,65,59,23,26,26,26,26,26,29,29,29,29,15,72,57,57,60,59,59,36,39,39,39,39,39],"gold":216,"neow_bonus":"RANDOM_COMMON_RELIC","is_daily":false,"chose_seed":false,"campfire_upgraded":5,"win_rate":0.0,"timestamp":1614024951,"path_taken":["M","M","M","?","M","E","M","R","T","$","R","M","R","?","R","BOSS","M","$","?","M","?","E","?","R","T","E"],"items_purchased_type":["Card"],"build_version":"2020-12-22","purchased_purges":2,"victory":false,"max_hp_per_floor":[66,66,66,66,66,66,69,69,69,69,69,72,72,72,72,72,72,68,68,71,72,72,72,75,75,75,75,75],"card_choices":[{"not_picked":["animator:Gillette","animator:Guy","animator:TukaLunaMarceau"],"picked":"SKIP","floor":1},{"not_picked":["animator:OrikoMikuni","animator:ZankiKiguchi"],"picked":"animator:ElricEdward","floor":2},{"not_picked":["animator:Azekura","animator:Sebas"],"picked":"animator:ElricEdward","floor":3},{"not_picked":["animator:MaesHughes","animator:RoyMustang"],"picked":"animator:Scar","floor":5},{"not_picked":["animator:Demiurge","animator:Emonzaemon","animator:Shichika"],"picked":"SKIP","floor":6},{"not_picked":["animator:Gluttony","animator:Shalltear","animator:Verdia"],"picked":"SKIP","floor":7},{"not_picked":["animator:Darkness","animator:Cocytus","animator:OrikoMikuni"],"picked":"SKIP","floor":12},{"not_picked":["animator:Scar","animator:Gluttony"],"picked":"animator:Truth","floor":18},{"not_picked":["animator:Arpeggio","animator:Emonzaemon+1","animator:Shichika+1"],"picked":"SKIP","floor":20},{"not_picked":["animator:NarberalGamma","animator:ElricAlphonse"],"picked":"animator:Greed","floor":21},{"not_picked":["animator:Hitei","animator:PandorasActor","animator:Viivi+1"],"picked":"SKIP","floor":23},{"not_picked":["animator:MaesHughes","animator:Gluttony"],"picked":"animator:Pride","floor":24}],"player_experience":437903,"relics_obtained":[{"floor":6,"key":"animator:Hoodie"},{"floor":9,"key":"SpikesRelics:ToyHorsey"},{"floor":18,"key":"animator:CursedGlyph"},{"floor":23,"key":"jedi:shrinkray"},{"floor":26,"key":"conspire:Dentures"}],"event_choices":[{"damage_healed":0,"gold_gain":0,"player_choice":"0 cards matched","damage_taken":0,"max_hp_gain":0,"max_hp_loss":0,"event_name":"Match and Keep!","floor":14,"gold_loss":0,"cards_obtained":[]},{"damage_healed":0,"gold_gain":0,"player_choice":"Gave Potion","damage_taken":0,"relics_obtained":["aspiration:HiddenCompartment"],"max_hp_gain":0,"max_hp_loss":0,"event_name":"WeMeetAgain","floor":22,"gold_loss":0}],"is_beta":false,"boss_relics":[{"not_picked":["Ectoplasm","SacredBark"],"picked":"Replay:Bronze Core"}],"items_purged_floors":[10,19],"is_endless":false,"potions_floor_spawned":[3,5,12,20,24],"killed_by":"Gremlin Leader","ascension_level":0}}