{"host":"8rgpnls124hwjv5t","time":1614032509,"event":{"mods":["BaseMod","Colored Map","Colored Powertips","DeckTracker","Highlight Path","Minty Spire (QoL Compilation)","Permanent Neow","Quick Restart","Relic Stats","Shop Mod","StSLib"],"gold_per_floor":[119,137,137,2,22,22,56,56,56,73,102,114,177,204,204,204,204],"floor_reached":16,"language":"ENG","playtime":1309,"items_purged":[],"score":234,"play_id":"477c8c4f-1e04-4045-8b90-e411e51d89e2","local_time":"20210222172149","is_ascension_mode":true,"campfire_choices":[{"data":"Dagger Spray","floor":6,"key":"SMITH"},{"data":"Footwork","floor":8,"key":"SMITH"},{"floor":15,"key":"REST"}],"circlet_count":0,"master_deck":["AscendersBane","Strike_G","Strike_G","Strike_G","Strike_G","Defend_G","Defend_G","Defend_G","Defend_G","Defend_G","Survivor","Neutralize","Cloak And Dagger","Dagger Spray+1","Footwork+1","Riddle With Holes","After Image","Terror","Infinite Blades","PiercingWail","Blur","Escape Plan"],"relics":["Ring of the Snake","Lantern","Peace Pipe","Bottled Flame","White Beast Statue","Ginger","Omamori"],"acts_visited":["Exordium"],"potions_floor_usage":[7,11,13,14,16],"damage_taken":[{"damage":6,"enemies":"Small Slimes","floor":1,"turns":4},{"damage":0,"enemies":"Cultist","floor":2,"turns":5},{"damage":0,"enemies":"2 Louse","floor":5,"turns":3},{"damage":9,"enemies":"3 Sentries","floor":7,"turns":8},{"damage":1,"enemies":"Exordium Wildlife","floor":10,"turns":4},{"damage":1,"enemies":"Lagavulin","floor":11,"turns":7},{"damage":3,"enemies":"Exordium Thugs","floor":12,"turns":5},{"damage":6,"enemies":"3 Sentries","floor":13,"turns":8},{"damage":23,"enemies":"Gremlin Nob","floor":14,"turns":4},{"damage":30,"enemies":"Slime Boss","floor":16,"turns":14}],"seed_played":"-105106668537205624","potions_obtained":[{"floor":10,"key":"BlessingOfTheForge"},{"floor":12,"key":"Weak Potion"},{"floor":13,"key":"Fire Potion"},{"floor":14,"key":"Block Potion"}],"is_trial":false,"path_per_floor":["M","M","?","$","M","R","E","R","T","M","E","M","?","E","R","B"],"character_chosen":"THE_SILENT","items_purchased":["Footwork","AttackPotion"],"campfire_rested":1,"item_purchase_floors":[4,4],"current_hp_per_floor":[53,53,53,53,53,53,44,44,44,43,42,39,33,10,29,0,0],"gold":204,"neow_bonus":"RANDOM_COMMON_RELIC","is_daily":false,"chose_seed":false,"campfire_upgraded":2,"win_rate":0.0,"timestamp":1614032509,"path_taken":["M","M","?","$","?","R","E","R","T","M","E","M","?","E","R","BOSS"],"items_purchased_type":["Card","Potion"],"build_version":"2020-12-22","purchased_purges":0,"victory":false,"max_hp_per_floor":[66,66,66,66,66,66,66,66,66,66,66,66,66,66,66,66,66],"relic_stats":{"Peace Pipe":0,"counters":[10,62],"Ginger":[2],"obtain_stats":[{"Peace Pipe":7,"Lantern":0,"Bottled Flame":9,"Omamori":14,"Ginger":13,"White Beast Statue":11,"Ring of the Snake":0},{"Peace Pipe":4,"Lantern":0,"Bottled Flame":4,"Omamori":9,"Ginger":8,"White Beast Statue":6,"Ring of the Snake":0},{"Peace Pipe":20,"Lantern":0,"Bottled Flame":20,"Omamori":48,"Ginger":44,"White Beast Statue":31,"Ring of the Snake":0}],"Ring of the Snake":[20]},"card_choices":[{"not_picked":["Reflex","Concentrate"],"picked":"Cloak And Dagger","floor":1},{"not_picked":["Sucker Punch","Slice"],"picked":"Dagger Spray","floor":2},{"not_picked":["Bane","Cloak And Dagger"],"picked":"Riddle With Holes","floor":5},{"not_picked":["Dodge and Roll","Blur"],"picked":"After Image","floor":7},{"not_picked":["Dagger Spray","Flying Knee"],"picked":"Terror","floor":10},{"not_picked":["Slice","Deadly Poison"],"picked":"Infinite Blades","floor":11},{"not_picked":["Noxious Fumes","Deadly Poison"],"picked":"PiercingWail","floor":12},{"not_picked":["Sucker Punch","Choke"],"picked":"Blur","floor":13},{"not_picked":["Deflect","Well Laid Plans"],"picked":"Escape Plan","floor":14}],"player_experience":639621,"relics_obtained":[{"floor":7,"key":"Peace Pipe"},{"floor":9,"key":"Bottled Flame"},{"floor":11,"key":"White Beast Statue"},{"floor":13,"key":"Ginger"},{"floor":14,"key":"Omamori"}],"event_choices":[{"cards_removed":["Strike_G"],"damage_healed":0,"gold_gain":0,"player_choice":"Offered Basic","damage_taken":0,"max_hp_gain":0,"max_hp_loss":0,"event_name":"Bonfire Elementals","floor":3,"gold_loss":0},{"damage_healed":0,"gold_gain":0,"player_choice":"Searched \u00271\u0027 times","damage_taken":0,"max_hp_gain":0,"max_hp_loss":0,"event_name":"Dead Adventurer","floor":13,"gold_loss":0}],"is_beta":false,"boss_relics":[],"items_purged_floors":[],"is_endless":false,"potions_floor_spawned":[10,12,13,14],"killed_by":"Slime Boss","ascension_level":19}}