{"host":"wqi7jvkbznmdbtu0","time":1614004677,"event":{"mods":["Act Like it!","BaseMod","Downfall","Hermit","Hubris","Infinite Spire","Mimic Mod","Minty Spire (QoL Compilation)","Quick Restart","Ruina","StSLib","The Construct","The Jungle","The Mystic"],"gold_per_floor":[109,128,228,241,251,251,271,289,289,289,289,289,307,2,2,2,2],"floor_reached":16,"language":"ENG","playtime":511,"items_purged":["Strike_R"],"score":94,"play_id":"c367b7fe-a30a-4d8c-9728-d7287f972f27","local_time":"20210222143757","is_ascension_mode":false,"campfire_choices":[{"data":"infinitespire:OneForAll","floor":6,"key":"SMITH"},{"data":"Shrug It Off","floor":11,"key":"SMITH"},{"data":"Flame Barrier","floor":15,"key":"SMITH"}],"circlet_count":0,"master_deck":["Strike_R+1","Strike_R","Strike_R","Defend_R","Defend_R","Defend_R+1","Defend_R","Bash","Shrug It Off","infinitespire:OneForAll+1","Shrug It Off+1","Body Slam","Flame Barrier+1"],"relics":["Burning Blood","NeowsBlessing","construct:BoolHorns","Membership Card","Tiny Chest"],"acts_visited":["Exordium"],"potions_floor_usage":[],"damage_taken":[{"damage":0,"enemies":"Cultist","floor":1,"turns":1},{"damage":0,"enemies":"Small Slimes","floor":2,"turns":1},{"damage":0,"enemies":"Jaw Worm","floor":4,"turns":1},{"damage":12,"enemies":"Looter","floor":5,"turns":4},{"damage":22,"enemies":"Gremlin Gang","floor":7,"turns":6},{"damage":6,"enemies":"2 Fungi Beasts","floor":8,"turns":4},{"damage":7,"enemies":"Large Slime","floor":13,"turns":4},{"damage":35,"enemies":"Slime Boss","floor":16,"turns":6}],"seed_played":"1955477580194610438","potions_obtained":[{"floor":4,"key":"sneckomod:MuddlingPotion"},{"floor":13,"key":"SpeedPotion"}],"is_trial":false,"path_per_floor":["M","M","?","M","M","R","M","M","T","?","R","?","M","$","R","B"],"character_chosen":"IRONCLAD","items_purchased":["Membership Card","Flame Barrier","Tiny Chest"],"campfire_rested":0,"item_purchase_floors":[14,14,14],"current_hp_per_floor":[80,80,80,80,74,74,58,58,58,42,42,42,41,41,41,6,6],"gold":2,"neow_bonus":"THREE_ENEMY_KILL","is_daily":false,"chose_seed":false,"campfire_upgraded":3,"win_rate":0.0,"timestamp":1614004677,"path_taken":["M","?","?","M","M","R","M","?","T","?","R","?","M","$","R","BOSS"],"items_purchased_type":["Relic","Card","Relic"],"build_version":"2020-12-22","purchased_purges":1,"victory":false,"max_hp_per_floor":[80,80,80,80,80,80,80,80,80,80,80,80,80,80,80,80,80],"card_choices":[{"not_picked":["Wild Strike","Twin Strike"],"picked":"Shrug It Off","floor":1},{"not_picked":["Shockwave","Thunderclap","Havoc"],"picked":"SKIP","floor":2},{"not_picked":["Warcry","Clothesline"],"picked":"infinitespire:OneForAll","floor":4},{"not_picked":["True Grit","Heavy Blade"],"picked":"Shrug It Off","floor":5},{"not_picked":["Cleave","Whirlwind","Evolve"],"picked":"SKIP","floor":7},{"not_picked":["Sever Soul","Second Wind","Warcry"],"picked":"SKIP","floor":8},{"not_picked":["Clash","Cleave"],"picked":"Body Slam","floor":13}],"player_experience":85277,"relics_obtained":[{"floor":9,"key":"construct:BoolHorns"}],"event_choices":[{"damage_healed":0,"gold_gain":100,"player_choice":"Pray","damage_taken":0,"max_hp_gain":0,"max_hp_loss":0,"event_name":"Golden Shrine","floor":3,"gold_loss":0},{"damage_healed":0,"gold_gain":0,"player_choice":"Entered Light","damage_taken":16,"max_hp_gain":0,"max_hp_loss":0,"event_name":"Shining Light","floor":10,"gold_loss":0,"cards_upgraded":["Defend_R","Strike_R"]},{"cards_removed":["Strike_R"],"damage_healed":0,"gold_gain":0,"player_choice":"Forget","damage_taken":0,"max_hp_gain":0,"max_hp_loss":0,"event_name":"Living Wall","floor":12,"gold_loss":0}],"is_beta":false,"boss_relics":[],"items_purged_floors":[14],"is_endless":false,"potions_floor_spawned":[4,13],"killed_by":"Slime Boss","ascension_level":0}}