{"host":"hqxy2g3i5ker09hc","time":1614033059,"event":{"mods":["2.2 Compatiblity","AlwaysNeverKeys","Aspiration","BaseMod","Beaked The Cultist","Better Match","Better Note","Better Sensory Stone","Better Silent Start","Better Third Choice","Better-Laid Plans","CCEM2","CatGirl Mod","Chen","Conspire","Downfall","GifTheSpireLib","Gold Saver","GungeonMod","Hermit","Hubris","Hyrulean Relics","Ironclad Rager","Jorbs\u0027s Wanderer Trilogy","Koishi","LagranYue(???·?)","Minty Spire (QoL Compilation)","MostiFishMod","Permanent Neow","Quarter Circle Forward PUNCH!","Quick Restart","Replay The Spire","Shop Mod","Small Relic Pack","Spikes Relics","StSLib","Stuff the Spire","The Animator","The Bug Knight","The Forsaken","The Wild Card"],"gold_per_floor":[1174,1174,1208,1231,1250,1250,1325,1340,1364,1377,1377,1377,1377,1377,1377,1478,1478,1490,1670,1630,1630,1642,1642,1642,1642,1666,1666,1666,1666,1694,1694,1719,1719,1719,1816,1816,1826,1841,1841,1859,1859,1859,1859,1859,1884,1899,1934,1934,1966,1986,1986,1986,1986,1986,1832,1832,1832],"floor_reached":56,"language":"ENG","playtime":2279,"items_purged":[],"score":814,"play_id":"971b0efe-f501-4946-9683-4759e3f5e6a4","local_time":"20210222233059","is_ascension_mode":false,"campfire_choices":[{"floor":6.0,"key":"REST"},{"data":"DemoMod:FortunesFavor","floor":11.0,"key":"SMITH"},{"data":"DemoMod:ManualReload","floor":13.0,"key":"SMITH"},{"floor":15.0,"key":"DIG"},{"data":"DemoMod:FullFirepower","floor":23.0,"key":"SMITH"},{"floor":25.0,"key":"REST"},{"data":"DemoMod:Roll","floor":29.0,"key":"SMITH"},{"floor":34,"key":"DIG"},{"data":"DemoMod:Elimentaler","floor":42,"key":"SMITH"},{"data":"Replay:BasicMightCard","floor":44,"key":"SMITH"},{"floor":51,"key":"REST"},{"data":"hubris:EnhanceAbility","floor":54,"key":"SMITH"}],"circlet_count":0,"master_deck":["DemoMod:Strike_Huntress","DemoMod:Strike_Huntress","DemoMod:Strike_Huntress+1","DemoMod:Defend_Huntress+1","DemoMod:Defend_Huntress","DemoMod:Defend_Huntress","DemoMod:Defend_Huntress","DemoMod:Roll+1","DemoMod:ManualReload+1","DemoMod:RustySidearm","DemoMod:CrossBow","DemoMod:SkilledReload","DemoMod:ProbeStrike","DemoMod:FortunesFavor+1","DemoMod:HardPowerCard","DemoMod:RadGun","DemoMod:CombinedRifle","DemoMod:FullFirepower+1","DemoMod:FightSabre","DemoMod:GunShield+1","DemoMod:Unmoved","DemoMod:MachoBrace+1","DemoMod:BulletBore","DemoMod:Elimentaler","DemoMod:Elimentaler+1","hubris:EnhanceAbility+1","Replay:BasicMightCard+1","DemoMod:ThirdPartyController","MostiFishMod:Galeforce","DemoMod:FeignSurrender"],"relics":["DemoMod:Dog","DaveBox","LagranYue:RandomDrawCardRelic","hexamod:SpiritBrand","CombinedTypeHook","SynthV:TestCard","CCEMRelics:ImbuedSpirit","SpikesRelics:DaevaFist","hubris:CuriousFeather","Nloth\u0027s Gift","qcfpunch:Red_Headband","hubris:Reverence","aspiration:HiddenCompartment","DemoMod:Plus1Bullets","Centennial Puzzle","CCEMRelics:LatexGloves","Replay:Mystery Machine","Strange Spoon"],"acts_visited":["Exordium","TheCity","TheBeyond","TheEnding"],"potions_floor_usage":[56,56],"damage_taken":[{"damage":0.0,"enemies":"Cultist","floor":1.0,"turns":2.0},{"damage":0.0,"enemies":"conspire:RoseBush","floor":4.0,"turns":2.0},{"damage":0.0,"enemies":"Jaw Worm","floor":5.0,"turns":2.0},{"damage":0.0,"enemies":"Exordium Wildlife","floor":8.0,"turns":2.0},{"damage":0.0,"enemies":"Red Slaver","floor":10.0,"turns":2.0},{"damage":0.0,"enemies":"Fading Forest","floor":16.0,"turns":8.0},{"damage":0.0,"enemies":"Chosen","floor":18.0,"turns":2.0},{"damage":7.0,"enemies":"3 Byrds","floor":22.0,"turns":2.0},{"damage":0.0,"enemies":"conspire:MimicChest","floor":30.0,"turns":3.0},{"damage":31,"enemies":"Collector","floor":35,"turns":3},{"damage":0,"enemies":"Orb Walker","floor":37,"turns":2},{"damage":0,"enemies":"3 Shapes","floor":38,"turns":2},{"damage":3,"enemies":"Maw","floor":40,"turns":3},{"damage":0,"enemies":"Writhing Mass","floor":46,"turns":3},{"damage":32,"enemies":"Nemesis","floor":47,"turns":3},{"damage":11,"enemies":"Reptomancer","floor":49,"turns":3},{"damage":0,"enemies":"Spire Growth","floor":50,"turns":3},{"damage":0,"enemies":"Time Eater","floor":52,"turns":4},{"damage":71,"enemies":"Shield and Spear","floor":56,"turns":7}],"seed_played":"-277268420211529072","potions_obtained":[{"floor":4.0,"key":"LiquidMemories"},{"floor":5.0,"key":"Ancient Potion"},{"floor":8.0,"key":"EssenceOfSteel"},{"floor":49,"key":"Adrenaline Potion"}],"is_trial":false,"path_per_floor":["M","$","?","M","M","R","?","M","T","M","R","?","R","$","R","B",null,"M","?","?","?","M","R","$","R","T","PTL","PTL","R","?","$","T","$","R","B",null,"M","M","?","M","?","R","?","R","T","M","E","?","E","M","R","B",null,"R","$","E"],"character_chosen":"HUNTRESS","items_purchased":["Strange Spoon"],"campfire_rested":3,"item_purchase_floors":[55],"current_hp_per_floor":[70,70,42,42,42,63,52,52,52,52,52,52,52,52,52,62,70,70,51,51,51,44,44,44,65,65,65,65,65,65,65,65,65,65,34,70,70,70,70,67,67,67,67,67,67,67,35,35,24,24,45,45,70,70,70,0,0],"gold":1832,"neow_bonus":"NOSTALGIA","is_daily":false,"chose_seed":false,"campfire_upgraded":7,"win_rate":0.0,"timestamp":1614033059,"path_taken":["M","?","?","M","?","R","?","M","T","M","R","?","R","?","R","BOSS","M","?","?","?","?","R","?","R","T","PTL","PTL","R","?","$","?","$","R","BOSS","M","M","?","M","?","R","?","R","T","M","E","?","E","M","R","BOSS","R","$","E"],"items_purchased_type":["Relic"],"build_version":"2020-12-22","purchased_purges":0,"victory":false,"max_hp_per_floor":[70,70,70,70,70,70,70,70,70,70,70,70,70,70,70,70,70,70,70,70,70,70,70,70,70,70,70,70,70,70,70,70,70,70,70,70,70,70,70,70,70,70,70,70,70,70,70,70,70,70,70,70,70,70,70,70,70],"card_choices":[{"not_picked":["DemoMod:JK47","DemoMod:FastSwitch"],"picked":"DemoMod:SkilledReload","floor":1.0},{"not_picked":["DemoMod:TableSutra","DemoMod:GunstockTap","DemoMod:ShadowBullets","DemoMod:ConditionalReflex"],"picked":"DemoMod:ProbeStrike","floor":3.0},{"not_picked":["DemoMod:DirectionalPad","DemoMod:Unmoved","DemoMod:BattleInHaste","DemoMod:TableSutra"],"picked":"DemoMod:FortunesFavor","floor":4.0},{"not_picked":["DemoMod:Polaris","DemoMod:Purify","DemoMod:FastSwitch","DemoMod:ConditionalReflex"],"picked":"DemoMod:HardPowerCard","floor":5.0},{"not_picked":["DemoMod:ConditionalReflex","DemoMod:GunShield","DemoMod:ZorGun","DemoMod:Desperate"],"picked":"DemoMod:RadGun","floor":8.0},{"not_picked":["DemoMod:DoubleSwitch","DemoMod:Camera","DemoMod:AC15","DemoMod:SniperShot"],"picked":"DemoMod:CombinedRifle","floor":10.0},{"not_picked":["DemoMod:FinishedGun","DemoMod:DarkMarker","DemoMod:Desperate","DemoMod:BalloonGun"],"picked":"DemoMod:FullFirepower","floor":16.0},{"not_picked":["DemoMod:Slinger","DemoMod:FullFirepower","DemoMod:ThirdPartyController","DemoMod:SuppressiveFire"],"picked":"DemoMod:FightSabre","floor":16.0},{"not_picked":["DemoMod:AC15","DemoMod:DirectionalPad","DemoMod:MachoBrace","DemoMod:FortunesFavor"],"picked":"DemoMod:GunShield+1","floor":18.0},{"not_picked":["DemoMod:HuntsMan+1","DemoMod:Camera","DemoMod:ChanceBullets+1","DemoMod:Polaris"],"picked":"DemoMod:Unmoved","floor":22.0},{"not_picked":["DemoMod:BoxingGlove+1","DemoMod:AC15","DemoMod:TeaPot","DemoMod:SkilledReload+1"],"picked":"DemoMod:MachoBrace+1","floor":30.0},{"not_picked":["DemoMod:BlackHoleGun","DemoMod:Desperate","DemoMod:Elimentaler","DemoMod:FinishedGun"],"picked":"DemoMod:BulletBore","floor":35},{"not_picked":["DemoMod:ConditionalReflex+1","DemoMod:Ejector+1","DemoMod:SniperShot","DemoMod:AC15","DemoMod:BoxingGlove"],"picked":"SKIP","floor":37},{"not_picked":["DemoMod:HuntsMan","DemoMod:FeignSurrender+1","DemoMod:LifeOrb","DemoMod:MachoBrace"],"picked":"DemoMod:Elimentaler","floor":38},{"not_picked":["DemoMod:Ejector","DemoMod:Unmoved+1","DemoMod:PracticeMakesPerfect","DemoMod:BattleInHaste"],"picked":"DemoMod:Elimentaler","floor":40},{"not_picked":["Purity","Assess","Magnetism","MostiFishMod:SupremeArchaeology"],"picked":"hubris:EnhanceAbility","floor":43},{"not_picked":["Trip","hubris:Insight","Blind","Bandage Up"],"picked":"Replay:BasicMightCard","floor":43},{"not_picked":["DemoMod:TeaPot+1","DemoMod:StickyCrossBow","DemoMod:ZorGun","DemoMod:HighKaliber+1","DemoMod:AC15"],"picked":"SKIP","floor":46},{"not_picked":["DemoMod:BoxingGlove+1","DemoMod:FeignSurrender","DemoMod:TableSutra","DemoMod:Camera"],"picked":"DemoMod:ThirdPartyController","floor":47},{"not_picked":["Secret Weapon","Secret Technique","Sadistic Nature","hubris:EnhanceAbility"],"picked":"MostiFishMod:Galeforce","floor":48},{"not_picked":["DemoMod:AbyssalTentacle","DemoMod:HungryBullets+1","DemoMod:GunShield+1","DemoMod:TableSutra","DemoMod:BlankBullets"],"picked":"SKIP","floor":49},{"not_picked":["DemoMod:Unity","DemoMod:HuntsMan","DemoMod:ThirdPartyController","DemoMod:TripleGun"],"picked":"DemoMod:FeignSurrender","floor":50}],"player_experience":741840,"relics_obtained":[{"floor":1.0,"key":"SynthV:TestCard"},{"floor":3.0,"key":"CCEMRelics:ImbuedSpirit"},{"floor":9.0,"key":"SpikesRelics:DaevaFist"},{"floor":15.0,"key":"hubris:CuriousFeather"},{"floor":26.0,"key":"qcfpunch:Red_Headband"},{"floor":30.0,"key":"hubris:Reverence"},{"floor":32.0,"key":"aspiration:HiddenCompartment"},{"floor":34,"key":"DemoMod:Plus1Bullets"},{"floor":45,"key":"Centennial Puzzle"},{"floor":47,"key":"CCEMRelics:LatexGloves"},{"floor":49,"key":"Replay:Mystery Machine"}],"event_choices":[{"damage_healed":0.0,"max_hp_gain":0.0,"max_hp_loss":0.0,"gold_gain":75.0,"event_name":"betterThird:BetterGoop","player_choice":"Gold","floor":7.0,"gold_loss":0.0,"damage_taken":11.0},{"damage_healed":0.0,"max_hp_gain":0.0,"max_hp_loss":0.0,"gold_gain":180.0,"event_name":"Knowing Skull","player_choice":"GOLD GOLD ","floor":19.0,"potions_obtained":[],"gold_loss":0.0,"damage_taken":19.0,"cards_obtained":[]},{"damage_healed":0.0,"max_hp_gain":0.0,"max_hp_loss":0.0,"gold_gain":0.0,"event_name":"Designer","player_choice":"Upgraded Two","floor":20.0,"gold_loss":40.0,"damage_taken":0.0,"cards_upgraded":["DemoMod:Strike_Huntress","DemoMod:Defend_Huntress"]},{"damage_healed":0.0,"max_hp_gain":0.0,"max_hp_loss":0.0,"gold_gain":0.0,"event_name":"N\u0027loth","player_choice":"Traded Relic","floor":21.0,"relics_lost":["aspiration:Nostalgia"],"gold_loss":0.0,"damage_taken":0.0,"relics_obtained":["Nloth\u0027s Gift"]},{"damage_healed":0,"gold_gain":3,"player_choice":"1","damage_taken":0,"max_hp_gain":0,"max_hp_loss":0,"event_name":"betterStone:BetterStone","floor":43,"gold_loss":0},{"damage_healed":0,"gold_gain":0,"player_choice":"1","damage_taken":0,"max_hp_gain":0,"max_hp_loss":0,"event_name":"betterMatch:BetterMatch","floor":48,"gold_loss":0,"cards_obtained":["betterMatch:ColorlessRareCard"]}],"is_beta":false,"boss_relics":[{"not_picked":["relicPack:ShieldShield","Pandora\u0027s Box","FixedStarFall"]},{"not_picked":["qcfpunch:Crimson_Sash","CosmicIsotope","GreenFoldingFan"]}],"items_purged_floors":[],"is_endless":false,"potions_floor_spawned":[4,5,8,22,30,37,47,49,50],"killed_by":"Shield and Spear","ascension_level":0}}