{"host":"og21o26alpnbwmz8","time":1614008909,"event":{"mods":["2.2 Compatiblity","A Magickal Journey","Act Like it!","Aspiration","BaseMod","Conspire","Downfall","Gensokyo","GungeonMod","Halation","Hubris","Jedi Mod","Mimic Mod","Minty Spire (QoL Compilation)","Pale of the Ancients","Reliquary","Replay The Spire","Shop Mod","Spikes Relics","StSLib","The Alterego","The Animator","The Blue Laboratory","The Bug Knight","The Exalted","The Florist","The Poker Player","The Saiyan","Waifu the Spire","Yuri Mod"],"gold_per_floor":[0,13,23,41,53,53,53,38,49,81,81,95,122,4,17,119,119,19,32,48,65,80,107,133,149,166,166,166,198,198,217,229,333,333,233,253,419,438,438,438,484,497,397,397,397,397,397,397,410,410,410,442,102,102,102,102,102,102],"floor_reached":56,"language":"ENG","playtime":2989,"items_purged":["Slimebound:CorrosiveSpit","Slimebound:PressTheAttack"],"score":878,"play_id":"11c0e87d-08bb-40f5-a117-f47c24d4fa75","local_time":"20210222104829","is_ascension_mode":false,"campfire_choices":[{"data":"Slimebound:Split","floor":1,"key":"SMITH"},{"floor":30,"key":"RECALL"},{"data":"Slimebound:RallyTheTroops","floor":35,"key":"SMITH"},{"data":"Slimebound:Defend_Slimebound","floor":40,"key":"SMITH"},{"data":"Slimebound:Defend_Slimebound","floor":43,"key":"SMITH"},{"data":"Slimebound:Defend_Slimebound","floor":45,"key":"SMITH"},{"data":"Slimebound:Defend_Slimebound","floor":47,"key":"SMITH"},{"data":"Slimebound:Teamwork","floor":54,"key":"SMITH"}],"circlet_count":0,"master_deck":["Slimebound:Defend_Slimebound+1","Slimebound:Defend_Slimebound+1","Slimebound:Defend_Slimebound+1","Slimebound:Defend_Slimebound+1","Slimebound:Split+1","Slimebound:MassRepurpose","Slimebound:LevelUp","Slimebound:SamplingLick","Slimebound:SplitSpecialist","Slimebound:FirmFortitude","Slimebound:Schlurp","Slimebound:Teamwork+1","Slimebound:SamplingLick","Slimebound:LeechLife","Slimebound:Prepare","Slimebound:MassRepurpose","Slimebound:SamplingLick+1","Slimebound:RallyTheTroops+1","Slimebound:FirmFortitude","Specialist","Slimebound:SlimeBarrage+1"],"relics":["Slimebound:AbsorbEndCombat","ReplayTheSpireMod:TigerMarble","hexamod:Sixitude","reliquary:GummyVitamins","jedi:hotpepper","downfall:HeartBlessingGreen","hubris:SlimyHat","jedi:crownofsimplicity","halation:PinkSoulGem","reliquary:SilkGlove","halation:Prosthetics","downfall:HeartBlessingRed","downfall:HeartBlessingBlue","hubris:Icosahedron","hubris:Towel","reliquary:Aerogel","reliquary:Vitrine"],"acts_visited":["Exordium","TheCity","TheBeyond","TheEnding"],"potions_floor_usage":[29,29,56],"damage_taken":[{"damage":0,"enemies":"Small Slimes","floor":2,"turns":4},{"damage":2,"enemies":"2 Louse","floor":3,"turns":3},{"damage":5,"enemies":"Jaw Worm","floor":4,"turns":5},{"damage":0,"enemies":"downfall:LooterAlt","floor":5,"turns":4},{"damage":3,"enemies":"downfall:FleeingMerchant","floor":8,"turns":4},{"damage":12,"enemies":"2 Fungi Beasts","floor":9,"turns":4},{"damage":25,"enemies":"3 Sentries","floor":10,"turns":5},{"damage":2,"enemies":"3 Louse","floor":12,"turns":3},{"damage":2,"enemies":"Lagavulin","floor":13,"turns":7},{"damage":15,"enemies":"downfall:FleeingMerchant","floor":14,"turns":4},{"damage":0,"enemies":"Exordium Wildlife","floor":15,"turns":3},{"damage":16,"enemies":"WA_ARCHETYPE_RETAIN","floor":16,"turns":6},{"damage":11,"enemies":"downfall:LooterAlt2","floor":19,"turns":5},{"damage":0,"enemies":"Spheric Guardian","floor":20,"turns":3},{"damage":9,"enemies":"3 Cultists","floor":21,"turns":5},{"damage":0,"enemies":"Sentry and Sphere","floor":22,"turns":4},{"damage":0,"enemies":"conspire:SneckoGhost","floor":23,"turns":5},{"damage":0,"enemies":"Cultist and Chosen","floor":25,"turns":4},{"damage":0,"enemies":"Centurion and Healer","floor":26,"turns":6},{"damage":0,"enemies":"Slavers","floor":29,"turns":5},{"damage":0,"enemies":"Snecko","floor":31,"turns":5},{"damage":0,"enemies":"Cultist and Chosen","floor":32,"turns":4},{"damage":0,"enemies":"IC_MUSHROOM_ARCHETYPE","floor":33,"turns":6},{"damage":0,"enemies":"Orb Walker","floor":36,"turns":4},{"damage":0,"enemies":"downfall:FleeingMerchant","floor":37,"turns":4},{"damage":0,"enemies":"3 Darklings","floor":38,"turns":4},{"damage":0,"enemies":"Sphere and 2 Shapes","floor":42,"turns":5},{"damage":0,"enemies":"Spire Growth","floor":49,"turns":4},{"damage":0,"enemies":"SI_POISON_ARCHETYPE","floor":50,"turns":6},{"damage":0,"enemies":"downfall:CharBossMerchant","floor":52,"turns":7},{"damage":0,"enemies":"downfall:NeowBoss","floor":55,"turns":10},{"damage":27,"enemies":"downfall:NeowBossFinal","floor":56,"turns":8}],"seed_played":"8663062983431434808","potions_obtained":[{"floor":4,"key":"DuplicationPotion"},{"floor":5,"key":"AttackPotion"},{"floor":9,"key":"blueLaboratory:BottleOfVodka"},{"floor":26,"key":"Adrenaline Potion"},{"floor":31,"key":"LiquidBronze"},{"floor":32,"key":"Strength Potion"},{"floor":38,"key":"ColorlessPotion"},{"floor":49,"key":"jedi:wingpotion"}],"is_trial":false,"path_per_floor":["R","M","M","M","M","?","T","$","M","E","?","M","E","$","M","B",null,"R","M","M","M","M","E","T","M","M","?","?","E","R","M","M","B",null,"R","M","$","M","?","R","T","M","R","?","R","?","R","?","M","B",null,"E","$","R","B","B"],"character_chosen":"SLIMEBOUND","items_purchased":["Slimebound:LevelUp+1","Slimebound:SamplingLick","Specialist","reliquary:Vitrine"],"campfire_rested":0,"item_purchase_floors":[14,14,37,53],"current_hp_per_floor":[65,65,63,64,65,65,65,65,53,32,32,32,34,23,25,13,48,48,37,48,48,48,48,48,48,48,48,48,48,48,48,48,48,13,13,13,13,13,13,13,13,13,18,18,18,18,18,18,18,18,18,18,18,18,18,0,0,0],"gold":102,"neow_bonus":"TRANSFORM_TWO_CARDS","is_daily":false,"chose_seed":false,"campfire_upgraded":7,"win_rate":0.0,"timestamp":1614008909,"path_taken":["R","M","M","M","M","?","T","$","M","E","?","M","E","$","M","BOSS","R","M","M","M","M","E","T","M","M","?","?","E","R","M","M","BOSS","R","M","$","M","?","R","T","M","R","?","R","?","R","?","M","BOSS","E","$","R","BOSS","BOSS"],"items_purchased_type":["Card","Card","Card","Relic"],"build_version":"2020-12-22","purchased_purges":2,"victory":false,"max_hp_per_floor":[65,65,65,65,65,65,65,65,65,65,65,65,65,65,65,65,48,48,48,48,48,48,48,48,48,48,48,48,48,48,48,48,48,13,13,13,13,13,13,13,13,13,18,18,18,18,18,18,18,18,18,18,18,18,18,18,18,18],"card_choices":[{"not_picked":["Slimebound:LeechEnergy","Slimebound:AcidTongue","Slimebound:MegaLick"],"picked":"SKIP","floor":2},{"not_picked":["Slimebound:ComboTackle","Slimebound:Schlurp"],"picked":"Slimebound:LevelUp","floor":3},{"not_picked":["Slimebound:ItLooksTasty","Slimebound:SlimeSpikes"],"picked":"Slimebound:SamplingLick","floor":4},{"not_picked":["Slimebound:HungryTackle","Slimebound:DivideAndConquer"],"picked":"Slimebound:SplitSpecialist","floor":5},{"not_picked":["Slimebound:Nibble","Slimebound:SplitBruiser","Slimebound:RainOfGoop"],"picked":"SKIP","floor":8},{"not_picked":["Slimebound:ComboTackle","Slimebound:LeechingTouch"],"picked":"Slimebound:FirmFortitude","floor":9},{"not_picked":["Slimebound:GoopSpray","Slimebound:Equalize"],"picked":"Slimebound:Schlurp","floor":10},{"not_picked":["Slimebound:LeechingTouch","Slimebound:SamplingLick","Slimebound:Chomp"],"picked":"SKIP","floor":12},{"not_picked":["Slimebound:SplitLeeching","Slimebound:Schlurp"],"picked":"Slimebound:Teamwork","floor":13},{"not_picked":["Slimebound:SpikyOuterGoop","Slimebound:SplitAcid","Slimebound:Schlurp"],"picked":"SKIP","floor":14},{"not_picked":["Slimebound:Chomp","Slimebound:SplitMire","Slimebound:SamplingLick"],"picked":"SKIP","floor":15},{"not_picked":["Slimebound:DouseInSlime","Slimebound:CheckThePlaybook"],"picked":"Slimebound:LeechLife","floor":16},{"not_picked":["Slimebound:LeechEnergy","Slimebound:GoopTackle+1"],"picked":"Slimebound:RainOfGoop","floor":19},{"not_picked":["Slimebound:FinishingTackle+1","Slimebound:ItLooksTasty","Slimebound:LeechingTouch+1"],"picked":"SKIP","floor":20},{"not_picked":["Slimebound:SplitLeeching","Slimebound:SamplingLick","Slimebound:Recollect"],"picked":"SKIP","floor":21},{"not_picked":["Slimebound:SplitMire","Slimebound:Schlurp","Slimebound:SlimeSpikes+1"],"picked":"SKIP","floor":22},{"not_picked":["Slimebound:FlameTackle","Slimebound:AcidTongue","Slimebound:GoopTackle"],"picked":"SKIP","floor":23},{"not_picked":["Slimebound:ComboTackle","Slimebound:SamplingLick"],"picked":"Slimebound:MassRepurpose","floor":25},{"not_picked":["Slimebound:ProtectTheBoss+1","Slimebound:Equalize+1","Slimebound:GoopSpray"],"picked":"SKIP","floor":26},{"not_picked":["Slimebound:SlimeSpikes+1","Slimebound:LeechingTouch"],"picked":"Slimebound:SamplingLick+1","floor":29},{"not_picked":["Slimebound:SplitAcid","Slimebound:SlimeSpikes","Slimebound:Chomp+1"],"picked":"SKIP","floor":31},{"not_picked":["Slimebound:SlimeSpikes","Slimebound:Recollect+1"],"picked":"Slimebound:RallyTheTroops","floor":32},{"not_picked":["Slimebound:TagTeam","Slimebound:Overexert"],"picked":"Slimebound:FirmFortitude","floor":33},{"not_picked":["Slimebound:SplitBruiser+1","Slimebound:RejuvenatingLick","Slimebound:Schlurp+1"],"picked":"SKIP","floor":36},{"not_picked":["Slimebound:GoopTackle","Slimebound:GoopSpray","Slimebound:Dissolve+1"],"picked":"SKIP","floor":37},{"not_picked":["Slimebound:LeechEnergy","Slimebound:GoopSpray","Slimebound:ComboTackle"],"picked":"SKIP","floor":38},{"not_picked":["Slimebound:AcidTongue+1","Slimebound:Dissolve"],"picked":"Slimebound:SlimeBarrage+1","floor":42},{"not_picked":["Slimebound:LivingWall","Slimebound:ProtectTheBoss+1","Slimebound:LeechingTouch"],"picked":"SKIP","floor":49},{"not_picked":["Slimebound:ProtectTheBoss","Slimebound:FinishingTackle","Slimebound:SlimeBarrage"],"picked":"SKIP","floor":52}],"player_experience":423962,"relics_obtained":[{"floor":7,"key":"ReplayTheSpireMod:TigerMarble"},{"floor":10,"key":"hexamod:Sixitude"},{"floor":13,"key":"reliquary:GummyVitamins"},{"floor":23,"key":"hubris:SlimyHat"},{"floor":24,"key":"jedi:crownofsimplicity"},{"floor":29,"key":"reliquary:SilkGlove"},{"floor":52,"key":"reliquary:Aerogel"}],"event_choices":[{"cards_removed":["Slimebound:Strike_Slimebound"],"damage_healed":0,"gold_gain":0,"player_choice":"Card Removal","damage_taken":0,"max_hp_gain":0,"max_hp_loss":0,"event_name":"The Cleric","floor":6,"gold_loss":0},{"damage_healed":0,"gold_gain":0,"player_choice":"Disagree","damage_taken":0,"max_hp_gain":0,"max_hp_loss":0,"event_name":"conspire:LoneGhost","floor":11,"gold_loss":0},{"damage_healed":0,"gold_gain":0,"player_choice":"Ignored","damage_taken":0,"max_hp_gain":0,"max_hp_loss":0,"event_name":"Vampires","floor":27,"gold_loss":0},{"damage_healed":0,"gold_gain":0,"player_choice":"Ignored","damage_taken":0,"max_hp_gain":0,"max_hp_loss":0,"event_name":"Mysterious Sphere","floor":39,"gold_loss":0},{"cards_removed":["Slimebound:LevelUp"],"damage_healed":0,"gold_gain":0,"player_choice":"Removed Power","damage_taken":0,"max_hp_gain":0,"max_hp_loss":0,"event_name":"Falling","floor":48,"gold_loss":0}],"is_beta":false,"boss_relics":[{"not_picked":["aspiration:SilentSkillbook","bronze:MakeshiftBattery"],"picked":"jedi:hotpepper"},{"not_picked":["aspiration:RitualDagger","CosmicIsotope"],"picked":"halation:Prosthetics"}],"items_purged_floors":[37,53],"is_endless":false,"potions_floor_spawned":[4,5,9,12,15,16,20,22,26,31,32,38,49],"killed_by":"downfall:NeowBossFinal","ascension_level":0}}