{"host":"zs3tguvuxkh90jf4","time":1614015289,"event":{"mods":["AchievementEnabler","BaseMod","Better Silent Start","Better-Laid Plans","BetterRewards","Block Reminder","Colored Map","Colored Powertips","Gold Saver","Minty Spire (QoL Compilation)","Shop Mod","StSLib","Transform Curses"],"gold_per_floor":[2495,1611,1622,925,939,939,939,950,950,984,997,997,1024,1042,1042,1119,1119,1130,788,803,803,818,849,849,849,849],"floor_reached":25,"language":"ENG","playtime":1212,"items_purged":["Strike_B","Defend_B","Strike_B"],"score":466,"play_id":"d649dfa8-c4c2-4fd8-be4b-b162b48eb456","local_time":"20210222093449","is_ascension_mode":true,"campfire_choices":[{"data":"White Noise","floor":6,"key":"SMITH"},{"data":"Dualcast","floor":12,"key":"SMITH"},{"data":"Genetic Algorithm","floor":15,"key":"SMITH"}],"circlet_count":0,"master_deck":["AscendersBane","Strike_B+1","Strike_B+1","Defend_B+1","Defend_B+1","Defend_B+1","Zap","Dualcast+1","Ball Lightning","Gash","Loop","Hologram+1","Aggregate","Go for the Eyes","Glacier","White Noise+1","Self Repair","Secret Weapon","Coolheaded","Genetic Algorithm+1","Gash","Double Energy","Mayhem+1","RitualDagger","Turbo","Leap+1"],"relics":["Cracked Core","NeowsBlessing","ClockworkSouvenir","MerchantsRug","Membership Card","Ice Cream","Orichalcum","Darkstone Periapt","Mercury Hourglass","Bird Faced Urn","Sundial","SlaversCollar","Frozen Egg 2","Lantern","Ornamental Fan"],"acts_visited":["Exordium","TheCity"],"potions_floor_usage":[13,16,16,23,25],"damage_taken":[{"damage":0,"enemies":"Cultist","floor":1,"turns":1},{"damage":0,"enemies":"Jaw Worm","floor":3,"turns":1},{"damage":0,"enemies":"2 Louse","floor":5,"turns":1},{"damage":4,"enemies":"Large Slime","floor":8,"turns":4},{"damage":9,"enemies":"3 Sentries","floor":10,"turns":7},{"damage":0,"enemies":"2 Fungi Beasts","floor":11,"turns":2},{"damage":34,"enemies":"Gremlin Nob","floor":13,"turns":5},{"damage":3,"enemies":"Lots of Slimes","floor":14,"turns":3},{"damage":14,"enemies":"Hexaghost","floor":16,"turns":9},{"damage":22,"enemies":"3 Byrds","floor":18,"turns":5},{"damage":12,"enemies":"Shell Parasite","floor":20,"turns":6},{"damage":9,"enemies":"Centurion and Healer","floor":22,"turns":8},{"damage":58,"enemies":"Gremlin Leader","floor":23,"turns":9},{"damage":31,"enemies":"Book of Stabbing","floor":25,"turns":5}],"seed_played":"-1639095044454173994","potions_obtained":[{"floor":3,"key":"SteroidPotion"},{"floor":5,"key":"PowerPotion"},{"floor":10,"key":"EssenceOfSteel"},{"floor":14,"key":"LiquidBronze"},{"floor":18,"key":"SneckoOil"},{"floor":22,"key":"Ancient Potion"}],"is_trial":false,"path_per_floor":["M","$","M","$","M","R","T","M","T","E","M","R","E","M","R","B",null,"M","$","M","?","M","E","?","E"],"character_chosen":"DEFECT","items_purchased":["Gash","Loop","Hologram","War Paint","Strawberry","ClockworkSouvenir","MerchantsRug","Membership Card","Ice Cream","Orichalcum","Go for the Eyes","Glacier","White Noise","Self Repair","Secret Weapon","Frozen Egg 2","Lantern","Mayhem+1"],"campfire_rested":0,"item_purchase_floors":[2,2,2,2,2,2,2,4,4,4,4,4,4,4,4,19,19,19],"current_hp_per_floor":[64,71,71,71,71,71,71,74,74,72,74,74,57,56,56,55,72,63,63,66,60,66,23,23,0,0],"gold":849,"neow_bonus":"THREE_ENEMY_KILL","is_daily":false,"chose_seed":false,"campfire_upgraded":3,"win_rate":0.0,"timestamp":1614015289,"path_taken":["M","$","M","$","M","R","?","M","T","E","?","R","E","M","R","BOSS","M","$","M","?","M","E","?","E"],"items_purchased_type":["Card","Card","Card","Relic","Relic","Relic","Relic","Relic","Relic","Relic","Card","Card","Card","Card","Card","Relic","Relic","Card"],"build_version":"2020-12-22","purchased_purges":3,"victory":false,"max_hp_per_floor":[71,78,78,78,78,78,78,78,78,78,78,78,78,78,78,78,78,78,78,78,78,78,78,78,78,78],"card_choices":[{"not_picked":["Barrage","Rip and Tear"],"picked":"Ball Lightning","floor":1},{"not_picked":["Defragment","Barrage"],"picked":"Aggregate","floor":3},{"not_picked":["Hello World","Force Field","Tempest"],"picked":"SKIP","floor":5},{"not_picked":["Chaos","Leap"],"picked":"Coolheaded","floor":8},{"not_picked":["Heatsinks","Sunder","Coolheaded"],"picked":"SKIP","floor":10},{"not_picked":["Compile Driver","Streamline"],"picked":"Genetic Algorithm","floor":11},{"not_picked":["Steam Power","Undo"],"picked":"Gash","floor":13},{"not_picked":["Coolheaded","Fission"],"picked":"Double Energy","floor":14},{"not_picked":["Redo","Leap","Tempest"],"picked":"SKIP","floor":18},{"not_picked":["Rebound","Redo","Leap"],"picked":"SKIP","floor":20},{"not_picked":["Cold Snap","Blizzard"],"picked":"Turbo","floor":22},{"not_picked":["Doom and Gloom","Rainbow"],"picked":"Leap+1","floor":23}],"player_experience":614794,"relics_obtained":[{"floor":7,"key":"Darkstone Periapt"},{"floor":9,"key":"Mercury Hourglass"},{"floor":10,"key":"Bird Faced Urn"},{"floor":13,"key":"Sundial"},{"floor":23,"key":"Ornamental Fan"}],"event_choices":[{"damage_healed":0,"gold_gain":0,"player_choice":"Joined the Cult","damage_taken":6,"max_hp_gain":0,"max_hp_loss":0,"event_name":"Nest","floor":21,"gold_loss":0,"cards_obtained":["RitualDagger"]},{"damage_healed":0,"gold_gain":0,"player_choice":"Simplicity","damage_taken":0,"max_hp_gain":0,"max_hp_loss":0,"event_name":"Back to Basics","floor":24,"gold_loss":0,"cards_upgraded":["Strike_B","Strike_B","Defend_B","Defend_B"]}],"is_beta":false,"boss_relics":[{"not_picked":["Runic Dome","Cursed Key"],"picked":"SlaversCollar"}],"items_purged_floors":[2,4,19],"is_endless":false,"potions_floor_spawned":[3,5,8,10,14,18,22],"killed_by":"Book of Stabbing","ascension_level":20}}