{"host":"prxrhpgaxnj4om9r","time":1614001205,"event":{"mods":["AchievementEnabler","BaseMod","Colored Map","DeckTracker","Minty Spire (QoL Compilation)"],"gold_per_floor":[116,136,147,157,157,157,170,200,200,200,217,235,235,235,235,366,366,391,391,391,405,425,425,86,102,102,102,24,33,33,33,33],"floor_reached":31,"language":"KOR","playtime":1116,"items_purged":[],"score":308,"play_id":"910d9bf7-2ecf-4243-a955-68512f7fba61","local_time":"20210222224005","is_ascension_mode":true,"campfire_choices":[{"data":"Sweeping Beam","floor":6,"key":"SMITH"},{"floor":10,"key":"REST"},{"data":"Self Repair","floor":15,"key":"SMITH"},{"floor":23,"key":"REST"},{"floor":27,"key":"REST"},{"data":"Recycle","floor":30,"key":"SMITH"}],"circlet_count":0,"master_deck":["Strike_B","Strike_B","Strike_B","Strike_B","Defend_B","Defend_B","Defend_B","Defend_B","Zap+1","Dualcast","Steam Power","Sweeping Beam+1","Capacitor","Aggregate","Melter","Conserve Battery","Steam","Self Repair+1","Buffer+1","Cold Snap","Chill","Melter","Recycle+1","Beam Cell","Leap+1","Meteor Strike","Writhe"],"relics":["Cracked Core","Pantograph","Omamori","Golden Idol","Nuclear Battery","Mummified Hand","Meat on the Bone","CeramicFish"],"acts_visited":["Exordium","TheCity"],"potions_floor_usage":[8,8,12,16,22,31],"damage_taken":[{"damage":0,"enemies":"Small Slimes","floor":1,"turns":3},{"damage":1,"enemies":"Cultist","floor":2,"turns":3},{"damage":2,"enemies":"Jaw Worm","floor":3,"turns":2},{"damage":8,"enemies":"Blue Slaver","floor":4,"turns":3},{"damage":6,"enemies":"2 Fungi Beasts","floor":7,"turns":3},{"damage":22,"enemies":"Gremlin Nob","floor":8,"turns":4},{"damage":5,"enemies":"Looter","floor":11,"turns":3},{"damage":9,"enemies":"Exordium Thugs","floor":12,"turns":4},{"damage":74,"enemies":"Slime Boss","floor":16,"turns":12},{"damage":37,"enemies":"2 Thieves","floor":18,"turns":4},{"damage":17,"enemies":"Chosen","floor":21,"turns":7},{"damage":12,"enemies":"3 Cultists","floor":22,"turns":5},{"damage":36,"enemies":"Snake Plant","floor":25,"turns":6},{"damage":45,"enemies":"Gremlin Leader","floor":31,"turns":4}],"seed_played":"1135057680782527078","potions_obtained":[{"floor":1,"key":"CultistPotion"},{"floor":2,"key":"Weak Potion"},{"floor":4,"key":"Energy Potion"},{"floor":12,"key":"Swift Potion"},{"floor":21,"key":"Explosive Potion"},{"floor":25,"key":"LiquidBronze"}],"is_trial":false,"path_per_floor":["M","M","M","M","?","R","M","E","T","R","M","M","?","?","R","B",null,"M","?","?","M","M","R","$","M","T","R","$","?","R","E"],"character_chosen":"DEFECT","items_purchased":["Mummified Hand","Recycle","Beam Cell","Meteor Strike"],"campfire_rested":3,"item_purchase_floors":[24,24,24,28],"current_hp_per_floor":[68,67,65,57,57,57,51,29,29,51,46,37,37,55,55,11,59,32,32,32,25,23,45,45,19,19,41,41,41,41,0,0],"gold":33,"neow_bonus":"UPGRADE_CARD","is_daily":false,"chose_seed":false,"campfire_upgraded":3,"win_rate":0.0,"timestamp":1614001205,"path_taken":["M","M","M","M","?","R","M","E","T","R","?","M","?","?","R","BOSS","M","?","?","M","?","R","?","M","T","R","$","?","R","E"],"items_purchased_type":["Relic","Card","Card","Card"],"build_version":"2020-12-22","purchased_purges":0,"victory":false,"max_hp_per_floor":[75,75,75,75,75,75,75,75,75,75,75,75,75,75,75,75,75,75,75,75,75,75,75,75,75,75,75,75,75,75,75,75],"card_choices":[{"not_picked":["Chaos","Capacitor"],"picked":"Steam Power","floor":1},{"not_picked":["Turbo","Conserve Battery"],"picked":"Sweeping Beam","floor":2},{"not_picked":["Go for the Eyes","Hologram"],"picked":"Capacitor","floor":3},{"not_picked":["Lockon","Capacitor"],"picked":"Aggregate","floor":4},{"not_picked":["Skim","Beam Cell"],"picked":"Melter","floor":7},{"not_picked":["Turbo","Rebound"],"picked":"Conserve Battery","floor":8},{"not_picked":["Aggregate","Chaos"],"picked":"Steam","floor":11},{"not_picked":["Ball Lightning","Hello World"],"picked":"Self Repair","floor":12},{"not_picked":["Echo Form","Amplify"],"picked":"Buffer","floor":16},{"not_picked":["Fusion+1","Melter"],"picked":"Cold Snap","floor":18},{"not_picked":["Force Field+1","Cold Snap"],"picked":"Chill","floor":21},{"not_picked":["Chill","Skim"],"picked":"Melter","floor":22},{"not_picked":["Fusion","Hologram"],"picked":"Leap+1","floor":25}],"player_experience":595925,"relics_obtained":[{"floor":8,"key":"Pantograph"},{"floor":9,"key":"Omamori"},{"floor":26,"key":"Meat on the Bone"}],"event_choices":[{"damage_healed":0,"gold_gain":0,"player_choice":"Bought 0 Potions","damage_taken":0,"max_hp_gain":0,"max_hp_loss":0,"event_name":"The Woman in Blue","floor":5,"gold_loss":0},{"damage_healed":0,"gold_gain":0,"player_choice":"Take Wound","damage_taken":0,"relics_obtained":["Golden Idol"],"max_hp_gain":0,"max_hp_loss":0,"event_name":"Golden Idol","floor":13,"gold_loss":0,"cards_obtained":["Injury"]},{"damage_healed":18,"gold_gain":0,"player_choice":"Healed and dodged fight","damage_taken":0,"max_hp_gain":0,"max_hp_loss":0,"event_name":"Mushrooms","floor":14,"gold_loss":0,"cards_obtained":["Parasite"]},{"damage_healed":0,"gold_gain":0,"player_choice":"Ignored","damage_taken":0,"max_hp_gain":0,"max_hp_loss":0,"event_name":"Vampires","floor":19,"gold_loss":0},{"damage_healed":0,"gold_gain":0,"player_choice":"Forge","damage_taken":0,"max_hp_gain":0,"max_hp_loss":0,"event_name":"Accursed Blacksmith","floor":20,"gold_loss":0,"cards_upgraded":["Buffer"]},{"damage_healed":0,"gold_gain":0,"player_choice":"Opened","damage_taken":0,"relics_obtained":["CeramicFish"],"max_hp_gain":0,"max_hp_loss":0,"event_name":"The Mausoleum","floor":29,"gold_loss":0,"cards_obtained":["Writhe"]}],"is_beta":false,"boss_relics":[{"not_picked":["Runic Dome","Empty Cage"],"picked":"Nuclear Battery"}],"items_purged_floors":[],"is_endless":false,"potions_floor_spawned":[1,2,4,12,21,25],"killed_by":"Gremlin Leader","ascension_level":6}}