{"host":"w14xfy17z3c5mpoi","time":1614005037,"event":{"mods":["AchievementEnabler","BaseMod","Minty Spire (QoL Compilation)","Relic Stats"],"gold_per_floor":[113,131,144,56,56,56,88,107,107,107,107],"floor_reached":10,"language":"ENG","playtime":352,"items_purged":[],"score":112,"play_id":"d71b58c4-c26f-4ec8-ab8c-eb7118f0cc00","local_time":"20210222094357","is_ascension_mode":true,"campfire_choices":[{"data":"Corpse Explosion","floor":6,"key":"SMITH"}],"circlet_count":0,"master_deck":["AscendersBane","Strike_G","Strike_G","Strike_G","Strike_G","Strike_G","Defend_G","Defend_G","Defend_G","Defend_G","Defend_G","Survivor","Neutralize","Corpse Explosion+1","Bane","Deadly Poison","Malaise","Footwork","Backflip","Blade Dance","Bouncing Flask"],"relics":["Ring of the Snake","Akabeko","Lantern"],"acts_visited":["Exordium"],"potions_floor_usage":[7,10],"damage_taken":[{"damage":5,"enemies":"Cultist","floor":1,"turns":5},{"damage":12,"enemies":"Jaw Worm","floor":2,"turns":4},{"damage":16,"enemies":"Small Slimes","floor":3,"turns":2},{"damage":12,"enemies":"3 Sentries","floor":7,"turns":3},{"damage":6,"enemies":"Exordium Thugs","floor":8,"turns":3},{"damage":14,"enemies":"Lagavulin","floor":10,"turns":3}],"seed_played":"7897787952347906717","potions_obtained":[{"floor":1,"key":"PowerPotion"},{"floor":3,"key":"Weak Potion"}],"is_trial":false,"path_per_floor":["M","M","M","$","?","R","E","M","T","E"],"character_chosen":"THE_SILENT","items_purchased":["Footwork","Backflip"],"campfire_rested":0,"item_purchase_floors":[4,4],"current_hp_per_floor":[58,46,30,30,30,30,18,12,12,0,0],"gold":107,"neow_bonus":"ONE_RANDOM_RARE_CARD","is_daily":false,"chose_seed":false,"campfire_upgraded":1,"win_rate":0.0,"timestamp":1614005037,"path_taken":["M","M","M","?","?","R","E","?","T","E"],"items_purchased_type":["Card","Card"],"build_version":"2020-12-22","purchased_purges":0,"victory":false,"max_hp_per_floor":[70,70,70,70,70,70,70,70,70,70,70],"relic_stats":{"counters":[6,20],"obtain_stats":[{"Lantern":9,"Akabeko":7,"Ring of the Snake":0},{"Lantern":5,"Akabeko":4,"Ring of the Snake":0},{"Lantern":17,"Akabeko":14,"Ring of the Snake":0}],"Ring of the Snake":[12]},"card_choices":[{"not_picked":["Deadly Poison","Reflex"],"picked":"Bane","floor":1},{"not_picked":["Acrobatics","Caltrops"],"picked":"Deadly Poison","floor":2},{"not_picked":["Eviscerate","Expertise"],"picked":"Malaise","floor":3},{"not_picked":["Sucker Punch","Accuracy"],"picked":"Blade Dance","floor":7},{"not_picked":["Concentrate","Sucker Punch"],"picked":"Bouncing Flask","floor":8}],"player_experience":768539,"relics_obtained":[{"floor":7,"key":"Akabeko"},{"floor":9,"key":"Lantern"}],"event_choices":[{"damage_healed":0,"gold_gain":0,"player_choice":"Bought 0 Potions","damage_taken":0,"max_hp_gain":0,"max_hp_loss":0,"event_name":"The Woman in Blue","floor":5,"gold_loss":0}],"is_beta":false,"boss_relics":[],"items_purged_floors":[],"is_endless":false,"potions_floor_spawned":[1,3],"killed_by":"Lagavulin","ascension_level":13}}