{"host":"vk2xyavtylxbvrfq","time":1614026264,"event":{"mods":["Bard","BaseMod","Bestiary","Better Altar","Better Match","Better Note","Better Sensory Stone","Better Skull","Better Vampires","Block Reminder","Bossed Relics","Colored Map","Curses Come First","Displayed Cursed Tome","Downfall","Extra Virgin Snecko Oil","Fox Events","Hermit","Ironclad Rager","Marked Mod","Minty Spire (QoL Compilation)","Quick Restart","Rare Cards Sparkle","Relic Sorter","Reliquary","Robot Space Explorer","StSLib","The Hayseed","The Runesmith","Unceasing Turn Reminder"],"gold_per_floor":[114,114,29,29,2,2,43,43,43,86,99,135,160,178,178,302,302,326,326,346,446,446,446,480,480,780,780,780,796,812,846,846,976,976,994,1008,1008,1032,1048,1048,1082,1082,1109,1122,504,529,529,547,547,547,547,547,30,63,63,63],"floor_reached":55,"language":"ENG","playtime":2242,"items_purged":["downfall:Bewildered","downfall:Malfunctioning"],"score":1327,"play_id":"c2928e11-158b-4020-9201-f7c870c1f38b","local_time":"20210222153744","is_ascension_mode":true,"campfire_choices":[{"data":"hermit:Manifest","floor":6.0,"key":"SMITH"},{"data":"1","floor":8.0,"key":"LIFT"},{"data":"2","floor":15.0,"key":"LIFT"},{"floor":23.0,"key":"REST"},{"data":"3","floor":25.0,"key":"LIFT"},{"data":"hermit:Manifest","floor":27.0,"key":"SMITH"},{"data":"hermit:Adapt","floor":32.0,"key":"SMITH"},{"floor":40.0,"key":"RECALL"},{"floor":42.0,"key":"REST"},{"floor":47.0,"key":"REST"},{"data":"hermit:Manifest","floor":49.0,"key":"SMITH"},{"floor":52.0,"key":"REST"}],"circlet_count":0,"master_deck":["hermit:Strike_Hermit","hermit:Strike_Hermit","hermit:Strike_Hermit","hermit:Defend_Hermit","hermit:Defend_Hermit","hermit:Defend_Hermit","hermit:Defend_Hermit","hermit:Snapshot","hermit:Covet","hermit:Manifest+1","Injury","Bandage Up","Swift Strike","hermit:HoleUp","hermit:Manifest+1","hermit:LowProfile","hermit:GhostlyPresence","hermit:RoundhouseKick","hermit:Spite","hermit:SprayPray","hermit:Adapt+1","hermit:LowProfile+1","hermit:Cheat","downfall:Haunted","downfall:Haunted","Decay","hermit:RoundhouseKick","downfall:Aged","hermit:RoundhouseKick","Writhe","Pain","hermit:Manifest+1","hermit:Brawl","hermit:Manifest+1","hermit:FinalCanter","hermit:Deadeye+1","hermit:Quickdraw+1","hermit:FullyLoaded","hermit:Dive+1","hermit:Glare","hermit:Spite","Writhe","hermit:Determination+1","hermit:GhostlyPresence","hermit:Deadeye","hermit:Manifest+1","hermit:Cheat","hermit:ShadowCloak+1","hermit:Cheat","hermit:LowProfile","hermit:FinalCanter","Bandage Up","hermit:SprayPray"],"relics":["hermit:Momento","Frozen Egg 2","NeowsBlessing","Golden Idol","Girya","Mummified Hand","Smiling Mask","Incense Burner","Cursed Key","sneckomod:BabySnecko","Du-Vu Doll","FossilizedHelix","Old Coin","reliquary:Firecrackers","Philosopher\u0027s Stone","hermit:CharredGlove","Membership Card","Runesmith:Locket","Oddly Smooth Stone","reliquary:HotPoker","Nunchaku","Pocketwatch"],"acts_visited":["Exordium","TheCity","TheBeyond","TheEnding"],"potions_floor_usage":[],"damage_taken":[{"damage":0.0,"enemies":"Jaw Worm","floor":1.0,"turns":1.0},{"damage":0.0,"enemies":"3 Sentries","floor":7.0,"turns":1.0},{"damage":0.0,"enemies":"Gremlin Nob","floor":10.0,"turns":1.0},{"damage":1.0,"enemies":"2 Louse","floor":11.0,"turns":2.0},{"damage":34.0,"enemies":"Lagavulin","floor":12.0,"turns":15.0},{"damage":0.0,"enemies":"Cultist","floor":13.0,"turns":3.0},{"damage":9.0,"enemies":"Exordium Thugs","floor":14.0,"turns":5.0},{"damage":25.0,"enemies":"Slime Boss","floor":16.0,"turns":10.0},{"damage":9.0,"enemies":"Chosen","floor":18.0,"turns":6.0},{"damage":18.0,"enemies":"2 Thieves","floor":20.0,"turns":5.0},{"damage":4.0,"enemies":"Gremlin Leader","floor":24.0,"turns":5.0},{"damage":0.0,"enemies":"Snecko","floor":29.0,"turns":3.0},{"damage":0.0,"enemies":"Cultist and Chosen","floor":30.0,"turns":4.0},{"damage":8.0,"enemies":"Book of Stabbing","floor":31.0,"turns":5.0},{"damage":0.0,"enemies":"Collector","floor":33.0,"turns":7.0},{"damage":0.0,"enemies":"Orb Walker","floor":35.0,"turns":2.0},{"damage":0.0,"enemies":"3 Shapes","floor":36.0,"turns":3.0},{"damage":8.0,"enemies":"Sphere and 2 Shapes","floor":38.0,"turns":4.0},{"damage":1.0,"enemies":"Maw","floor":39.0,"turns":7.0},{"damage":18.0,"enemies":"Giant Head","floor":41.0,"turns":9.0},{"damage":10.0,"enemies":"3 Darklings","floor":44.0,"turns":4.0},{"damage":23.0,"enemies":"4 Shapes","floor":46.0,"turns":2.0},{"damage":0.0,"enemies":"Transient","floor":48.0,"turns":5.0},{"damage":59.0,"enemies":"Time Eater","floor":50.0,"turns":12.0},{"damage":50.0,"enemies":"Shield and Spear","floor":54.0,"turns":6.0},{"damage":48,"enemies":"The Heart","floor":55,"turns":3}],"seed_played":"4775279484982078812","potions_obtained":[{"floor":7.0,"key":"SteroidPotion"},{"floor":10.0,"key":"BlessingOfTheForge"},{"floor":11.0,"key":"Guardian:BlockOnCardUsePotion"},{"floor":20.0,"key":"GamblersBrew"},{"floor":31.0,"key":"sneckomod:MuddlingPotion"},{"floor":35.0,"key":"Strength Potion"},{"floor":36.0,"key":"PowerPotion"},{"floor":54.0,"key":"AttackPotion"}],"is_trial":false,"path_per_floor":["M","?","$","?","$","R","E","R","T","E","M","E","M","M","R","B",null,"M","?","M","?","?","R","E","R","T","R","T","M","M","E","R","B",null,"M","M","?","M","M","R","E","R","T","M","$","M","R","M","R","B",null,"R","$","E","B"],"character_chosen":"HERMIT","items_purchased":["Bandage Up","hermit:HoleUp","Membership Card","Runesmith:Locket","Oddly Smooth Stone","hermit:Determination+1","hermit:GhostlyPresence","hermit:Deadeye","Strength Potion","Energy Potion","hermit:BlackBile","hermit:ShadowCloak+1","reliquary:HotPoker","Nunchaku","Swift Potion","EssenceOfSteel","hermit:Cheat","hermit:LowProfile","hermit:FinalCanter","Bandage Up"],"campfire_rested":4,"item_purchase_floors":[3,5,45,45,45,45,45,45,45,45,45,53,53,53,53,53,53,53,53,53],"current_hp_per_floor":[68,68,68,68,68,68,68,68,68,68,71,41,45,40,40,19,61,56,56,42,47,47,71,71,71,71,71,71,71,71,67,67,71,78,80,80,80,76,79,79,65,80,80,70,70,47,71,71,71,16,64,80,80,34,0,0],"gold":63,"neow_bonus":"THREE_ENEMY_KILL","is_daily":false,"chose_seed":false,"campfire_upgraded":4,"win_rate":0.0,"timestamp":1614026264,"path_taken":["M","?","$","?","?","R","E","R","T","E","M","E","M","?","R","BOSS","M","?","M","?","?","R","E","R","T","R","?","?","M","E","R","BOSS","M","?","?","M","M","R","E","R","T","M","$","?","R","M","R","BOSS","R","$","E","BOSS"],"items_purchased_type":["Card","Card","Relic","Relic","Relic","Card","Card","Card","Potion","Potion","Potion","Card","Relic","Relic","Potion","Potion","Card","Card","Card","Card"],"build_version":"2020-12-22","purchased_purges":2,"victory":false,"max_hp_per_floor":[75,75,75,75,75,75,75,75,75,75,75,75,75,75,75,75,75,75,75,75,80,80,80,80,80,80,80,80,80,80,80,80,80,80,80,80,80,80,80,80,80,80,80,80,80,80,80,80,80,80,80,80,80,80,80,80],"card_choices":[{"not_picked":["hermit:Vantage","hermit:Feint"],"picked":"hermit:Manifest","floor":1.0},{"not_picked":["Purity","Forethought"],"picked":"Swift Strike","floor":4.0},{"not_picked":["hermit:WideOpen","hermit:Coalescence"],"picked":"hermit:Manifest","floor":7.0},{"not_picked":["hermit:HighCaliber","hermit:Dive"],"picked":"hermit:LowProfile","floor":10.0},{"not_picked":["hermit:Roulette","hermit:Misfire"],"picked":"hermit:GhostlyPresence","floor":11.0},{"not_picked":["hermit:LowProfile","hermit:Desperado"],"picked":"hermit:RoundhouseKick","floor":12.0},{"not_picked":["hermit:Desperado","hermit:Roulette"],"picked":"hermit:Spite","floor":13.0},{"not_picked":["hermit:Headshot","hermit:CalledShot"],"picked":"hermit:SprayPray","floor":14.0},{"not_picked":["hermit:RoundhouseKick","hermit:HighNoon"],"picked":"hermit:Adapt","floor":16.0},{"not_picked":["hermit:ItchyTrigger","hermit:TakeAim+1"],"picked":"hermit:LowProfile+1","floor":18.0},{"not_picked":["hermit:Vantage","hermit:BigShot"],"picked":"hermit:Cheat","floor":20.0},{"not_picked":["hermit:Spite+1","hermit:CalledShot"],"picked":"hermit:RoundhouseKick","floor":24.0},{"not_picked":["hermit:LowProfile","hermit:Snipe"],"picked":"hermit:Manifest","floor":29.0},{"not_picked":["hermit:Enervate","hermit:CursedWeapon"],"picked":"hermit:Brawl","floor":30.0},{"not_picked":["hermit:FullyLoaded","hermit:Vantage+1"],"picked":"hermit:Manifest+1","floor":31.0},{"not_picked":["hermit:Dissolve","hermit:Adapt+1"],"picked":"hermit:FinalCanter","floor":33.0},{"not_picked":["hermit:Coalescence","hermit:LowProfile"],"picked":"hermit:Deadeye+1","floor":35.0},{"not_picked":["hermit:Coalescence+1","hermit:BodyArmor"],"picked":"hermit:Quickdraw+1","floor":36.0},{"not_picked":["hermit:Roulette+1","hermit:FatalDesire+1"],"picked":"hermit:Dive+1","floor":38.0},{"not_picked":["hermit:HoleUp+1","hermit:Vantage+1"],"picked":"hermit:Glare","floor":39.0},{"not_picked":["hermit:CursedWeapon","hermit:FullyLoaded"],"picked":"hermit:Spite","floor":41.0},{"not_picked":["hermit:Misfire","hermit:CalledShot","hermit:Glare"],"picked":"SKIP","floor":44.0},{"not_picked":["hermit:Misfire","hermit:TakeCover+1"],"picked":"hermit:Manifest+1","floor":46.0},{"not_picked":["hermit:Horror+1","hermit:TrackingShot+1"],"picked":"hermit:Cheat","floor":48.0},{"not_picked":["hermit:Headshot","hermit:Misfire+1"],"picked":"hermit:SprayPray","floor":54.0}],"player_experience":1464745,"relics_obtained":[{"floor":7.0,"key":"Girya"},{"floor":9.0,"key":"Mummified Hand"},{"floor":10.0,"key":"Smiling Mask"},{"floor":12.0,"key":"Incense Burner"},{"floor":24.0,"key":"FossilizedHelix"},{"floor":26.0,"key":"Old Coin"},{"floor":28.0,"key":"reliquary:Firecrackers"},{"floor":31.0,"key":"Frozen Egg 2"},{"floor":41.0,"key":"hermit:CharredGlove"},{"floor":54.0,"key":"Pocketwatch"}],"event_choices":[{"damage_healed":0.0,"max_hp_gain":0.0,"max_hp_loss":0.0,"gold_gain":0.0,"event_name":"Golden Idol","player_choice":"Take Wound","floor":2.0,"gold_loss":0.0,"damage_taken":0.0,"relics_obtained":["Golden Idol"],"cards_obtained":["Injury"]},{"damage_healed":0.0,"max_hp_gain":0.0,"max_hp_loss":0.0,"gold_gain":1.0,"event_name":"betterStone:BetterStone","player_choice":"1","floor":4.0,"gold_loss":0.0,"damage_taken":0.0},{"damage_healed":0.0,"max_hp_gain":0.0,"max_hp_loss":0.0,"gold_gain":0.0,"cards_transformed":["hermit:Strike_Hermit"],"event_name":"Transmorgrifier","player_choice":"Transformed","floor":37.0,"gold_loss":0.0,"damage_taken":0.0,"cards_obtained":["hermit:FullyLoaded"]}],"is_beta":false,"boss_relics":[{"not_picked":["Sozu","hermit:ClaspedLocket"],"picked":"Cursed Key"},{"not_picked":["Runic Dome","reliquary:RedPaperclip"],"picked":"Philosopher\u0027s Stone"}],"items_purged_floors":[45,53],"is_endless":false,"potions_floor_spawned":[7,10,11,20,31,35,36,46,54],"killed_by":"The Heart","ascension_level":8}}