{"host":"lxihx0b6awoz2w1j","time":1614036409,"event":{"mods":["BaseMod","Better Third Choice","BetterRewards","CapriCore","Colored Powertips","Conspire","Downfall","Fox Events","Infinite Spire","Melee Mod","Minty Spire (QoL Compilation)","Permanent Neow","Quick Restart","Relic Stats","Reliquary","Replay The Spire","Spicy Shops","StSLib","The Alterego","The Blue Laboratory","The Death Knight","The Forsaken","The Jungle","Waifu the Spire"],"gold_per_floor":[118,136,148,40,60,60,94,113,139,16,16,28,28,42,42,139,139,152,164,164,232,249,278,278,306,354,383,433,433,483,509,509,629,629,643,661,675,725,740,740,769,769,769,769,780,780,792,803,803,803,803],"floor_reached":50,"language":"ENG","playtime":3367,"items_purged":[],"score":736,"play_id":"f480b58d-68b3-426d-b54a-a677cf1a18b7","local_time":"20210223002649","is_ascension_mode":true,"campfire_choices":[{"data":"Rupture","floor":6.0,"key":"SMITH"},{"data":"Flame Barrier","floor":11.0,"key":"SMITH"},{"data":"Bash","floor":13.0,"key":"SMITH"},{"data":"Iron Wave","floor":15.0,"key":"SMITH"},{"floor":24.0,"key":"REST"},{"data":"Combust","floor":29.0,"key":"SMITH"},{"floor":32.0,"key":"REST"},{"floor":40.0,"key":"REST"},{"floor":42.0,"key":"REST"},{"data":"Ghostly Armor","floor":44.0,"key":"SMITH"},{"data":"infinitespire:Collect","floor":49,"key":"SMITH"}],"circlet_count":0,"master_deck":["Strike_R+1","Strike_R","Strike_R","Strike_R","Strike_R","Defend_R","Defend_R","Defend_R","Defend_R","Bash+1","Combust+1","Clothesline","Combust+1","Iron Wave+1","Flex","Rupture+1","Ghostly Armor+1","Shrug It Off","Inflame","Flame Barrier+1","Heavy Blade","Pommel Strike","Immolate","Pommel Strike","Cleave","Carnage","Heavy Blade","Pummel","Twin Strike","Iron Wave","conspire:HitWhereItHurts","Twin Strike","Shrug It Off","Rampage+1","Pain","Looming Evil","Wild Strike+1","infinitespire:Collect+1"],"relics":["Burning Blood","Meat on the Bone","Guide Book","Chameleon Ring","Replay:Grab Bag","Painkiller Herb","Sozu","Black Star","SsserpentHead","DeathKnight:PutricidesVial","reliquary:RoseTintedGlasses","downfall:ExtraCursedKey","reliquary:RedPaperclip","reliquary:SilkGlove","reliquary:SharkskinSheath","DeathKnight:SindragosasSkull","reliquary:Aerogel","conspire:SpecialSausage"],"acts_visited":["Exordium","TheCity","TheBeyond"],"potions_floor_usage":[],"damage_taken":[{"damage":2.0,"enemies":"Cultist","floor":1.0,"turns":2.0},{"damage":13.0,"enemies":"Jaw Worm","floor":2.0,"turns":2.0},{"damage":1.0,"enemies":"Small Slimes","floor":3.0,"turns":1.0},{"damage":9.0,"enemies":"2 Fungi Beasts","floor":5.0,"turns":3.0},{"damage":3.0,"enemies":"3 Sentries","floor":7.0,"turns":3.0},{"damage":2.0,"enemies":"Looter","floor":8.0,"turns":4.0},{"damage":2.0,"enemies":"Exordium Wildlife","floor":12.0,"turns":2.0},{"damage":12.0,"enemies":"Large Slime","floor":14.0,"turns":3.0},{"damage":61.0,"enemies":"The Guardian","floor":16.0,"turns":9.0},{"damage":2.0,"enemies":"Spheric Guardian","floor":18.0,"turns":3.0},{"damage":15.0,"enemies":"Shell Parasite","floor":19.0,"turns":5.0},{"damage":18.0,"enemies":"Snake Plant","floor":21.0,"turns":3.0},{"damage":19.0,"enemies":"conspire:HollyBat","floor":22.0,"turns":7.0},{"damage":37.0,"enemies":"conspire:SneckoGhost","floor":23.0,"turns":7.0},{"damage":2.0,"enemies":"3 Cultists","floor":25.0,"turns":3.0},{"damage":13.0,"enemies":"Snecko","floor":27.0,"turns":4.0},{"damage":11.0,"enemies":"Chosen and Byrds","floor":31.0,"turns":4.0},{"damage":45.0,"enemies":"Pondfish","floor":33.0,"turns":6.0},{"damage":15.0,"enemies":"3 Darklings","floor":35.0,"turns":3.0},{"damage":9.0,"enemies":"Orb Walker","floor":36.0,"turns":3.0},{"damage":25.0,"enemies":"Maw","floor":37.0,"turns":6.0},{"damage":22.0,"enemies":"Jaw Worm Horde","floor":39.0,"turns":4.0},{"damage":28.0,"enemies":"Reptomancer","floor":41.0,"turns":6.0},{"damage":24.0,"enemies":"Transient","floor":45.0,"turns":5.0},{"damage":3,"enemies":"3 Darklings","floor":47,"turns":3},{"damage":5,"enemies":"Sphere and 2 Shapes","floor":48,"turns":3},{"damage":19,"enemies":"Time Eater","floor":50,"turns":2}],"seed_played":"-5849789901013270929","potions_obtained":[{"floor":1.0,"key":"champ:CounterPotion"},{"floor":12.0,"key":"Fruit Juice"},{"floor":14.0,"key":"blueLaboratory:ArtificerPotion"}],"is_trial":false,"path_per_floor":["M","M","M","$","M","R","E","M","T","$","R","M","R","M","R","B",null,"?","?","?","?","?","E","T","?","T","?","?","T","?","?","T","B",null,"?","?","?","?","?","T","E","T","T","T","?","AVR","?","?","T","B"],"character_chosen":"IRONCLAD","items_purchased":["Combust","Meat on the Bone","Guide Book","Clothesline","Rupture","Ghostly Armor","Flame Barrier","Heavy Blade"],"campfire_rested":4,"item_purchase_floors":[0,0,0,0,4,4,10,10],"current_hp_per_floor":[76,69,74,74,71,71,74,78,78,78,78,80,80,74,74,31,80,80,71,71,59,58,39,63,67,67,60,60,60,60,55,79,52,80,71,68,49,49,45,69,54,80,80,80,62,62,65,66,66,47,47],"gold":803,"neow_bonus":"","is_daily":false,"chose_seed":false,"campfire_upgraded":7,"win_rate":0.0,"timestamp":1614036409,"path_taken":["M","?","M","$","M","R","E","?","T","$","R","M","R","M","R","BOSS","?","?","?","?","?","E","T","?","T","?","?","T","?","?","T","BOSS","?","?","?","?","?","T","E","T","T","T","?","AVR","?","?","T","BOSS"],"items_purchased_type":["Card","Relic","Relic","Card","Card","Card","Card","Card"],"build_version":"2020-12-22","purchased_purges":0,"victory":false,"max_hp_per_floor":[80,80,80,80,80,80,80,80,80,80,80,80,80,80,80,80,80,80,80,80,80,80,80,80,80,80,80,80,80,80,80,80,80,80,80,80,80,80,80,80,87,87,87,87,87,87,87,87,87,87,87],"relic_stats":{"Sozu":7,"SsserpentHead":200,"counters":[27,106],"Black Star":2,"obtain_stats":[{"reliquary:SilkGlove":41,"reliquary:Aerogel":46,"Guide Book":0,"Replay:Grab Bag":17,"Painkiller Herb":17,"conspire:SpecialSausage":46,"Burning Blood":0,"Sozu":17,"SsserpentHead":20,"Replay:Bandana":23,"Chameleon Ring":7,"reliquary:RedPaperclip":34,"DeathKnight:PutricidesVial":23,"reliquary:Stiletto":9,"reliquary:RoseTintedGlasses":26,"downfall:ExtraCursedKey":28,"Black Star":17,"Meat on the Bone":0,"reliquary:SharkskinSheath":41,"DeathKnight:SindragosasSkull":43},{"reliquary:SilkGlove":23,"reliquary:Aerogel":24,"Guide Book":0,"Replay:Grab Bag":9,"Painkiller Herb":9,"conspire:SpecialSausage":24,"Burning Blood":0,"Sozu":9,"SsserpentHead":11,"Replay:Bandana":14,"Chameleon Ring":5,"reliquary:RedPaperclip":18,"DeathKnight:PutricidesVial":14,"reliquary:Stiletto":6,"reliquary:RoseTintedGlasses":15,"downfall:ExtraCursedKey":16,"Black Star":9,"Meat on the Bone":0,"reliquary:SharkskinSheath":23,"DeathKnight:SindragosasSkull":23},{"reliquary:SilkGlove":93,"reliquary:Aerogel":98,"Guide Book":0,"Replay:Grab Bag":29,"Painkiller Herb":29,"conspire:SpecialSausage":98,"Burning Blood":0,"Sozu":29,"SsserpentHead":37,"Replay:Bandana":54,"Chameleon Ring":11,"reliquary:RedPaperclip":71,"DeathKnight:PutricidesVial":54,"reliquary:Stiletto":15,"reliquary:RoseTintedGlasses":57,"downfall:ExtraCursedKey":61,"Black Star":29,"Meat on the Bone":0,"reliquary:SharkskinSheath":93,"DeathKnight:SindragosasSkull":93}],"Burning Blood":150,"Meat on the Bone":60},"card_choices":[{"not_picked":["Run Through","Whirlwind"],"picked":"Combust","floor":1.0},{"not_picked":["Body Slam","Heavy Blade"],"picked":"Iron Wave","floor":2.0},{"not_picked":["Reckless Charge","Clash"],"picked":"Flex","floor":3.0},{"not_picked":["Entrench","Infernal Blade"],"picked":"Shrug It Off","floor":5.0},{"not_picked":["Rage","Defy Death","Massacre"],"picked":"SKIP","floor":7.0},{"not_picked":["Feel No Pain","Headbutt"],"picked":"Inflame","floor":8.0},{"not_picked":["Sever Soul","Clash","Rupture"],"picked":"SKIP","floor":12.0},{"not_picked":["Warcry","Replay:Undeath\u0027s Touch"],"picked":"Pommel Strike","floor":14.0},{"not_picked":["Impervious","Corruption"],"picked":"Immolate","floor":16.0},{"not_picked":["Defy Death+1","Power Through+1"],"picked":"Pommel Strike","floor":18.0},{"not_picked":["Pommel Strike","Heavy Blade"],"picked":"Cleave","floor":19.0},{"not_picked":["Massacre","Body Slam+1"],"picked":"Carnage","floor":21.0},{"not_picked":["Sentinel","Run Through"],"picked":"Heavy Blade","floor":22.0},{"not_picked":["Flex","Wild Strike+1"],"picked":"Pummel","floor":23.0},{"not_picked":["Fiend Fire","Thunderclap"],"picked":"Twin Strike","floor":25.0},{"not_picked":["Evolve","Infernal Blade"],"picked":"Iron Wave","floor":27.0},{"not_picked":["Body Slam","Sentinel","Replay:Undeath\u0027s Touch"],"picked":"SKIP","floor":31.0},{"not_picked":["Limit Break","Exhume"],"picked":"conspire:HitWhereItHurts","floor":33.0},{"not_picked":["Perfected Strike","Pommel Strike"],"picked":"Twin Strike","floor":35.0},{"not_picked":["Burning Pact","Clothesline"],"picked":"Shrug It Off","floor":36.0},{"not_picked":["Shrug It Off","Wild Strike"],"picked":"Rampage+1","floor":37.0},{"not_picked":["ReplayTheSpireMod:LeadingStrike","Clash","Havoc"],"picked":"SKIP","floor":39.0},{"not_picked":["Clash","Flex+1","Defy Death"],"picked":"SKIP","floor":41.0},{"not_picked":["Flex","Clothesline+1"],"picked":"Wild Strike+1","floor":45.0},{"not_picked":["Warcry+1","Run Through+1","Replay:Undeath\u0027s Touch+1"],"picked":"SKIP","floor":47},{"not_picked":["Cleave+1","Heavy Blade+1","Pummel+1"],"picked":"SKIP","floor":48}],"player_experience":639884,"relics_obtained":[{"floor":7.0,"key":"Chameleon Ring"},{"floor":9.0,"key":"reliquary:Stiletto"},{"floor":23.0,"key":"DeathKnight:PutricidesVial"},{"floor":23.0,"key":"Replay:Bandana"},{"floor":26.0,"key":"reliquary:RoseTintedGlasses"},{"floor":41.0,"key":"reliquary:SilkGlove"},{"floor":41.0,"key":"reliquary:SharkskinSheath"},{"floor":43.0,"key":"DeathKnight:SindragosasSkull"}],"event_choices":[{"damage_healed":0.0,"max_hp_gain":0.0,"max_hp_loss":0.0,"gold_gain":0.0,"event_name":"FaceTrader","player_choice":"Trade","floor":20.0,"gold_loss":0.0,"damage_taken":0.0,"relics_obtained":["SsserpentHead"]},{"damage_healed":0.0,"max_hp_gain":0.0,"max_hp_loss":0.0,"gold_gain":0.0,"event_name":"Vampires","player_choice":"Ignored","floor":30.0,"gold_loss":0.0,"damage_taken":0.0}],"is_beta":false,"boss_relics":[{"not_picked":["theForsaken:PaleLantern","ReplayTheSpireMod:DimensionalGlitch"],"picked":"Replay:Grab Bag"},{"not_picked":["Replay:Wanted Poster","Abe\u0027s Treasure"],"picked":"Painkiller Herb"},{"not_picked":["ReplayTheSpireMod:Onyx Gauntlets","reliquary:WritOfMandamus"],"picked":"Sozu"},{"not_picked":["Snecko Eye","Calling Bell"],"picked":"Black Star"},{"not_picked":["reliquary:Craggleroot","reliquary:RustamsPendant"],"picked":"reliquary:RedPaperclip"}],"items_purged_floors":[],"is_endless":false,"potions_floor_spawned":[1,12,14,16,19,23,31,33,35,45,47],"killed_by":"Time Eater","ascension_level":1}}