{"host":"jt67skv49snb75sm","time":1614004766,"event":{"mods":["BaseMod","Bestiary","Minty Spire (QoL Compilation)","Relic Stats"],"gold_per_floor":[113,152,166,166,180,211,211,211,211],"floor_reached":8,"language":"ENG","playtime":419,"items_purged":[],"score":113,"play_id":"412dd604-5c65-4968-859b-dc10db5c29d7","local_time":"20210222153926","is_ascension_mode":true,"campfire_choices":[{"floor":7,"key":"REST"}],"circlet_count":0,"master_deck":["AscendersBane","Strike_P","Strike_P","Strike_P","Strike_P","Defend_P","Defend_P","Defend_P","Defend_P","Vigilance","Wish","CrushJoints","BattleHymn","Sanctity","Omniscience","Halt","SashWhip"],"relics":["PureWater","Pocketwatch"],"acts_visited":["Exordium"],"potions_floor_usage":[6],"damage_taken":[{"damage":6,"enemies":"Jaw Worm","floor":1,"turns":3},{"damage":4,"enemies":"Cultist","floor":2,"turns":5},{"damage":11,"enemies":"Small Slimes","floor":3,"turns":4},{"damage":12,"enemies":"2 Fungi Beasts","floor":5,"turns":5},{"damage":25,"enemies":"3 Sentries","floor":6,"turns":9},{"damage":8,"enemies":"Gremlin Nob","floor":8,"turns":3}],"seed_played":"-8798480129668957340","potions_obtained":[{"floor":2,"key":"ColorlessPotion"}],"is_trial":false,"path_per_floor":["M","M","M","?","M","E","R","E"],"character_chosen":"WATCHER","items_purchased":[],"campfire_rested":1,"item_purchase_floors":[],"current_hp_per_floor":[55,51,40,40,28,3,23,15,15],"gold":211,"neow_bonus":"ONE_RANDOM_RARE_CARD","is_daily":false,"chose_seed":false,"campfire_upgraded":0,"win_rate":0.0,"timestamp":1614004766,"path_taken":["M","M","M","?","M","E","R","E"],"items_purchased_type":[],"build_version":"2020-12-22","purchased_purges":0,"victory":false,"max_hp_per_floor":[68,68,68,68,68,68,68,68,68],"relic_stats":{"counters":[6,29],"obtain_stats":[{"PureWater":0,"Pocketwatch":6},{"PureWater":0,"Pocketwatch":5},{"PureWater":0,"Pocketwatch":26}],"Pocketwatch":[6]},"card_choices":[{"not_picked":["Crescendo","Sanctity"],"picked":"CrushJoints","floor":1},{"not_picked":["EmptyBody","CutThroughFate"],"picked":"BattleHymn","floor":2},{"not_picked":["Halt","EmptyBody"],"picked":"Sanctity","floor":3},{"not_picked":["EmptyBody","CarveReality"],"picked":"Halt","floor":5},{"not_picked":["BowlingBash","ClearTheMind"],"picked":"SashWhip","floor":6}],"player_experience":870608,"relics_obtained":[{"floor":6,"key":"Pocketwatch"}],"event_choices":[{"damage_healed":0,"gold_gain":0,"cards_transformed":["Eruption"],"player_choice":"Transformed","damage_taken":0,"max_hp_gain":0,"max_hp_loss":0,"event_name":"Transmorgrifier","floor":4,"gold_loss":0,"cards_obtained":["Omniscience"]}],"is_beta":false,"boss_relics":[],"items_purged_floors":[],"is_endless":false,"potions_floor_spawned":[2],"killed_by":"Gremlin Nob","ascension_level":19}}