{"host":"8is2j71l4wmybkoi","time":1614009967,"event":{"mods":["AchievementEnabler","BaseMod","Colored Map","DeckTracker","Minty Spire (QoL Compilation)","Rare Cards Sparkle","Relic Stats","StSLib","SuperFastMode"],"gold_per_floor":[217,229,249,8,8,8,35,35,35,35,70,40,60,25,25,99,99,117,317,332,332,257,257,584,584,609,609,634,649,681,695,695,695,695],"floor_reached":33,"language":"KOR","playtime":1031,"items_purged":[],"score":622,"play_id":"ea55bcb7-9e99-4fe8-a860-b6521f3d2d94","local_time":"20210223010607","is_ascension_mode":true,"campfire_choices":[{"data":"Catalyst","floor":6.0,"key":"SMITH"},{"floor":8.0,"key":"REST"},{"floor":10.0,"key":"REST"},{"data":"Bouncing Flask","floor":15.0,"key":"SMITH"},{"data":"Outmaneuver","floor":23,"key":"SMITH"},{"floor":25,"key":"REST"},{"floor":27,"key":"REST"},{"floor":32,"key":"REST"}],"circlet_count":0,"master_deck":["AscendersBane","Strike_G","Strike_G","Strike_G","Strike_G","Defend_G","Defend_G","Defend_G","Defend_G","Defend_G","Survivor","Neutralize","Catalyst+1","Bouncing Flask+1","Outmaneuver+1","Cloak And Dagger+1","Burst+1","Crippling Poison+1","Adrenaline+1","Quick Slash+1","Acrobatics+1","PiercingWail+1","Reflex+1","Concentrate+1"],"relics":["Ring of the Snake","Toxic Egg 2","Question Card","Molten Egg 2","WingedGreaves","Sozu","Old Coin","PreservedInsect","Mango"],"acts_visited":["Exordium","TheCity"],"potions_floor_usage":[20],"damage_taken":[{"damage":0.0,"enemies":"Cultist","floor":1.0,"turns":4.0},{"damage":8.0,"enemies":"Small Slimes","floor":2.0,"turns":5.0},{"damage":0.0,"enemies":"2 Louse","floor":3.0,"turns":4.0},{"damage":40.0,"enemies":"Gremlin Nob","floor":7.0,"turns":4.0},{"damage":27.0,"enemies":"Lagavulin","floor":11.0,"turns":5.0},{"damage":0.0,"enemies":"Red Slaver","floor":13.0,"turns":5.0},{"damage":19.0,"enemies":"The Guardian","floor":16.0,"turns":7.0},{"damage":0,"enemies":"Chosen","floor":18,"turns":3},{"damage":0,"enemies":"2 Thieves","floor":20,"turns":3},{"damage":40,"enemies":"Slavers","floor":24,"turns":5},{"damage":10,"enemies":"Snake Plant","floor":29,"turns":3},{"damage":0,"enemies":"Gremlin Leader","floor":30,"turns":3},{"damage":10,"enemies":"Shelled Parasite and Fungi","floor":31,"turns":4},{"damage":89,"enemies":"Automaton","floor":33,"turns":6}],"seed_played":"-5128109304606064970","potions_obtained":[{"floor":1.0,"key":"SneckoOil"},{"floor":12.0,"key":"BlessingOfTheForge"},{"floor":12.0,"key":"ColorlessPotion"},{"floor":13.0,"key":"Strength Potion"},{"floor":16.0,"key":"Energy Potion"}],"is_trial":false,"path_per_floor":["M","M","M","$","?","R","E","R","T","R","E","?","M","?","R","B",null,"M","?","M","?","?","R","E","R","T","R","T","M","E","M","R","B"],"character_chosen":"THE_SILENT","items_purchased":["Toxic Egg 2"],"campfire_rested":5,"item_purchase_floors":[4],"current_hp_per_floor":[59,51,51,51,51,51,11,30,30,49,22,22,22,38,38,19,54,54,54,54,54,54,54,14,33,33,52,52,42,56,46,70,0,0],"gold":695,"neow_bonus":"HUNDRED_GOLD","is_daily":false,"chose_seed":false,"campfire_upgraded":3,"win_rate":0.0,"timestamp":1614009967,"path_taken":["M","M","?","$","?","R","E","R","T","R","E","?","?","?","R","BOSS","M","?","?","?","?","R","E","R","T","R","?","?","E","M","R","BOSS"],"items_purchased_type":["Relic"],"build_version":"2020-12-22","purchased_purges":0,"victory":false,"max_hp_per_floor":[66,66,66,66,66,66,66,66,66,66,66,66,66,66,66,66,66,66,66,66,66,66,66,66,66,66,66,66,66,80,80,80,80,80],"relic_stats":{"Sozu":2,"counters":[14,61],"PreservedInsect":48,"Question Card":9,"obtain_stats":[{"Sozu":17,"Molten Egg 2":9,"Mango":30,"WingedGreaves":11,"PreservedInsect":28,"Toxic Egg 2":4,"Question Card":7,"Ring of the Snake":0,"Old Coin":24},{"Sozu":7,"Molten Egg 2":4,"Mango":12,"WingedGreaves":5,"PreservedInsect":10,"Toxic Egg 2":3,"Question Card":4,"Ring of the Snake":0,"Old Coin":10},{"Sozu":34,"Molten Egg 2":17,"Mango":51,"WingedGreaves":22,"PreservedInsect":45,"Toxic Egg 2":13,"Question Card":17,"Ring of the Snake":0,"Old Coin":45}],"Ring of the Snake":[28]},"card_choices":[{"not_picked":["PiercingWail","Bane"],"picked":"Catalyst","floor":1.0},{"not_picked":["Infinite Blades","Deadly Poison"],"picked":"Bouncing Flask","floor":2.0},{"not_picked":["Deflect","PiercingWail"],"picked":"Outmaneuver","floor":3.0},{"not_picked":["Setup+1","Choke"],"picked":"Cloak And Dagger+1","floor":7.0},{"not_picked":["Flechettes+1","Predator+1","Backstab+1"],"picked":"Burst+1","floor":11.0},{"not_picked":["Cloak And Dagger+1","Blur+1","Finisher+1"],"picked":"Crippling Poison+1","floor":13.0},{"not_picked":["Envenom","Die Die Die+1","Bullet Time+1"],"picked":"Adrenaline+1","floor":16.0},{"not_picked":["Endless Agony+1","Dagger Throw+1","Flying Knee+1"],"picked":"Quick Slash+1","floor":18},{"not_picked":["Deflect+1","Cloak And Dagger+1","Infinite Blades","Terror+1"],"picked":"SKIP","floor":20},{"not_picked":["Bane+1","Poisoned Stab+1","Eviscerate+1"],"picked":"PiercingWail+1","floor":24},{"not_picked":["Concentrate+1","Poisoned Stab+1","Cloak And Dagger+1"],"picked":"Reflex+1","floor":29},{"not_picked":["Deflect+1","Bane+1","Riddle With Holes+1"],"picked":"Concentrate+1","floor":30},{"not_picked":["Blade Dance+1","Underhanded Strike+1","Dagger Spray+1","Sucker Punch+1"],"picked":"SKIP","floor":31}],"player_experience":1299811,"relics_obtained":[{"floor":7.0,"key":"Question Card"},{"floor":9.0,"key":"Molten Egg 2"},{"floor":11.0,"key":"WingedGreaves"},{"floor":24,"key":"Old Coin"},{"floor":28,"key":"PreservedInsect"},{"floor":30,"key":"Mango"}],"event_choices":[{"damage_healed":0.0,"max_hp_gain":0.0,"max_hp_loss":0.0,"gold_gain":0.0,"event_name":"Liars Game","player_choice":"Ignored","floor":5.0,"gold_loss":0.0,"damage_taken":0.0},{"damage_healed":0.0,"max_hp_gain":0.0,"max_hp_loss":0.0,"gold_gain":0.0,"event_name":"The Woman in Blue","player_choice":"Bought 2 Potions","floor":12.0,"gold_loss":0.0,"damage_taken":0.0},{"damage_healed":16.0,"max_hp_gain":0.0,"max_hp_loss":0.0,"gold_gain":0.0,"event_name":"The Cleric","player_choice":"Healed","floor":14.0,"gold_loss":35.0,"damage_taken":0.0},{"damage_healed":0,"gold_gain":200,"player_choice":"Gold","damage_taken":0,"max_hp_gain":0,"max_hp_loss":0,"event_name":"Wheel of Change","floor":19,"gold_loss":0},{"damage_healed":0,"gold_gain":0,"player_choice":"Read","damage_taken":0,"max_hp_gain":0,"max_hp_loss":0,"event_name":"The Library","floor":21,"gold_loss":0,"cards_obtained":["Acrobatics"]},{"cards_removed":["Strike_G"],"damage_healed":0,"gold_gain":0,"player_choice":"Gave Gold","damage_taken":0,"max_hp_gain":0,"max_hp_loss":0,"event_name":"Beggar","floor":22,"gold_loss":75}],"is_beta":false,"boss_relics":[{"not_picked":["Calling Bell","Philosopher\u0027s Stone"],"picked":"Sozu"}],"items_purged_floors":[],"is_endless":false,"potions_floor_spawned":[1,13,16,20,30],"killed_by":"Automaton","ascension_level":15}}