{"host":"t4v9ql4vaq3tgzms","time":1614004010,"event":{"mods":["AchievementEnabler","Aspiration","BaseMod","Colored Map","Conspire","Decade(王小明)","Highlight Path","KomeijiMod","LagranYue(拉格朗・月)","Marisa（F雨　魔理沙）","Minty Spire (QoL Compilation)","Replay The Spire","RumiaBox-露米娅的神秘盒子","StSLib","The Administrix","The Animator","The Bug Knight","The Cursed","The Runesmith","The Servant 0.9.4","【功能Mod】混沌之环修复补丁"],"gold_per_floor":[111,111,10,10,110,110,141,151,232,252,265,265,265,280,280,385,385,399,399,339,188,188,188],"floor_reached":22,"language":"ZHS","playtime":2680,"items_purged":["Decade_Attack"],"score":257,"play_id":"d68ae9e1-f253-474d-8726-d55d5e53897f","local_time":"20210222222650","is_ascension_mode":false,"campfire_choices":[{"data":"Kiva_Bats","floor":6.0,"key":"SMITH"},{"data":"KamenRide","floor":12,"key":"SMITH"},{"data":"KamenRideFaiz","floor":15,"key":"SMITH"}],"circlet_count":0,"master_deck":["Decade_Attack","Decade_Attack","KamenRide+1","Decade_SpecialSkill","Decade_Defend","Decade_Defend","Decade_Defend","Decade_Defend","Kiva_Bats+1","KamenRideFaiz+1","FormRideFlame","RideBooker_Skill_2+1","PerfectMaid+1"],"relics":["Decadriver","TOEIDeficitBill","LagranYue:RandomDrawCardRelic","MagicDraw4","aspiration:BabyByrd","LagranYue:SoulBurningRelic","Vajra"],"acts_visited":["Exordium","TheCity"],"potions_floor_usage":[],"damage_taken":[{"damage":7.0,"enemies":"Small Slimes","floor":1.0,"turns":4.0},{"damage":0.0,"enemies":"HollowMod:MossKnight","floor":7.0,"turns":5.0},{"damage":0,"enemies":"Jaw Worm","floor":8,"turns":2},{"damage":4,"enemies":"conspire:RoseBush","floor":10,"turns":2},{"damage":3,"enemies":"Gremlin Gang","floor":11,"turns":2},{"damage":3,"enemies":"2 Fungi Beasts","floor":14,"turns":3},{"damage":0,"enemies":"Slime Boss","floor":16,"turns":7},{"damage":8,"enemies":"Shell Parasite","floor":18,"turns":4},{"damage":0,"enemies":"2 Thieves","floor":22,"turns":1}],"seed_played":"-7884374415655099880","potions_obtained":[{"floor":7,"key":"CultistPotion"},{"floor":8,"key":"Energy Potion"}],"is_trial":false,"path_per_floor":["M","?","$","?","?","R","E","M","T","M","M","R","?","M","R","B",null,"M","?","?","$","M"],"character_chosen":"Decade","items_purchased":["FormRideFlame","Vajra"],"campfire_rested":0,"item_purchase_floors":[3,21],"current_hp_per_floor":[75,75,75,75,75,75,75,75,75,71,68,68,68,65,65,76,82,74,74,74,74,74,74],"gold":188,"neow_bonus":"TEN_PERCENT_HP_BONUS","is_daily":false,"chose_seed":false,"campfire_upgraded":3,"win_rate":0.0,"timestamp":1614004010,"path_taken":["M","?","$","?","?","R","E","M","T","M","?","R","?","M","R","BOSS","M","?","?","?","?"],"items_purchased_type":["Card","Relic"],"build_version":"2020-12-22","purchased_purges":1,"victory":false,"max_hp_per_floor":[77,77,77,77,77,77,77,77,77,77,77,77,77,77,77,82,82,82,82,82,82,82,82],"card_choices":[{"not_picked":["PhotonAcceleration","Decade_Dash1"],"picked":"Kiva_Bats","floor":1.0},{"not_picked":["DenO_Rod","Decade_Defend2"],"picked":"KamenRideFaiz","floor":1.0}],"player_experience":93504,"relics_obtained":[{"floor":7,"key":"MagicDraw4"}],"event_choices":[{"damage_healed":0.0,"max_hp_gain":0.0,"max_hp_loss":0.0,"gold_gain":0.0,"event_name":"Liars Game","player_choice":"Ignored","floor":2.0,"gold_loss":0.0,"damage_taken":0.0},{"damage_healed":0.0,"max_hp_gain":0.0,"max_hp_loss":0.0,"gold_gain":100.0,"event_name":"Golden Shrine","player_choice":"Pray","floor":5.0,"gold_loss":0.0,"damage_taken":0.0}],"is_beta":false,"boss_relics":[{"not_picked":["Replay:Grab Bag","aspiration:MobileForge"],"picked":"LagranYue:SoulBurningRelic"}],"items_purged_floors":[3],"is_endless":false,"potions_floor_spawned":[7,8],"killed_by":"2 Thieves","ascension_level":0}}