{"host":"1ftto2vaskemldx8","time":1614018845,"event":{"mods":["BaseMod","Minty Spire (QoL Compilation)","Replay The Spire","StSLib","Together in Spire","[功能]功能增强和修复MOD"],"gold_per_floor":[113,164,2,2,2,2,30,48,75,75,19,19,34,34,34,34,34],"floor_reached":16,"language":"ZHS","playtime":434,"items_purged":["Strike_R","Defend_R","Strike_R","Defend_R"],"score":115,"play_id":"076589c5-7030-498c-9e94-1657897a0435","local_time":"20210223023405","is_ascension_mode":true,"campfire_choices":[{"floor":6,"key":"RECALL"},{"data":"Hemokinesis","floor":10,"key":"SMITH"},{"data":"Juggernaut","floor":10,"key":"SMITH"},{"data":"Pommel Strike","floor":15,"key":"SMITH"},{"data":"Body Slam","floor":15,"key":"SMITH"}],"circlet_count":0,"master_deck":["Strike_R+1","Defend_R","Bash","Hemokinesis+1","Juggernaut+1","Thunderclap","Shrug It Off+1","Regret","Entrench","Pommel Strike+1","Body Slam+1","Pain"],"relics":["Burning Blood","Replay:Arrowhead","WingedGreaves","HandDrill","Bag of Preparation","Mirror","ReplayTheSpireMod:TigerMarble","ReplayTheSpireMod:Ring of Exchange","ReplayTheSpireMod:Ring of Challenge"],"acts_visited":["Exordium"],"potions_floor_usage":[16,16],"damage_taken":[{"damage":4,"enemies":"2 Louse","floor":1,"turns":3},{"damage":39,"enemies":"Lagavulin","floor":7,"turns":6},{"damage":6,"enemies":"Small Slimes","floor":8,"turns":4},{"damage":7,"enemies":"Cultist","floor":13,"turns":2},{"damage":27,"enemies":"Slime Boss","floor":16,"turns":4}],"seed_played":"3815475590078091542","potions_obtained":[{"floor":7,"key":"HeartOfIron"},{"floor":8,"key":"AttackPotion"}],"is_trial":false,"path_per_floor":["M","?","$","?","?","R","E","M","T","R","$","?","M","?","R","B"],"character_chosen":"IRONCLAD","items_purchased":["Replay:Arrowhead","WingedGreaves","HandDrill","Shrug It Off","ReplayTheSpireMod:TigerMarble","Pommel Strike"],"campfire_rested":0,"item_purchase_floors":[3,3,3,3,11,11],"current_hp_per_floor":[72,72,72,72,58,58,25,25,25,25,25,25,24,24,24,0,0],"gold":34,"neow_bonus":"TRANSFORM_TWO_CARDS","is_daily":false,"chose_seed":false,"campfire_upgraded":4,"win_rate":0.0,"timestamp":1614018845,"path_taken":["M","?","$","?","?","R","E","M","T","R","$","?","?","?","R","BOSS"],"items_purchased_type":["Relic","Relic","Relic","Card","Relic","Card"],"build_version":"2020-12-22","purchased_purges":4,"victory":false,"max_hp_per_floor":[72,72,72,72,72,72,72,72,72,72,72,72,72,72,72,72,72],"card_choices":[{"not_picked":["Sword Boomerang","Pummel"],"picked":"Thunderclap","floor":1},{"not_picked":["Perfected Strike","Armaments"],"picked":"Entrench","floor":7},{"not_picked":["Anger","Thunderclap","Run Through"],"picked":"SKIP","floor":8},{"not_picked":["Burning Pact","Corruption"],"picked":"Body Slam","floor":13}],"player_experience":205785,"relics_obtained":[{"floor":7,"key":"Mirror"},{"floor":14,"key":"ReplayTheSpireMod:Ring of Exchange"},{"floor":14,"key":"ReplayTheSpireMod:Ring of Challenge"}],"event_choices":[{"damage_healed":0,"gold_gain":51,"player_choice":"Gained Gold","damage_taken":0,"max_hp_gain":0,"max_hp_loss":0,"event_name":"Golden Wing","floor":2,"gold_loss":0},{"damage_healed":0,"gold_gain":0,"player_choice":"Box","damage_taken":0,"relics_obtained":["Bag of Preparation"],"max_hp_gain":0,"max_hp_loss":0,"event_name":"Big Fish","floor":4,"gold_loss":0,"cards_obtained":["Regret"]},{"damage_healed":0,"gold_gain":0,"player_choice":"Entered Light","damage_taken":14,"max_hp_gain":0,"max_hp_loss":0,"event_name":"Shining Light","floor":5,"gold_loss":0,"cards_upgraded":["Strike_R","Shrug It Off"]},{"cards_removed":["Strike_R"],"damage_healed":0,"gold_gain":0,"player_choice":"Purged","damage_taken":0,"max_hp_gain":0,"max_hp_loss":0,"event_name":"Purifier","floor":12,"gold_loss":0}],"is_beta":false,"boss_relics":[],"items_purged_floors":[11,11,11,11],"is_endless":false,"potions_floor_spawned":[7,8],"killed_by":"Slime Boss","ascension_level":4}}