{"host":"xsuxkwaivmtd234a","time":1614035142,"event":{"mods":["BaseMod","Bestiary","Colored Map","Minty Spire (QoL Compilation)","Relic Stats","StSLib"],"gold_per_floor":[110,126,145,109,8,39,39,73,97,97,97],"floor_reached":10,"language":"ENG","playtime":425,"items_purged":[],"score":114,"play_id":"0ea85700-c807-4bcd-a0c5-8580a6cc350c","local_time":"20210222180542","is_ascension_mode":true,"campfire_choices":[{"data":"Barricade","floor":7,"key":"SMITH"}],"circlet_count":0,"master_deck":["AscendersBane","Strike_R","Strike_R","Strike_R","Strike_R","Strike_R","Defend_R","Defend_R","Defend_R","Defend_R","Bash","Power Through","Anger","Barricade+1","Rupture","Cleave","Rampage","Feel No Pain","Uppercut"],"relics":["Philosopher\u0027s Stone","Red Skull","Blood Vial","Bronze Scales"],"acts_visited":["Exordium"],"potions_floor_usage":[6,8,10],"damage_taken":[{"damage":2,"enemies":"Cultist","floor":1,"turns":3},{"damage":0,"enemies":"Small Slimes","floor":2,"turns":4},{"damage":0,"enemies":"Jaw Worm","floor":3,"turns":3},{"damage":33,"enemies":"3 Sentries","floor":6,"turns":9},{"damage":32,"enemies":"Gremlin Nob","floor":8,"turns":4},{"damage":14,"enemies":"3 Sentries","floor":10,"turns":4}],"seed_played":"-5962226893306559955","potions_obtained":[{"floor":2,"key":"Energy Potion"},{"floor":3,"key":"EssenceOfSteel"},{"floor":8,"key":"Energy Potion"}],"is_trial":false,"path_per_floor":["M","M","M","$","$","E","R","E","T","E"],"character_chosen":"IRONCLAD","items_purchased":["Rupture","Cleave","Rampage"],"campfire_rested":0,"item_purchase_floors":[4,5,5],"current_hp_per_floor":[70,70,70,70,70,37,37,5,5,0,0],"gold":97,"neow_bonus":"BOSS_RELIC","is_daily":false,"chose_seed":false,"campfire_upgraded":1,"win_rate":0.0,"timestamp":1614035142,"path_taken":["M","M","M","?","$","E","R","E","T","E"],"items_purchased_type":["Card","Card","Card"],"build_version":"2020-12-22","purchased_purges":0,"victory":false,"max_hp_per_floor":[80,80,80,80,80,80,80,80,80,80,80],"relic_stats":{"Blood Vial":2,"counters":[6,27],"Bronze Scales":[6],"obtain_stats":[{"Blood Vial":8,"Bronze Scales":9,"Philosopher\u0027s Stone":0,"Burning Blood":0,"Red Skull":6},{"Blood Vial":5,"Bronze Scales":5,"Philosopher\u0027s Stone":0,"Burning Blood":0,"Red Skull":4},{"Blood Vial":23,"Bronze Scales":23,"Philosopher\u0027s Stone":0,"Burning Blood":0,"Red Skull":19}]},"card_choices":[{"not_picked":["Flex","Shrug It Off"],"picked":"Power Through","floor":1},{"not_picked":["Heavy Blade","Entrench"],"picked":"Anger","floor":2},{"not_picked":["Combust","Flame Barrier"],"picked":"Barricade","floor":3},{"not_picked":["Blood for Blood","Corruption"],"picked":"Feel No Pain","floor":6},{"not_picked":["Disarm","True Grit"],"picked":"Uppercut","floor":8}],"player_experience":1348038,"relics_obtained":[{"floor":6,"key":"Red Skull"},{"floor":8,"key":"Blood Vial"},{"floor":9,"key":"Bronze Scales"}],"event_choices":[],"is_beta":false,"boss_relics":[],"items_purged_floors":[],"is_endless":false,"potions_floor_spawned":[2,3,8],"killed_by":"3 Sentries","ascension_level":10}}