{"host":"s9dep4x43c14s74h","time":1614035489,"event":{"mods":["BaseMod","Downfall","Gremlin Mod","Hermit","HololiveMod","Jorbs\u0027s Wanderer Trilogy","Lobotomy","Marisa????????","Minty Spire (QoL Compilation)","StSLib","The Animator","The Bug Knight","The Construct","The Cursed","The Necromancer","The Runesmith","The Servant 0.9.4"],"gold_per_floor":[115,131,35,48,59,59,59],"floor_reached":6,"language":"RUS","playtime":1392,"items_purged":[],"score":38,"play_id":"1a08b084-bc27-4059-8015-f5bd55252fbf","local_time":"20210223021129","is_ascension_mode":false,"campfire_choices":[],"circlet_count":0,"master_deck":["construct:Strike_Gold","construct:Strike_Gold","construct:Strike_Gold","construct:Strike_Gold","construct:Strike_Gold","construct:Defend_Gold","construct:Defend_Gold","construct:Defend_Gold","construct:Defend_Gold","construct:Defend_Gold","construct:AttackMode","construct:DefenseMode","FairyFestival","construct:HeavyBolt","NakedNest","construct:FlameCore","construct:Autoturret","construct:UnbalancingBlast","ShyLook","construct:Hazardproof","MeltingLove"],"relics":["construct:Cogwheel","CogitoBucket"],"acts_visited":["Exordium"],"potions_floor_usage":[2],"damage_taken":[{"damage":1,"enemies":"Cultist","floor":1,"turns":3},{"damage":0,"enemies":"Small Slimes","floor":2,"turns":2},{"damage":3,"enemies":"Jaw Worm","floor":4,"turns":3},{"damage":16,"enemies":"3 Louse","floor":5,"turns":3},{"damage":70,"enemies":"Gremlin Nob","floor":6,"turns":5}],"seed_played":"847325398957851567","potions_obtained":[{"floor":1,"key":"Explosive Potion"}],"is_trial":false,"path_per_floor":["M","M","$","M","M","E"],"character_chosen":"THE_CONSTRUCT_MOD","items_purchased":["construct:Autoturret","construct:UnbalancingBlast"],"campfire_rested":0,"item_purchase_floors":[3,3],"current_hp_per_floor":[84,84,84,82,68,0,0],"gold":59,"neow_bonus":"","is_daily":false,"chose_seed":false,"campfire_upgraded":0,"win_rate":0.0,"timestamp":1614035489,"path_taken":["M","M","?","?","M","E"],"items_purchased_type":["Card","Card"],"build_version":"2020-12-22","purchased_purges":0,"victory":false,"max_hp_per_floor":[85,85,85,85,85,85,85],"card_choices":[{"not_picked":["MHz","PunishingBird"],"picked":"FairyFestival","floor":1},{"not_picked":["construct:SweepLaser","construct:SaveState"],"picked":"construct:HeavyBolt","floor":1},{"not_picked":["UniverseFragment","Yin","Bloodbath"],"picked":"Singing Bowl","floor":2},{"not_picked":["Scarecrow","LittleHelper"],"picked":"NakedNest","floor":2},{"not_picked":["construct:FierceBash","construct:Failsafe"],"picked":"construct:FlameCore","floor":2},{"not_picked":["Scarecrow","CherryBlossoms"],"picked":"ShyLook","floor":4},{"not_picked":["construct:Boost","construct:Failsafe"],"picked":"construct:Hazardproof","floor":4},{"not_picked":["SnowQueen","QueenBee"],"picked":"MeltingLove","floor":5},{"not_picked":["construct:SweepLaser","construct:ScrapCannon","construct:SaveState"],"picked":"SKIP","floor":5}],"player_experience":916658,"relics_obtained":[],"event_choices":[],"is_beta":false,"boss_relics":[],"items_purged_floors":[],"is_endless":false,"potions_floor_spawned":[1],"killed_by":"Gremlin Nob","ascension_level":0}}