{"host":"zefmhu9ryehjj4p1","time":1614013786,"event":{"mods":["100% Spire Juice","2.2 Compatiblity","Act Like it!","Aspiration","BaseMod","Beaked The Cultist","Better Note","CapriCore","Colored Powertips","Conspire","DeckTracker","Downfall","Ekko","Elementarium","Friendly Minions","Gensokyo","Hallownest","Hermit","Highlight Path","Hubris","Infinite Spire","Koishi","Luminous","Marisa????????","Minty Spire (QoL Compilation)","Random Character Button","Reimu??????","Reliquary","Replay The Spire","Ruina","Shade Mod","Shapeshifter Mod","StSLib","The Administrix","The Blue Laboratory","The Bug Knight","The Construct","The Cursed","The Gatherer","The Hierophant","The Immortal","The Judge","The Jungle","The Marked","The Mystic","The Runesmith","The Senshi","The Servant 0.9.4","The Vixen","The Wild Card","TheBandit","TheVacant","Wandering Minibosses"],"gold_per_floor":[114,124,124,137,312,312,343,343,343,122,140,161,9,9,9,128,128,144,159,159,119,219,259,259,259,259,259,277,277,293,324,324,444,444,464,464,482,278,292,292,292,292,372,392,392,392],"floor_reached":45,"language":"ENG","playtime":2135,"items_purged":["Doubt"],"score":451,"play_id":"b53ed17b-dfd9-43f0-8699-d3b1f786f43f","local_time":"20210222180946","is_ascension_mode":false,"campfire_choices":[{"data":"Koishi:PredatoryInstincts","floor":6,"key":"SMITH"},{"data":"Koishi:JumpScare","floor":15,"key":"SMITH"},{"data":"Fire Breathing","floor":24,"key":"SMITH"},{"data":"Koishi:SubterraneanRose","floor":27,"key":"SMITH"},{"data":"Koishi:CatchAndRose","floor":29,"key":"SMITH"},{"data":"Koishi:RacingHeart","floor":32,"key":"SMITH"},{"data":"Apotheosis","floor":40,"key":"SMITH"},{"floor":42,"key":"REST"}],"circlet_count":0,"master_deck":["Koishi:BasicStrike","Koishi:BasicStrike","Koishi:BasicStrike","Koishi:BasicStrike","Koishi:BasicDefend","Koishi:BasicDefend+1","Koishi:BasicDefend","Koishi:BasicDefend","Koishi:Provoke","Koishi:HauntingSlash","Koishi:EmbryosDream","Koishi:PredatoryInstincts+1","Koishi:CatchAndRose+1","Koishi:FreudianInstinct","Koishi:TremblingHands","Koishi:TremblingHands","Koishi:StingingMind","Koishi:FreudianInstinct","Koishi:FreudianInstinct+1","Koishi:JumpScare+1","Koishi:Jaunt+1","Koishi:Heartbroken","Koishi:SubterraneanRose+1","Fire Breathing+1","Koishi:RacingHeart+1","Koishi:TerrifyingSpectre+1","Life Link","Apotheosis+1","hubris:InfiniteBlow+3"],"relics":["Koishi:ImaginaryFriend","NeowsBlessing","Golden Idol","Incense Burner","hubris:Metronome","aspiration:IroncladSkillbook","RuthlessExorcism:ReiMu","Replay:Bottled Snecko","Runesmith:AutoHammer","construct:ClawGrip","Kunai"],"acts_visited":["Exordium","TheCity","TheBeyond"],"potions_floor_usage":[],"damage_taken":[{"damage":0,"enemies":"Cultist","floor":1,"turns":1},{"damage":0,"enemies":"2 Louse","floor":2,"turns":1},{"damage":0,"enemies":"Jaw Worm","floor":4,"turns":1},{"damage":20,"enemies":"HollowMod:MossKnight","floor":7,"turns":14},{"damage":6,"enemies":"2 Fungi Beasts","floor":11,"turns":5},{"damage":0,"enemies":"Red Slaver","floor":12,"turns":3},{"damage":29,"enemies":"Hexaghost","floor":16,"turns":11},{"damage":14,"enemies":"Shell Parasite","floor":18,"turns":9},{"damage":34,"enemies":"conspire:FuzzyDice","floor":19,"turns":6},{"damage":26,"enemies":"Replay:Snechameleon","floor":23,"turns":8},{"damage":28,"enemies":"Snake Plant","floor":28,"turns":5},{"damage":8,"enemies":"Chosen and Byrds","floor":30,"turns":6},{"damage":18,"enemies":"HollowMod:Nosk","floor":31,"turns":10},{"damage":42,"enemies":"conspire:MysteriousRune","floor":33,"turns":12},{"damage":47,"enemies":"3 Darklings","floor":35,"turns":8},{"damage":16,"enemies":"Orb Walker","floor":37,"turns":4},{"damage":38,"enemies":"3 Darklings","floor":39,"turns":6},{"damage":29,"enemies":"4 Shapes","floor":44,"turns":6},{"damage":16,"enemies":"Jaw Worm Horde","floor":45,"turns":1}],"seed_played":"-2136025857905248555","potions_obtained":[{"floor":1,"key":"Languid Potion"},{"floor":12,"key":"Energy Potion"},{"floor":16,"key":"AttackPotion"}],"is_trial":false,"path_per_floor":["M","M","?","M","?","R","E","?","T","$","M","M","$","?","R","B",null,"M","M","?","?","?","E","R","?","T","R","M","R","M","E","R","B",null,"M","?","M","$","M","R","AVR","R","T","M","M"],"character_chosen":"KOISHI","items_purchased":["Koishi:TremblingHands","Finesse","Koishi:FreudianInstinct","Koishi:JumpScare","Koishi:Jaunt+1","Life Link","Apotheosis"],"campfire_rested":1,"item_purchase_floors":[10,10,13,13,13,38,38],"current_hp_per_floor":[60,60,56,56,56,56,45,45,45,45,51,56,56,56,56,47,56,56,51,56,56,56,48,48,48,48,48,35,35,46,56,56,47,56,33,33,35,35,15,15,15,31,31,15,0,0],"gold":392,"neow_bonus":"THREE_ENEMY_KILL","is_daily":false,"chose_seed":false,"campfire_upgraded":7,"win_rate":0.0,"timestamp":1614013786,"path_taken":["M","?","?","M","?","R","E","?","T","$","?","M","?","?","R","BOSS","M","M","?","?","?","E","R","?","T","R","M","R","M","E","R","BOSS","M","?","M","$","?","R","AVR","R","T","M","M"],"items_purchased_type":["Card","Card","Card","Card","Card","Card","Card"],"build_version":"2020-12-22","purchased_purges":1,"victory":false,"max_hp_per_floor":[60,60,56,56,56,56,56,56,56,56,56,56,56,56,56,56,56,56,56,56,56,56,56,56,56,56,56,56,56,56,56,56,56,56,56,56,56,56,56,56,56,56,56,56,56,56],"card_choices":[{"not_picked":["Koishi:RorschachInDanmaku","Koishi:PhilosophyOfTheDespised"],"picked":"Koishi:EmbryosDream","floor":1},{"not_picked":["Koishi:BloodcurdlingScream","Koishi:PhantomBarrier"],"picked":"Koishi:PredatoryInstincts","floor":2},{"not_picked":["Koishi:ApparitionsStalkTheNight","Koishi:DreadfulBlow"],"picked":"Koishi:CatchAndRose","floor":4},{"not_picked":["Koishi:ParalyzingFear","Koishi:Whimsy"],"picked":"Koishi:FreudianInstinct","floor":7},{"not_picked":["Koishi:PhantomStrike","Koishi:Whimsy"],"picked":"Koishi:StingingMind","floor":11},{"not_picked":["Koishi:ReflexRadar","Koishi:DreadfulBlow"],"picked":"Koishi:FreudianInstinct","floor":12},{"not_picked":["Koishi:MindStellarRelief","Koishi:FormlessExistence"],"picked":"Koishi:Heartbroken","floor":16},{"not_picked":["Seeing Red","conspire:ExplosiveBarrier+1","Defy Death","Run Through+1"],"picked":"SKIP","floor":18},{"not_picked":["Wild Strike","Headbutt","Koishi:HeartfeltFancy"],"picked":"Koishi:SubterraneanRose","floor":19},{"not_picked":["Koishi:Possession","Uppercut+1","hubris:StunningStrike"],"picked":"Fire Breathing","floor":23},{"not_picked":["Koishi:Catatonia","True Grit","Armaments","Headbutt"],"picked":"SKIP","floor":28},{"not_picked":["True Grit","Heavy Blade","Koishi:JumpScare"],"picked":"Koishi:RacingHeart","floor":30},{"not_picked":["Shrug It Off+1","Perfected Strike","Koishi:UnansweredLove+1","Demon Form"],"picked":"SKIP","floor":31},{"not_picked":["Koishi:PerfectMindControl","Koishi:RuptureMind","Double Tap"],"picked":"Koishi:TerrifyingSpectre","floor":33},{"not_picked":["Flame Barrier+1","Koishi:Prune","Koishi:Jaunt+1","conspire:ExplosiveBarrier"],"picked":"SKIP","floor":35},{"not_picked":["infinitespire:OneForAll","Koishi:StingingMind","Warcry","Koishi:ReflexRadar"],"picked":"SKIP","floor":37},{"not_picked":["Body Slam+1","Clothesline","Feed","Koishi:PhantomBarrier"],"picked":"SKIP","floor":39},{"not_picked":["Whirlwind+1","Koishi:CatchAndRose","Koishi:RacingHeart+1","Iron Wave+1"],"picked":"SKIP","floor":44}],"player_experience":193954,"relics_obtained":[{"floor":7,"key":"Incense Burner"},{"floor":9,"key":"hubris:Metronome"},{"floor":23,"key":"RuthlessExorcism:ReiMu"},{"floor":26,"key":"Replay:Bottled Snecko"},{"floor":31,"key":"Runesmith:AutoHammer"},{"floor":43,"key":"Kunai"}],"event_choices":[{"damage_healed":0,"gold_gain":0,"player_choice":"Lose Max HP","damage_taken":0,"relics_obtained":["Golden Idol"],"max_hp_gain":0,"max_hp_loss":4,"event_name":"Golden Idol","floor":3,"gold_loss":0},{"damage_healed":0,"gold_gain":175,"player_choice":"AGREE","damage_taken":0,"max_hp_gain":0,"max_hp_loss":0,"event_name":"Liars Game","floor":5,"gold_loss":0,"cards_obtained":["Doubt"]},{"damage_healed":0,"gold_gain":0,"player_choice":"1 cards matched","damage_taken":0,"max_hp_gain":0,"max_hp_loss":0,"event_name":"Match and Keep!","floor":8,"gold_loss":0,"cards_obtained":["Koishi:PhantomStrike"]},{"damage_healed":0,"gold_gain":0,"player_choice":"Leave","damage_taken":0,"max_hp_gain":0,"max_hp_loss":0,"event_name":"conspire:Investor","floor":14,"gold_loss":0},{"cards_removed":["Finesse"],"damage_healed":5,"gold_gain":0,"player_choice":"Offered Uncommon","damage_taken":0,"max_hp_gain":0,"max_hp_loss":0,"event_name":"Bonfire Elementals","floor":20,"gold_loss":0},{"damage_healed":0,"gold_gain":0,"player_choice":"Upgraded Two","damage_taken":0,"max_hp_gain":0,"max_hp_loss":0,"event_name":"Designer","floor":21,"gold_loss":40,"cards_upgraded":["Koishi:BasicDefend","Koishi:FreudianInstinct"]},{"damage_healed":0,"gold_gain":100,"player_choice":"Pray","damage_taken":0,"max_hp_gain":0,"max_hp_loss":0,"event_name":"Golden Shrine","floor":22,"gold_loss":0},{"cards_removed":["Koishi:PhantomStrike"],"damage_healed":0,"gold_gain":0,"player_choice":"Purged","damage_taken":0,"max_hp_gain":0,"max_hp_loss":0,"event_name":"Purifier","floor":25,"gold_loss":0},{"damage_healed":0,"gold_gain":0,"player_choice":"Upgraded","damage_taken":0,"max_hp_gain":0,"max_hp_loss":0,"event_name":"Upgrade Shrine","floor":36,"gold_loss":0,"cards_upgraded":["Koishi:TerrifyingSpectre"]}],"is_beta":false,"boss_relics":[{"not_picked":["Calling Bell","Tiny House"],"picked":"aspiration:IroncladSkillbook"},{"not_picked":["Snecko Eye","construct:WeddingRing"],"picked":"construct:ClawGrip"}],"items_purged_floors":[10],"is_endless":false,"potions_floor_spawned":[1,12,16,18,19,23,30,37,39],"killed_by":"Jaw Worm Horde","ascension_level":0}}