{"host":"rg29p8m4aqjozpzt","time":1614020241,"event":{"mods":["100% Spire Juice","Aspiration","Bartender","BaseMod","Beaked The Cultist","Better Altar","Better Match","Better Sensory Stone","Better Skull","Better Third Choice","BetterRewards","Chen","Colored Powertips","Conspire","Downfall","Friendly Minions","Hermit","Hubris","JesterMod","Magitek Elite","Minty Spire (QoL Compilation)","Permanent Neow","Prisma Mod","QueenMod","Quick Restart","Relic Filter","Reorder Act Four","Shade Mod","StSLib","SuperFastMode","The Alterego","The Marked","The Runesmith","Unceasing Turn Reminder"],"gold_per_floor":[199,214,295,314,329,229,229,229,241,268,268,288,288,313,332,332,332,332],"floor_reached":16,"language":"ENG","playtime":564,"items_purged":[],"score":112,"play_id":"525a63b2-00ac-4e39-bb78-37bfc6b456d9","local_time":"20210222195721","is_ascension_mode":false,"campfire_choices":[{"data":"bronze:Replicate","floor":1,"key":"SMITH"},{"data":"bronze:InfiniteBeams","floor":6,"key":"SMITH"},{"data":"bronze:ForLoop","floor":11,"key":"SMITH"}],"circlet_count":0,"master_deck":["bronze:Strike","bronze:Strike","bronze:Strike","bronze:Strike","bronze:Defend","bronze:Defend","bronze:Defend","bronze:Defend","bronze:Replicate+1","bronze:Goto","bronze:ForLoop+1","bronze:Return+1","bronze:InfiniteBeams+1","bronze:ForceShield","bronze:Safeguard","bronze:Turbo","Injury","bronze:Format+1","bronze:Invalidate+1"],"relics":["bronze:BronzeCore","downfall:HeartBlessingBlue","Oddly Smooth Stone","aspiration:ChemicalBlood","Toxic Egg 2","Juzu Bracelet"],"acts_visited":["Exordium"],"potions_floor_usage":[4,10,15],"damage_taken":[{"damage":1,"enemies":"Cultist","floor":2,"turns":3},{"damage":0,"enemies":"Small Slimes","floor":4,"turns":2},{"damage":6,"enemies":"Jaw Worm","floor":5,"turns":2},{"damage":0,"enemies":"2 Fungi Beasts","floor":9,"turns":3},{"damage":31,"enemies":"Gremlin Nob","floor":10,"turns":5},{"damage":15,"enemies":"3 Louse","floor":12,"turns":4},{"damage":14,"enemies":"Lagavulin","floor":14,"turns":5},{"damage":5,"enemies":"Large Slime","floor":15,"turns":5},{"damage":9,"enemies":"WA_ARCHETYPE_RETAIN","floor":16,"turns":1}],"seed_played":"3232919342059673635","potions_obtained":[{"floor":2,"key":"LiquidMemories"},{"floor":4,"key":"Weak Potion"}],"is_trial":false,"path_per_floor":["R","M","T","M","M","R","T","?","M","E","R","M","?","E","M","B"],"character_chosen":"THE_AUTOMATON","items_purchased":[],"campfire_rested":0,"item_purchase_floors":[],"current_hp_per_floor":[70,69,69,69,63,73,73,73,73,42,42,27,27,13,8,0,0,0],"gold":332,"neow_bonus":"HUNDRED_GOLD","is_daily":false,"chose_seed":false,"campfire_upgraded":3,"win_rate":0.0,"timestamp":1614020241,"path_taken":["R","M","?","?","?","R","T","?","?","E","R","M","?","E","M","BOSS"],"items_purchased_type":[],"build_version":"2020-12-22","purchased_purges":0,"victory":false,"max_hp_per_floor":[70,70,70,70,70,80,80,80,80,80,80,80,80,80,80,80,80,80],"card_choices":[{"not_picked":["bronze:NullPointer","bronze:BronzeOrb"],"picked":"bronze:ForLoop","floor":2},{"not_picked":["bronze:Invalidate","bronze:Separator"],"picked":"bronze:Return","floor":4},{"not_picked":["bronze:DelayedSlice","bronze:Boost"],"picked":"bronze:InfiniteBeams","floor":5},{"not_picked":["bronze:BitShift","bronze:Safeguard"],"picked":"bronze:ForceShield","floor":9},{"not_picked":["bronze:Fortify","bronze:ChosenStrike"],"picked":"bronze:Safeguard","floor":10},{"not_picked":["bronze:Branch","bronze:ItsAFeature"],"picked":"bronze:Turbo","floor":12},{"not_picked":["bronze:Flail","bronze:Frontload+1"],"picked":"bronze:Format+1","floor":14},{"not_picked":["bronze:Separator","bronze:BugBarrage"],"picked":"bronze:Invalidate+1","floor":15}],"player_experience":1589737,"relics_obtained":[{"floor":7,"key":"Oddly Smooth Stone"},{"floor":10,"key":"aspiration:ChemicalBlood"},{"floor":14,"key":"Juzu Bracelet"}],"event_choices":[],"is_beta":false,"boss_relics":[],"items_purged_floors":[],"is_endless":false,"potions_floor_spawned":[2,4],"killed_by":"WA_ARCHETYPE_RETAIN","ascension_level":0}}