{"host":"03jd0k347uuzjnun","time":1614024711,"event":{"mods":["BaseMod","Bestiary","Minty Spire (QoL Compilation)","Permanent Neow","Quick Restart","Random Character Button","Relic Stats"],"gold_per_floor":[213,40,53,64,82,110,75,105,132,49,76,89,120,120,120,197,197,208,208,208,226,26,26,40,71,71,71,91,91,120,120,120,196,196,206,220,220,231,63,63,394,394,394,412,440,63,111,129,129,129,129,129,129,49,81,81],"floor_reached":57,"language":"ENG","playtime":5564,"items_purged":["Strike_B"],"score":3006,"play_id":"d257cca4-6945-4bbc-9cac-90e9c7597050","local_time":"20210222211151","is_ascension_mode":true,"campfire_choices":[{"data":"Sunder","floor":15.0,"key":"SMITH"},{"data":"Defragment","floor":23.0,"key":"SMITH"},{"data":"Seek","floor":29.0,"key":"SMITH"},{"data":"Defragment","floor":32.0,"key":"SMITH"},{"data":"Aggregate","floor":40.0,"key":"SMITH"},{"data":"Hologram","floor":42.0,"key":"SMITH"},{"floor":49,"key":"RECALL"},{"data":"Hologram","floor":53,"key":"SMITH"}],"circlet_count":0,"master_deck":["AscendersBane","Strike_B","Strike_B","Strike_B","Defend_B+1","Defend_B","Defend_B+1","Defend_B","Zap","Dualcast","Chaos","Reinforced Body","Ball Lightning","Aggregate+1","Hologram+1","Sunder+1","Defragment+1","Biased Cognition","Defragment+1","Defragment","Rebound","Conserve Battery","Core Surge","CurseOfTheBell","Coolheaded","Self Repair+1","Hologram+1","Seek+1","Static Discharge+1","Biased Cognition+1","Hello World+1","Hologram","Capacitor+1","Seek+1","Static Discharge+1","Stack","Seek+1","Electrodynamics+1","Loop+1","Consume","Master of Strategy","Heatsinks+1","Heatsinks+1"],"relics":["Cracked Core","Bottled Flame","Blood Vial","Art of War","Orichalcum","Unceasing Top","Calling Bell","Bag of Preparation","Frozen Egg 2","StoneCalendar","FossilizedHelix","Ornamental Fan","Vajra","Black Star","DollysMirror","Old Coin","Pen Nib","MealTicket","War Paint","Runic Capacitor","Ice Cream","Strawberry","Bag of Marbles"],"acts_visited":["TheEnding"],"potions_floor_usage":[44,56,56],"damage_taken":[{"damage":6.0,"enemies":"Small Slimes","floor":1.0,"turns":4.0},{"damage":2.0,"enemies":"2 Louse","floor":3.0,"turns":3.0},{"damage":0.0,"enemies":"Jaw Worm","floor":4.0,"turns":5.0},{"damage":16.0,"enemies":"2 Fungi Beasts","floor":5.0,"turns":4.0},{"damage":12.0,"enemies":"3 Sentries","floor":6.0,"turns":5.0},{"damage":32.0,"enemies":"Gremlin Nob","floor":8.0,"turns":4.0},{"damage":9.0,"enemies":"Lagavulin","floor":11.0,"turns":6.0},{"damage":5.0,"enemies":"Exordium Thugs","floor":12.0,"turns":4.0},{"damage":2.0,"enemies":"Gremlin Nob","floor":13.0,"turns":3.0},{"damage":0.0,"enemies":"Slime Boss","floor":16.0,"turns":9.0},{"damage":27.0,"enemies":"Spheric Guardian","floor":18.0,"turns":6.0},{"damage":0.0,"enemies":"Chosen","floor":21.0,"turns":6.0},{"damage":20.0,"enemies":"Shelled Parasite and Fungi","floor":24.0,"turns":4.0},{"damage":23.0,"enemies":"Slavers","floor":25.0,"turns":3.0},{"damage":0.0,"enemies":"3 Cultists","floor":28.0,"turns":4.0},{"damage":0.0,"enemies":"Gremlin Leader","floor":30.0,"turns":7.0},{"damage":36.0,"enemies":"Champ","floor":33.0,"turns":12.0},{"damage":0.0,"enemies":"3 Shapes","floor":35.0,"turns":3.0},{"damage":20.0,"enemies":"3 Darklings","floor":36.0,"turns":4.0},{"damage":36.0,"enemies":"Sphere and 2 Shapes","floor":38.0,"turns":7.0},{"damage":21.0,"enemies":"Nemesis","floor":41.0,"turns":5.0},{"damage":22,"enemies":"Writhing Mass","floor":44,"turns":6},{"damage":20,"enemies":"Giant Head","floor":45,"turns":7},{"damage":10,"enemies":"2 Orb Walkers","floor":47,"turns":5},{"damage":0,"enemies":"3 Darklings","floor":48,"turns":2},{"damage":12,"enemies":"Donu and Deca","floor":50,"turns":6},{"damage":0,"enemies":"Awakened One","floor":51,"turns":11},{"damage":50,"enemies":"Shield and Spear","floor":55,"turns":3},{"damage":25,"enemies":"The Heart","floor":56,"turns":6}],"seed_played":"197211532204124531","potions_obtained":[{"floor":1.0,"key":"FairyPotion"},{"floor":5.0,"key":"ColorlessPotion"},{"floor":8.0,"key":"Regen Potion"},{"floor":12.0,"key":"BlessingOfTheForge"},{"floor":13.0,"key":"SkillPotion"},{"floor":16.0,"key":"EssenceOfSteel"},{"floor":24.0,"key":"FocusPotion"},{"floor":25.0,"key":"Regen Potion"},{"floor":30.0,"key":"Fire Potion"},{"floor":35.0,"key":"PowerPotion"},{"floor":38.0,"key":"FearPotion"},{"floor":41.0,"key":"LiquidBronze"},{"floor":45,"key":"SmokeBomb"},{"floor":47,"key":"Dexterity Potion"},{"floor":55,"key":"FocusPotion"}],"is_trial":false,"path_per_floor":["M","$","M","M","M","E","?","E","T","$","E","M","E","?","R","B",null,"M","?","?","M","$","R","M","E","T","?","M","R","E","$","R","B",null,"M","M","?","M","$","R","E","R","T","M","E","$","?","M","R","B","B",null,"R","$","E","B",null],"character_chosen":"DEFECT","items_purchased":["Reinforced Body","Ball Lightning","Defragment","Seek","Static Discharge+1","DollysMirror","Runic Capacitor","Master of Strategy","Heatsinks+1"],"campfire_rested":0,"item_purchase_floors":[2,2,10,22,22,39,46,46,54],"current_hp_per_floor":[58,58,56,56,40,28,45,13,13,13,21,18,18,18,18,20,58,33,33,13,25,25,25,17,32,32,32,44,44,71,71,71,47,69,76,66,66,42,42,42,33,33,33,23,15,30,32,44,44,44,56,71,71,76,43,30],"gold":81,"neow_bonus":"HUNDRED_GOLD","is_daily":false,"chose_seed":false,"campfire_upgraded":7,"win_rate":0.0,"timestamp":1614024711,"path_taken":["M","$","M","M","M","E","?","E","T","$","E","M","E","?","R","BOSS","M","?","?","M","$","R","M","E","T","?","M","R","E","?","R","BOSS","M","M","?","M","$","R","E","R","T","M","E","?","?","M","R","BOSS","BOSS","R","$","E","BOSS"],"items_purchased_type":["Card","Card","Card","Card","Card","Relic","Relic","Card","Card"],"build_version":"2020-12-22","purchased_purges":1,"victory":true,"max_hp_per_floor":[71,71,71,71,71,71,71,71,71,71,71,71,71,71,71,71,71,71,71,76,76,76,76,76,76,76,76,76,76,76,76,76,76,76,76,76,76,76,76,76,76,76,76,76,76,76,76,76,76,76,76,76,76,76,83,83],"relic_stats":{"counters":[29,154],"StoneCalendar":[184],"Pen Nib":[4],"Bag of Preparation":[38],"Orichalcum":[216],"War Paint":["Defend_B","Defend_B"],"Blood Vial":42,"Ornamental Fan":[48],"MealTicket":20,"Art of War":[45],"Black Star":3,"obtain_stats":[{"Ice Cream":47,"Vajra":30,"StoneCalendar":17,"Pen Nib":41,"Bag of Preparation":17,"Runic Capacitor":46,"Orichalcum":11,"Frozen Egg 2":17,"War Paint":45,"Old Coin":41,"Blood Vial":8,"Calling Bell":17,"Bottled Flame":6,"Ornamental Fan":26,"DollysMirror":39,"Strawberry":55,"MealTicket":45,"Art of War":9,"Black Star":34,"Bag of Marbles":55,"Cracked Core":0,"Unceasing Top":13,"FossilizedHelix":25},{"Ice Cream":24,"Vajra":16,"StoneCalendar":10,"Pen Nib":21,"Bag of Preparation":10,"Runic Capacitor":23,"Orichalcum":7,"Frozen Egg 2":10,"War Paint":23,"Old Coin":21,"Blood Vial":6,"Calling Bell":10,"Bottled Flame":5,"Ornamental Fan":14,"DollysMirror":20,"Strawberry":28,"MealTicket":23,"Art of War":6,"Black Star":17,"Bag of Marbles":28,"Cracked Core":0,"Unceasing Top":9,"FossilizedHelix":14},{"Ice Cream":126,"Vajra":77,"StoneCalendar":47,"Pen Nib":108,"Bag of Preparation":47,"Runic Capacitor":121,"Orichalcum":31,"Frozen Egg 2":47,"War Paint":121,"Old Coin":108,"Blood Vial":25,"Calling Bell":47,"Bottled Flame":21,"Ornamental Fan":66,"DollysMirror":103,"Strawberry":148,"MealTicket":121,"Art of War":25,"Black Star":89,"Bag of Marbles":148,"Cracked Core":0,"Unceasing Top":38,"FossilizedHelix":66}],"Unceasing Top":[49]},"card_choices":[{"not_picked":["Rip and Tear","Hello World"],"picked":"Chaos","floor":1.0},{"not_picked":["Go for the Eyes","Cold Snap"],"picked":"Aggregate","floor":3.0},{"not_picked":["Sweeping Beam","Go for the Eyes"],"picked":"Hologram","floor":4.0},{"not_picked":["Leap","Blizzard"],"picked":"Sunder","floor":5.0},{"not_picked":["Conserve Battery","Loop"],"picked":"Defragment","floor":6.0},{"not_picked":["White Noise","Meteor Strike"],"picked":"Biased Cognition","floor":8.0},{"not_picked":["Skim","Cold Snap"],"picked":"Defragment","floor":11.0},{"not_picked":["Gash","Streamline"],"picked":"Rebound","floor":12.0},{"not_picked":["Cold Snap","Redo"],"picked":"Conserve Battery","floor":13.0},{"not_picked":["Buffer","Machine Learning"],"picked":"Core Surge","floor":16.0},{"not_picked":["Stack","Compile Driver"],"picked":"Coolheaded","floor":18.0},{"not_picked":["Fusion","Steam"],"picked":"Hologram","floor":21.0},{"not_picked":["Conserve Battery","Barrage"],"picked":"Biased Cognition+1","floor":24.0},{"not_picked":["Sunder","Sweeping Beam"],"picked":"Hello World+1","floor":25.0},{"not_picked":["Turbo+1","Rip and Tear"],"picked":"Hologram","floor":28.0},{"not_picked":["Conserve Battery","Electrodynamics+1"],"picked":"Capacitor+1","floor":30.0},{"not_picked":["Amplify","Hyperbeam"],"picked":"Seek","floor":33.0},{"not_picked":["Darkness+1","Go for the Eyes"],"picked":"Static Discharge+1","floor":35.0},{"not_picked":["Darkness","Reinforced Body"],"picked":"Stack","floor":36.0},{"not_picked":["Streamline+1","Redo","Gash"],"picked":"SKIP","floor":38.0},{"not_picked":["Beam Cell","Lockon"],"picked":"Electrodynamics+1","floor":41.0},{"not_picked":["Go for the Eyes+1","Force Field+1"],"picked":"Loop+1","floor":44},{"not_picked":["Blizzard","Barrage"],"picked":"Consume","floor":45},{"not_picked":["Compile Driver","Barrage"],"picked":"Heatsinks+1","floor":47},{"not_picked":["Darkness+1","Ball Lightning+1","Turbo"],"picked":"SKIP","floor":48},{"not_picked":["Ball Lightning","Conserve Battery","Reprogram"],"picked":"SKIP","floor":55}],"player_experience":1429877,"relics_obtained":[{"floor":6.0,"key":"Bottled Flame"},{"floor":8.0,"key":"Blood Vial"},{"floor":9.0,"key":"Art of War"},{"floor":11.0,"key":"Orichalcum"},{"floor":13.0,"key":"Unceasing Top"},{"floor":17.0,"key":"Bag of Preparation"},{"floor":17.0,"key":"Frozen Egg 2"},{"floor":17.0,"key":"StoneCalendar"},{"floor":25.0,"key":"FossilizedHelix"},{"floor":26.0,"key":"Ornamental Fan"},{"floor":30.0,"key":"Vajra"},{"floor":41.0,"key":"Old Coin"},{"floor":41.0,"key":"Pen Nib"},{"floor":45,"key":"MealTicket"},{"floor":45,"key":"War Paint"},{"floor":47,"key":"Ice Cream"},{"floor":55,"key":"Strawberry"},{"floor":55,"key":"Bag of Marbles"}],"event_choices":[{"damage_healed":17.0,"max_hp_gain":0.0,"max_hp_loss":0.0,"gold_gain":0.0,"event_name":"The Cleric","player_choice":"Healed","floor":7.0,"gold_loss":35.0,"damage_taken":0.0},{"damage_healed":0.0,"max_hp_gain":0.0,"max_hp_loss":0.0,"gold_gain":0.0,"event_name":"Liars Game","player_choice":"Ignored","floor":14.0,"gold_loss":0.0,"damage_taken":0.0},{"damage_healed":0.0,"max_hp_gain":0.0,"max_hp_loss":0.0,"gold_gain":0.0,"event_name":"The Library","player_choice":"Read","floor":19.0,"gold_loss":0.0,"damage_taken":0.0,"cards_obtained":["Self Repair"]},{"damage_healed":0.0,"max_hp_gain":5.0,"max_hp_loss":0.0,"gold_gain":0.0,"event_name":"Forgotten Altar","player_choice":"Shed Blood","floor":20.0,"gold_loss":0.0,"damage_taken":25.0},{"damage_healed":0.0,"max_hp_gain":0.0,"max_hp_loss":0.0,"gold_gain":0.0,"event_name":"Upgrade Shrine","player_choice":"Upgraded","floor":37.0,"gold_loss":0.0,"damage_taken":0.0,"cards_upgraded":["Seek"]},{"damage_healed":0,"gold_gain":0,"player_choice":"Fight","damage_taken":0,"max_hp_gain":0,"max_hp_loss":0,"event_name":"Mysterious Sphere","floor":47,"gold_loss":0}],"is_beta":false,"boss_relics":[{"not_picked":["Tiny House","Fusion Hammer"],"picked":"Calling Bell"},{"not_picked":["Sozu","Busted Crown"],"picked":"Black Star"}],"items_purged_floors":[2],"is_endless":false,"potions_floor_spawned":[1,5,8,12,13,16,24,25,28,30,35,38,41,45,47,55],"ascension_level":20}}