{"host":"lnfs5t5iydkm2lft","time":1614036383,"event":{"mods":["AchievementEnabler","Act Like it!","Aspiration","BaseMod","Better Third Choice","BetterRewards","Colored Powertips","Downfall","Hermit","Hubris","Infinite Spire","Marisa????????","Minty Spire (QoL Compilation)","Quick Restart","Reliquary","Replay The Spire","StSLib","The Runesmith","everything is the same but u backflip on backflip"],"gold_per_floor":[118,118,138,138,64,64,103,103,128,167,167,237,261,277,277,406,406,430,430,445,445,445,476,503,503,503,234,234,249,249,349,349,478,478,529,529,127,150,185,241,241,300,323,323,323,359,359,402,402,402,402,402,6,41,41,41],"floor_reached":55,"language":"ENG","playtime":2528,"items_purged":["Defend_G","Strike_G","Defend_G","Defend_G"],"score":1991,"play_id":"6eeaa00b-0e76-4f1b-94bd-b3f4704b7902","local_time":"20210222172623","is_ascension_mode":true,"campfire_choices":[{"floor":6,"key":"REST"},{"data":"Replay:Poison Smokescreen","floor":8,"key":"SMITH"},{"floor":15,"key":"REST"},{"data":"Footwork","floor":25,"key":"SMITH"},{"data":"Noxious Fumes","floor":28,"key":"SMITH"},{"data":"Noxious Fumes","floor":30,"key":"SMITH"},{"floor":32,"key":"RECALL"},{"data":"Envenom","floor":41,"key":"SMITH"},{"data":"hubris:Ssssneak","floor":44,"key":"SMITH"},{"data":"hubris:EnhanceAbility","floor":47,"key":"SMITH"},{"data":"ReplayTheSpireMod:Black Plague","floor":49,"key":"SMITH"},{"data":"infinitespire:Fortify","floor":52,"key":"SMITH"}],"circlet_count":0,"master_deck":["Strike_G","Strike_G+1","Strike_G+1","Strike_G","Defend_G","Defend_G","Survivor","Neutralize","Noxious Fumes+1","Replay:Poison Smokescreen+1","All Out Attack","All Out Attack","Backflip","Bouncing Flask","Noxious Fumes+1","ReplayTheSpireMod:Speed Training","Prepared","Deadly Poison","Bullet Time","Backstab","infinitespire:Fortify+1","Footwork+1","Toxin Wave","Calculated Gamble","Envenom+1","hubris:EnhanceAbility+1","Master of Strategy","hubris:Ssssneak+1","Catalyst+1","ReplayTheSpireMod:Black Plague+1","Dash+1","ReplayTheSpireMod:Necrosis","hubris:Counter+1"],"relics":["Ring of the Snake","Membership Card","PreservedInsect","Oddly Smooth Stone","Golden Idol","hubris:TinFlute","Guardian:PocketSentry","reliquary:SilkGlove","infinitespire:EmpoweringShard","Replay:Bronze Core","aspiration:SecretTechniqueScroll","Ice Cream","hubris:BottledHeart","hubris:Icosahedron","ReplayTheSpireMod:Lightbulb","Juzu Bracelet","Molten Egg 2","Omamori","OrangePellets","Orichalcum","infinitespire:EvilPickle","hubris:ScarierMask","Whetstone","Toolbox","hubris:AncientText","Lantern","Bottled Lightning","ClockworkSouvenir","Garlic"],"acts_visited":["Exordium","TheCity","TheBeyond","TheEnding"],"potions_floor_usage":[1,12,16,18,23,33,42,50,50,50,54,54,55],"damage_taken":[{"damage":0,"enemies":"Jaw Worm","floor":1,"turns":4},{"damage":1,"enemies":"2 Louse","floor":3,"turns":2},{"damage":28,"enemies":"Lagavulin","floor":7,"turns":5},{"damage":11,"enemies":"Replay:BlueRogue","floor":10,"turns":4},{"damage":10,"enemies":"Lagavulin Event","floor":12,"turns":5},{"damage":0,"enemies":"Small Slimes","floor":13,"turns":3},{"damage":0,"enemies":"3 Louse","floor":14,"turns":4},{"damage":26,"enemies":"The Guardian","floor":16,"turns":8},{"damage":0,"enemies":"3 Byrds","floor":18,"turns":3},{"damage":3,"enemies":"Shell Parasite","floor":20,"turns":5},{"damage":0,"enemies":"Gremlin Leader","floor":23,"turns":5},{"damage":0,"enemies":"Shelled Parasite and Fungi","floor":29,"turns":4},{"damage":0,"enemies":"Pondfish","floor":33,"turns":8},{"damage":0,"enemies":"3 Darklings","floor":35,"turns":4},{"damage":0,"enemies":"3 Shapes","floor":38,"turns":3},{"damage":0,"enemies":"Transient","floor":39,"turns":5},{"damage":0,"enemies":"Nemesis","floor":40,"turns":3},{"damage":0,"enemies":"R_Hoarder","floor":42,"turns":6},{"damage":0,"enemies":"Writhing Mass","floor":46,"turns":5},{"damage":0,"enemies":"4 Shapes","floor":48,"turns":4},{"damage":0,"enemies":"Time Eater","floor":50,"turns":7},{"damage":0,"enemies":"Shield and Spear","floor":54,"turns":4},{"damage":1,"enemies":"The Heart","floor":55,"turns":8}],"seed_played":"8101378279333848258","potions_obtained":[{"floor":1,"key":"Fruit Juice"},{"floor":10,"key":"Languid Potion"},{"floor":12,"key":"PowerPotion"},{"floor":13,"key":"Venom Potion"},{"floor":18,"key":"SpeedPotion"},{"floor":29,"key":"Cursed Concoction"},{"floor":35,"key":"Doom Potion"},{"floor":40,"key":"PowerPotion"},{"floor":42,"key":"Languid Potion"}],"is_trial":false,"path_per_floor":["M","?","M","?","$","R","E","R","T","E","?","?","M","M","R","B",null,"M","AVR","M","?","?","E","T","R","T","$","R","M","R","?","R","B",null,"M","?","$","M","M","E","R","E","T","R","?","M","R","M","R","B",null,"R","$","E","B"],"character_chosen":"THE_SILENT","items_purchased":["Membership Card","Noxious Fumes","PreservedInsect","Oddly Smooth Stone","Replay:Poison Smokescreen","All Out Attack","Noxious Fumes","Omamori","OrangePellets","Orichalcum","Whetstone","ColorlessPotion","SteroidPotion","Toolbox","Master of Strategy","hubris:Ssssneak","ReplayTheSpireMod:Necrosis","Bottled Lightning","ClockworkSouvenir","ColorlessPotion","Swift Potion"],"campfire_rested":2,"item_purchase_floors":[0,0,0,0,0,0,5,27,27,27,37,37,37,37,37,37,53,53,53,53,53],"current_hp_per_floor":[68,68,67,49,49,71,43,43,43,32,32,22,22,22,44,18,61,61,61,58,1,1,1,1,1,1,1,1,1,1,1,1,1,1,1,1,1,1,1,1,1,1,1,1,1,1,1,1,1,1,1,1,1,1,0,0],"gold":41,"neow_bonus":"","is_daily":false,"chose_seed":false,"campfire_upgraded":9,"win_rate":0.0,"timestamp":1614036383,"path_taken":["M","?","M","?","$","R","E","R","T","E","?","?","M","M","R","BOSS","M","AVR","M","?","?","E","?","R","T","$","R","M","R","?","R","BOSS","M","?","$","M","M","E","R","E","T","R","?","M","R","M","R","BOSS","R","$","E","BOSS"],"items_purchased_type":["Relic","Card","Relic","Relic","Card","Card","Card","Relic","Relic","Relic","Relic","Potion","Potion","Relic","Card","Card","Card","Relic","Relic","Potion","Potion"],"build_version":"2020-12-22","purchased_purges":4,"victory":false,"max_hp_per_floor":[75,75,75,75,75,75,75,75,75,75,75,75,75,75,75,75,75,75,75,75,1,1,1,1,1,1,1,1,1,1,1,1,1,1,1,1,1,1,1,1,1,1,1,1,1,1,1,1,1,1,1,1,1,1,1,1],"card_choices":[{"not_picked":["Cloak And Dagger","Heel Hook"],"picked":"Backflip","floor":1},{"not_picked":["Quick Slash","Prepared"],"picked":"Bouncing Flask","floor":3},{"not_picked":["Distraction","Cloak And Dagger","Sucker Punch"],"picked":"SKIP","floor":7},{"not_picked":["Calculated Gamble","Eviscerate"],"picked":"ReplayTheSpireMod:Speed Training","floor":10},{"not_picked":["Underhanded Strike","Phantasmal Killer"],"picked":"Prepared","floor":12},{"not_picked":["Sucker Punch","Caltrops"],"picked":"Deadly Poison","floor":13},{"not_picked":["Reflex","hubris:TrickCloak","Dagger Spray"],"picked":"SKIP","floor":14},{"not_picked":["Malaise","A Thousand Cuts"],"picked":"Bullet Time","floor":16},{"not_picked":["Deadly Poison","PiercingWail"],"picked":"Backstab","floor":18},{"not_picked":["Poisoned Stab+1","PiercingWail"],"picked":"Footwork","floor":20},{"not_picked":["Dagger Spray","Poisoned Stab"],"picked":"Toxin Wave","floor":23},{"not_picked":["Slice+1","Deadly Poison+1"],"picked":"Calculated Gamble","floor":29},{"not_picked":["Bullet Time","After Image"],"picked":"Envenom","floor":33},{"not_picked":["Choke+1","Backstab+1","Cloak And Dagger+1"],"picked":"SKIP","floor":35},{"not_picked":["Transmutation","ReplayTheSpireMod:Brewmster"],"picked":"hubris:EnhanceAbility","floor":36},{"not_picked":["Leg Sweep","Accuracy","hubris:SlightOfHand"],"picked":"SKIP","floor":38},{"not_picked":["hubris:SlightOfHand","Poisoned Stab+1"],"picked":"Catalyst+1","floor":39},{"not_picked":["Quick Slash+1","Flechettes+1","ReplayTheSpireMod:Shiv Toss+1"],"picked":"SKIP","floor":40},{"not_picked":["Concentrate+1","hubris:TrickCloak+1","Sucker Punch+1"],"picked":"SKIP","floor":42},{"not_picked":["infinitespire:FinalStrike","infinitespire:FutureSight"],"picked":"ReplayTheSpireMod:Black Plague","floor":45},{"not_picked":["hubris:Counter+1","Fluid Movement","Bouncing Flask"],"picked":"SKIP","floor":46},{"not_picked":["Underhanded Strike+1","Deadly Poison+1"],"picked":"Dash+1","floor":48},{"not_picked":["Setup+1","Sneak Up"],"picked":"hubris:Counter+1","floor":54}],"player_experience":420442,"relics_obtained":[{"floor":7,"key":"hubris:TinFlute"},{"floor":9,"key":"Guardian:PocketSentry"},{"floor":10,"key":"reliquary:SilkGlove"},{"floor":12,"key":"infinitespire:EmpoweringShard"},{"floor":23,"key":"ReplayTheSpireMod:Lightbulb"},{"floor":24,"key":"Juzu Bracelet"},{"floor":26,"key":"Molten Egg 2"},{"floor":40,"key":"hubris:AncientText"},{"floor":42,"key":"Lantern"},{"floor":54,"key":"Garlic"}],"event_choices":[{"damage_healed":0,"gold_gain":0,"player_choice":"Take Damage","damage_taken":18,"relics_obtained":["Golden Idol"],"max_hp_gain":0,"max_hp_loss":0,"event_name":"Golden Idol","floor":4,"gold_loss":0},{"damage_healed":0,"gold_gain":0,"player_choice":"Searched \u00271\u0027 times","damage_taken":0,"max_hp_gain":0,"max_hp_loss":0,"event_name":"Dead Adventurer","floor":12,"gold_loss":0},{"damage_healed":0,"gold_gain":100,"player_choice":"Pray","damage_taken":0,"max_hp_gain":0,"max_hp_loss":0,"event_name":"Golden Shrine","floor":31,"gold_loss":0},{"damage_healed":0,"gold_gain":0,"player_choice":"Memory 1","damage_taken":0,"max_hp_gain":0,"max_hp_loss":0,"event_name":"SensoryStone","floor":36,"gold_loss":0}],"is_beta":false,"boss_relics":[{"not_picked":["aspiration:RitualDagger","Painkiller Herb"],"picked":"Replay:Bronze Core"},{"not_picked":["SlaversCollar","hubris:HollowSoul"],"picked":"hubris:ScarierMask"}],"items_purged_floors":[5,27,37,53],"is_endless":false,"potions_floor_spawned":[1,10,12,13,18,29,35,40,42],"killed_by":"The Heart","ascension_level":6}}