{"host":"7wwmf5ihvdzput8s","time":1614013216,"event":{"mods":["BaseMod","Minty Spire (QoL Compilation)","Quick Restart","Replay The Spire","StSLib","UnlockEverythingMod"],"gold_per_floor":[116,116,132,148,176,228,240,295,334,346,429,470,482,544,556,677,689,740,677,710,722,761,831,560,611,636,694,745,792,344,344,344,462,462,499,300,328,56,56,117,159,178,220,257,290,154,194,234,234,254,258],"floor_reached":52,"language":"ZHS","playtime":1114,"items_purged":["Bloodletting+1","LessonLearned+1","Replay:BluntJabs+1"],"score":2784,"play_id":"6fe8d345-d06e-4eaa-8889-9e0d11488a6d","local_time":"20210223010016","daily_mods":["SealedDeck","Vintage","Green Cards","Purple Cards","Heirloom","Time Dilation","Flight","DeadlyEvents","Elite Swarm","Lethality","Night Terrors"],"is_ascension_mode":true,"campfire_choices":[{"data":"Heavy Blade","floor":7.0,"key":"SMITH"},{"data":"Inflame","floor":15.0,"key":"SMITH"},{"floor":49,"key":"DIG"}],"circlet_count":0,"master_deck":["AscendersBane","Inflame+1","CrushJoints+1","Dagger Spray+1","Heavy Blade+1","FlurryOfBlows+1","Clash+1","Dagger Spray+1","Scrawl+1","Limit Break+1","Clash+1","Adrenaline+1","Limit Break+1","Pot Of Greed+1","Pot Of Greed+1","Adrenaline+1"],"relics":["Unceasing Top","FossilizedHelix","White Beast Statue","Golden Idol","Replay:Wax Seal","MawBank","Replay:Baseball","Potion Belt","Art of War","Replay:Bandana","Pen Nib","Kunai","MealTicket","Blood Vial","Toxic Egg 2","Runic Dome","ReplayTheSpireMod:Spearhead","Toy Ornithopter","CeramicFish","Molten Egg 2","Akabeko","War Paint","Replay:PocketPolymizer","ReplayTheSpireMod:TigerMarble","Bag of Preparation","Blue Candle","Frozen Eye","Runic Pyramid","Replay:Kaleidoscope","Membership Card","PreservedInsect","Sling","Onion Ring","Oddly Smooth Stone","Replay:Multitool","Self Forming Clay","Grinning Jar","Pocketwatch","Meat on the Bone","DollysMirror","ReplayFunnel","Replay:Towering Pillar of Hats","Nunchaku"],"acts_visited":["Exordium","TheCity","TheBeyond"],"potions_floor_usage":[45,50],"damage_taken":[{"damage":0.0,"enemies":"2 Louse","floor":1.0,"turns":1.0},{"damage":0.0,"enemies":"Jaw Worm","floor":3.0,"turns":2.0},{"damage":0.0,"enemies":"Small Slimes","floor":4.0,"turns":1.0},{"damage":0.0,"enemies":"3 Louse","floor":5.0,"turns":1.0},{"damage":0.0,"enemies":"3 Sentries","floor":6.0,"turns":2.0},{"damage":0.0,"enemies":"Gremlin Nob","floor":8.0,"turns":2.0},{"damage":12.0,"enemies":"3 Sentries","floor":11.0,"turns":2.0},{"damage":3.0,"enemies":"Large Slime","floor":12.0,"turns":2.0},{"damage":0.0,"enemies":"Lagavulin","floor":14.0,"turns":2.0},{"damage":3.0,"enemies":"The Guardian","floor":16.0,"turns":1.0},{"damage":3.0,"enemies":"3 Byrds","floor":18.0,"turns":1.0},{"damage":0.0,"enemies":"Chosen","floor":20.0,"turns":1.0},{"damage":14.0,"enemies":"Book of Stabbing","floor":23.0,"turns":2.0},{"damage":0.0,"enemies":"Gremlin Leader","floor":25.0,"turns":1.0},{"damage":10.0,"enemies":"Book of Stabbing","floor":27.0,"turns":2.0},{"damage":17.0,"enemies":"Slavers","floor":28.0,"turns":2.0},{"damage":0.0,"enemies":"Replay:Snechameleon","floor":29.0,"turns":1.0},{"damage":0.0,"enemies":"Collector","floor":33.0,"turns":1.0},{"damage":7,"enemies":"3 Shapes","floor":35,"turns":1},{"damage":0,"enemies":"3 Darklings","floor":37,"turns":1},{"damage":0,"enemies":"Giant Head","floor":40,"turns":1},{"damage":0,"enemies":"Nemesis","floor":41,"turns":1},{"damage":0,"enemies":"Jaw Worm Horde","floor":42,"turns":1},{"damage":0,"enemies":"Mind Bloom Boss Battle","floor":44,"turns":1},{"damage":0,"enemies":"4 Shapes","floor":45,"turns":1},{"damage":0,"enemies":"R_Hoarder","floor":47,"turns":1},{"damage":0,"enemies":"Nemesis","floor":48,"turns":1},{"damage":0,"enemies":"Awakened One","floor":50,"turns":2},{"damage":0,"enemies":"Replay:Hell Engine","floor":51,"turns":1}],"seed_played":"6902170136290435955","potions_obtained":[{"floor":3.0,"key":"PowerPotion"},{"floor":4.0,"key":"Explosive Potion"},{"floor":5.0,"key":"BloodPotion"},{"floor":6.0,"key":"Weak Potion"},{"floor":8.0,"key":"Death Potion"},{"floor":11.0,"key":"ColorlessPotion"},{"floor":12.0,"key":"FearPotion"},{"floor":14.0,"key":"BloodPotion"},{"floor":16.0,"key":"SmokeBomb"},{"floor":18.0,"key":"Toxic Potion"},{"floor":23.0,"key":"BloodPotion"},{"floor":25.0,"key":"AttackPotion"},{"floor":27.0,"key":"Milkshake"},{"floor":28.0,"key":"FearPotion"},{"floor":33.0,"key":"Swift Potion"},{"floor":35,"key":"Adrenaline Potion"},{"floor":37,"key":"SkillPotion"},{"floor":45,"key":"Adrenaline Potion"}],"is_trial":true,"path_per_floor":["M","?","M","M","M","E","R","E","T","?","E","M","T","E","R","B",null,"M","?","M","$","T","E","$","E","T","E","E","E","$","?","R","B",null,"M","$","M","$","?","E","E","M","T","?","M","$","E","E","R","B","B",null],"character_chosen":"IRONCLAD","items_purchased":["Molten Egg 2","Clash+1","Blue Candle","Frozen Eye","Membership Card","Sling","Onion Ring","DollysMirror"],"campfire_rested":0,"item_purchase_floors":[24,30,30,30,36,38,38,46],"current_hp_per_floor":[68,68,68,68,68,68,68,68,68,63,51,48,61,63,63,62,67,65,65,67,68,68,54,68,68,68,58,43,45,60,55,63,63,63,56,63,63,63,63,63,63,63,63,63,63,63,63,63,63,63,63],"gold":258,"neow_bonus":"","is_daily":false,"chose_seed":false,"campfire_upgraded":2,"win_rate":0.0,"timestamp":1614013216,"path_taken":["M","?","M","M","M","E","R","E","T","?","E","?","?","?","R","BOSS","M","?","?","$","?","E","?","E","T","E","E","?","$","?","R","BOSS","M","$","?","$","?","E","?","M","T","?","?","?","E","E","R","BOSS","BOSS"],"items_purchased_type":["Relic","Card","Relic","Relic","Relic","Relic","Relic","Relic"],"build_version":"2020-12-22","purchased_purges":3,"victory":true,"max_hp_per_floor":[75,68,68,68,68,68,68,68,68,68,68,68,68,68,68,68,68,68,68,68,68,68,68,68,68,68,68,68,68,68,68,63,63,63,63,63,63,63,63,63,63,63,63,63,63,63,63,63,63,63,63],"card_choices":[{"not_picked":["Atom Bomb","DeusExMachina"],"picked":"LessonLearned","floor":6.0},{"not_picked":["Exhume","Feed","Doppelganger"],"picked":"SKIP","floor":8.0},{"not_picked":["Venomology+1","Storm of Steel+1"],"picked":"Scrawl+1","floor":14.0},{"not_picked":["ReplayTheSpireMod:From All Sides","Wish+1"],"picked":"Limit Break+1","floor":16.0},{"not_picked":["Demonic Infusion+1","Brilliance+1","Judgement+1"],"picked":"SKIP","floor":29.0},{"not_picked":["Establishment","SpiritShield+1"],"picked":"Adrenaline+1","floor":33.0},{"not_picked":["Tools of the Trade","Grand Finale+1"],"picked":"Limit Break+1","floor":40}],"player_experience":75562,"relics_obtained":[{"floor":1.0,"key":"White Beast Statue"},{"floor":3.0,"key":"Replay:Wax Seal"},{"floor":4.0,"key":"MawBank"},{"floor":5.0,"key":"Replay:Baseball"},{"floor":6.0,"key":"Potion Belt"},{"floor":8.0,"key":"Art of War"},{"floor":9.0,"key":"Replay:Bandana"},{"floor":11.0,"key":"Kunai"},{"floor":12.0,"key":"MealTicket"},{"floor":13.0,"key":"Blood Vial"},{"floor":14.0,"key":"Toxic Egg 2"},{"floor":18.0,"key":"ReplayTheSpireMod:Spearhead"},{"floor":20.0,"key":"Toy Ornithopter"},{"floor":23.0,"key":"CeramicFish"},{"floor":25.0,"key":"Akabeko"},{"floor":26.0,"key":"War Paint"},{"floor":27.0,"key":"Replay:PocketPolymizer"},{"floor":28.0,"key":"ReplayTheSpireMod:TigerMarble"},{"floor":29.0,"key":"Bag of Preparation"},{"floor":35,"key":"Replay:Kaleidoscope"},{"floor":37,"key":"PreservedInsect"},{"floor":40,"key":"Oddly Smooth Stone"},{"floor":41,"key":"Replay:Multitool"},{"floor":42,"key":"Self Forming Clay"},{"floor":43,"key":"Grinning Jar"},{"floor":44,"key":"Pocketwatch"},{"floor":45,"key":"Meat on the Bone"},{"floor":47,"key":"ReplayFunnel"},{"floor":48,"key":"Replay:Towering Pillar of Hats"},{"floor":49,"key":"Nunchaku"}],"event_choices":[{"damage_healed":0.0,"max_hp_gain":0.0,"max_hp_loss":7.0,"gold_gain":0.0,"event_name":"Golden Idol","player_choice":"Lose Max HP","floor":2.0,"gold_loss":0.0,"damage_taken":0.0,"relics_obtained":["Golden Idol"]},{"damage_healed":0.0,"max_hp_gain":0.0,"max_hp_loss":0.0,"gold_gain":0.0,"event_name":"Scrap Ooze","player_choice":"Success","floor":10.0,"gold_loss":0.0,"damage_taken":5.0,"relics_obtained":["Pen Nib"]},{"cards_removed":["Battle Trance"],"damage_healed":0.0,"max_hp_gain":0.0,"max_hp_loss":0.0,"gold_gain":0.0,"event_name":"Beggar","player_choice":"Gave Gold","floor":19.0,"gold_loss":75.0,"damage_taken":0.0},{"damage_healed":0.0,"max_hp_gain":0.0,"max_hp_loss":0.0,"gold_gain":0.0,"event_name":"Designer","player_choice":"Punched","floor":31.0,"gold_loss":0.0,"damage_taken":5.0},{"damage_healed":0,"gold_gain":0,"player_choice":"Ignored","damage_taken":0,"max_hp_gain":0,"max_hp_loss":0,"event_name":"Accursed Blacksmith","floor":39,"gold_loss":0},{"damage_healed":0,"gold_gain":0,"player_choice":"Fight","damage_taken":0,"max_hp_gain":0,"max_hp_loss":0,"event_name":"MindBloom","floor":44,"gold_loss":0}],"is_beta":false,"boss_relics":[{"not_picked":["Abe\u0027s Treasure","Mark of Pain"],"picked":"Runic Dome"},{"not_picked":["Electric Blood","Snecko Eye"],"picked":"Runic Pyramid"}],"items_purged_floors":[36,38,46],"is_endless":false,"potions_floor_spawned":[3,4,5,6,8,11,12,14,16,18,20,23,25,27,28,29,33,35,37,40,41,42,44,45,47,48],"ascension_level":20}}