{"host":"soyfmymeou4emntr","time":1610255491,"event":{"mods":["BaseMod","Minty Spire (QoL Compilation)","Relic Sorter","Relic Stats","StSLib"],"gold_per_floor":[113,133,133,143,161,161,187,187,210,135,169,182,152,166,166,166,166],"floor_reached":16,"playtime":874,"items_purged":[],"score":224,"play_id":"de38f9bd-179e-4168-9da9-b84e256aa0e5","local_time":"20210109221131","is_ascension_mode":true,"campfire_choices":[{"data":"Gash","floor":6,"key":"SMITH"},{"data":"Hologram","floor":8,"key":"SMITH"},{"data":"Coolheaded","floor":15,"key":"SMITH"}],"circlet_count":0,"master_deck":["AscendersBane","Strike_B+1","Strike_B+1","Strike_B","Defend_B","Defend_B","Defend_B","Defend_B","Zap","Dualcast","Ball Lightning+1","Cold Snap","Coolheaded+1","Gash+1","Hologram+1","Core Surge","Sweeping Beam","Blizzard"],"relics":["Cracked Core","NeowsBlessing","Whetstone","Toy Ornithopter","Orichalcum"],"acts_visited":["Exordium"],"potions_floor_usage":[11,11,12],"damage_taken":[{"damage":0,"enemies":"Small Slimes","floor":1,"turns":1},{"damage":0,"enemies":"Cultist","floor":2,"turns":1},{"damage":0,"enemies":"2 Louse","floor":4,"turns":1},{"damage":22,"enemies":"Large Slime","floor":5,"turns":7},{"damage":1,"enemies":"Gremlin Nob","floor":7,"turns":3},{"damage":10,"enemies":"Lagavulin","floor":11,"turns":6},{"damage":0,"enemies":"Gremlin Gang","floor":12,"turns":4},{"damage":4,"enemies":"3 Louse","floor":14,"turns":3},{"damage":57,"enemies":"Hexaghost","floor":16,"turns":9}],"seed_played":"-1558002776760761867","potions_obtained":[{"floor":5,"key":"Weak Potion"},{"floor":7,"key":"Regen Potion"},{"floor":11,"key":"LiquidBronze"},{"floor":12,"key":"SteroidPotion"},{"floor":13,"key":"Ancient Potion"}],"is_trial":false,"path_per_floor":["M","M","?","M","M","R","E","R","T","?","E","M","?","M","R","B"],"character_chosen":"DEFECT","items_purchased":[],"campfire_rested":0,"item_purchase_floors":[],"current_hp_per_floor":[64,64,64,64,42,42,41,41,41,41,56,61,61,57,57,0,0],"gold":166,"neow_bonus":"THREE_ENEMY_KILL","is_daily":false,"chose_seed":false,"campfire_upgraded":3,"win_rate":0.0,"timestamp":1610255491,"path_taken":["M","M","?","?","M","R","E","R","T","?","E","M","?","M","R","BOSS"],"items_purchased_type":[],"build_version":"2020-12-22","purchased_purges":0,"victory":false,"max_hp_per_floor":[71,71,71,71,71,71,71,71,71,71,71,71,71,71,71,71,71],"relic_stats":{"counters":[9,35],"Whetstone":["Strike_B","Strike_B"],"Orichalcum":[30],"obtain_stats":[{"NeowsBlessing":0,"Whetstone":7,"Orichalcum":11,"Cracked Core":0,"Toy Ornithopter":9},{"NeowsBlessing":0,"Whetstone":5,"Orichalcum":6,"Cracked Core":0,"Toy Ornithopter":5},{"NeowsBlessing":0,"Whetstone":13,"Orichalcum":19,"Cracked Core":0,"Toy Ornithopter":13}],"Toy Ornithopter":15},"card_choices":[{"not_picked":["Conserve Battery","Sunder"],"picked":"Ball Lightning","floor":1},{"not_picked":["Stack","Go for the Eyes"],"picked":"Cold Snap","floor":2},{"not_picked":["Tempest","Aggregate"],"picked":"Coolheaded","floor":4},{"not_picked":["Amplify","Coolheaded"],"picked":"Gash","floor":5},{"not_picked":["Rebound","Compile Driver"],"picked":"Hologram","floor":7},{"not_picked":["Reprogram","Scrape"],"picked":"Core Surge","floor":11},{"not_picked":["FTL","Consume"],"picked":"Sweeping Beam","floor":12},{"not_picked":["Cold Snap","Redo"],"picked":"Blizzard","floor":14}],"player_experience":2810834,"relics_obtained":[{"floor":7,"key":"Whetstone"},{"floor":9,"key":"Toy Ornithopter"},{"floor":11,"key":"Orichalcum"}],"event_choices":[{"damage_healed":0,"gold_gain":0,"player_choice":"Forge","damage_taken":0,"max_hp_gain":0,"max_hp_loss":0,"event_name":"Accursed Blacksmith","floor":3,"gold_loss":0,"cards_upgraded":["Ball Lightning"]},{"cards_removed":["Strike_B"],"damage_healed":0,"gold_gain":0,"player_choice":"Card Removal","damage_taken":0,"max_hp_gain":0,"max_hp_loss":0,"event_name":"The Cleric","floor":10,"gold_loss":75},{"damage_healed":0,"gold_gain":0,"player_choice":"Bought 2 Potions","damage_taken":0,"max_hp_gain":0,"max_hp_loss":0,"event_name":"The Woman in Blue","floor":13,"gold_loss":0}],"is_beta":false,"boss_relics":[],"items_purged_floors":[],"is_endless":false,"potions_floor_spawned":[5,7,11,12,14],"killed_by":"Hexaghost","ascension_level":20}}