{"host":"5x08nt64u3vxxcfi","time":1610271118,"event":{"mods":["BaseMod","Minty Spire (QoL Compilation)","StSLib","SuperFastMode"],"gold_per_floor":[115,290,35,35,35,35,35,58,58,82,101,101,122,145,145,145,145],"floor_reached":16,"playtime":238,"items_purged":[],"score":227,"play_id":"b1f4d8eb-25a4-4b26-be06-6379300157fb","local_time":"20210110183158","is_ascension_mode":true,"campfire_choices":[{"data":"Dagger Spray","floor":6,"key":"SMITH"},{"data":"Neutralize","floor":12,"key":"SMITH"},{"data":"Dagger Spray","floor":15,"key":"SMITH"}],"circlet_count":0,"master_deck":["AscendersBane","Strike_G","Strike_G","Strike_G","Strike_G","Strike_G","Defend_G","Defend_G","Defend_G","Defend_G","Defend_G","Survivor","Neutralize+1","Dagger Spray+1","Slice","PiercingWail","Deflect","Bane","Dagger Spray+1"],"relics":["Ring of the Snake","CaptainsWheel","Kunai","Golden Idol","Meat on the Bone"],"acts_visited":["Exordium"],"potions_floor_usage":[13,16],"damage_taken":[{"damage":4,"enemies":"Small Slimes","floor":1,"turns":5},{"damage":4,"enemies":"Jaw Worm","floor":8,"turns":4},{"damage":0,"enemies":"Cultist","floor":10,"turns":2},{"damage":1,"enemies":"2 Fungi Beasts","floor":11,"turns":3},{"damage":4,"enemies":"Red Slaver","floor":13,"turns":4},{"damage":5,"enemies":"Looter","floor":14,"turns":3},{"damage":46,"enemies":"Hexaghost","floor":16,"turns":12}],"seed_played":"-8361576679173618890","potions_obtained":[{"floor":10,"key":"DuplicationPotion"},{"floor":11,"key":"FearPotion"}],"is_trial":false,"path_per_floor":["M","?","$","?","$","R","?","M","T","M","M","R","M","M","R","B"],"character_chosen":"THE_SILENT","items_purchased":["Kunai"],"campfire_rested":0,"item_purchase_floors":[3],"current_hp_per_floor":[59,59,59,58,58,58,58,54,54,54,53,53,49,44,44,0,0],"gold":145,"neow_bonus":"ONE_RARE_RELIC","is_daily":false,"chose_seed":false,"campfire_upgraded":3,"win_rate":0.0,"timestamp":1610271118,"path_taken":["M","?","$","?","?","R","?","M","T","?","M","R","M","M","R","BOSS"],"items_purchased_type":["Relic"],"build_version":"2020-12-22","purchased_purges":0,"victory":false,"max_hp_per_floor":[63,63,63,58,58,58,58,58,58,58,58,58,58,58,58,58,58],"card_choices":[{"not_picked":["Underhanded Strike","Dagger Throw"],"picked":"Dagger Spray","floor":1},{"not_picked":["Acrobatics","Backflip"],"picked":"Slice","floor":8},{"not_picked":["Deadly Poison","Outmaneuver"],"picked":"PiercingWail","floor":10},{"not_picked":["Outmaneuver","Concentrate"],"picked":"Deflect","floor":11},{"not_picked":["Acrobatics","Bouncing Flask"],"picked":"Bane","floor":13},{"not_picked":["Setup","Calculated Gamble"],"picked":"Dagger Spray","floor":14}],"player_experience":87236,"relics_obtained":[{"floor":9,"key":"Meat on the Bone"}],"event_choices":[{"damage_healed":0,"gold_gain":175,"player_choice":"AGREE","damage_taken":0,"max_hp_gain":0,"max_hp_loss":0,"event_name":"Liars Game","floor":2,"gold_loss":0,"cards_obtained":["Doubt"]},{"damage_healed":0,"gold_gain":0,"player_choice":"Lose Max HP","damage_taken":0,"relics_obtained":["Golden Idol"],"max_hp_gain":0,"max_hp_loss":5,"event_name":"Golden Idol","floor":4,"gold_loss":0},{"cards_removed":["Doubt"],"damage_healed":0,"gold_gain":0,"player_choice":"Purged","damage_taken":0,"max_hp_gain":0,"max_hp_loss":0,"event_name":"Purifier","floor":7,"gold_loss":0}],"is_beta":false,"boss_relics":[],"items_purged_floors":[],"is_endless":false,"potions_floor_spawned":[10,11],"killed_by":"Hexaghost","ascension_level":12}}