{"host":"Jonboy","time":1610279682,"event":{"mods":["AchievementEnabler","BaseMod","Block Reminder","Colored Powertips","Minty Spire (QoL Compilation)","Relic Stats"],"gold_per_floor":[111,36,50,65,65,65,397,397,397,423,423,453,465,481,481,555,555,575,500,517,41,41,41,73,73,99,118,143,143,162,189,189,267,267,284,296,186,17,17,17],"floor_reached":39,"playtime":1470,"items_purged":["Strike_R","Strike_R"],"score":800,"play_id":"77ebced5-4621-4669-903d-fb6d6f05ab68","local_time":"20210110115442","is_ascension_mode":true,"campfire_choices":[{"floor":6.0,"key":"REST"},{"floor":8.0,"key":"REST"},{"floor":11.0,"key":"REST"},{"floor":15.0,"key":"REST"},{"floor":23.0,"key":"REST"},{"floor":25.0,"key":"REST"},{"floor":29.0,"key":"REST"},{"floor":32.0,"key":"REST"}],"circlet_count":0,"master_deck":["AscendersBane","Defend_R","Defend_R","Defend_R","Defend_R","Bash+1","Hemokinesis","Pommel Strike","Pummel","Inflame","Limit Break","Heavy Blade","Thunderclap","Reaper","Spot Weakness","Flame Barrier","Battle Trance","Master of Strategy","Dual Wield","Armaments","Uppercut","Immolate","Exhume","True Grit+1","Feel No Pain"],"relics":["Fusion Hammer","Matryoshka","Old Coin","Happy Flower","Orichalcum","CaptainsWheel","PreservedInsect","Black Star","Pen Nib","Blood Vial","Darkstone Periapt","Unceasing Top","Pantograph","Dream Catcher","Vajra","MealTicket","Bronze Scales","Strawberry","Philosopher\u0027s Stone"],"acts_visited":["Exordium","TheCity","TheBeyond"],"potions_floor_usage":[35],"damage_taken":[{"damage":0.0,"enemies":"Small Slimes","floor":1.0,"turns":4.0},{"damage":4.0,"enemies":"Jaw Worm","floor":3.0,"turns":2.0},{"damage":2.0,"enemies":"2 Louse","floor":4.0,"turns":3.0},{"damage":10.0,"enemies":"Gremlin Nob","floor":7.0,"turns":3.0},{"damage":18.0,"enemies":"Lagavulin","floor":10.0,"turns":4.0},{"damage":20.0,"enemies":"3 Sentries","floor":12.0,"turns":7.0},{"damage":9.0,"enemies":"Exordium Wildlife","floor":13.0,"turns":3.0},{"damage":10.0,"enemies":"Red Slaver","floor":14.0,"turns":2.0},{"damage":32.0,"enemies":"Hexaghost","floor":16.0,"turns":5.0},{"damage":4.0,"enemies":"Chosen","floor":18.0,"turns":4.0},{"damage":17.0,"enemies":"2 Thieves","floor":20.0,"turns":3.0},{"damage":14.0,"enemies":"Gremlin Leader","floor":24.0,"turns":4.0},{"damage":20.0,"enemies":"Snake Plant","floor":27.0,"turns":4.0},{"damage":29.0,"enemies":"Book of Stabbing","floor":28.0,"turns":4.0},{"damage":7.0,"enemies":"Snecko","floor":30.0,"turns":5.0},{"damage":25.0,"enemies":"Gremlin Leader","floor":31.0,"turns":4.0},{"damage":46.0,"enemies":"Collector","floor":33.0,"turns":8.0},{"damage":38,"enemies":"3 Darklings","floor":35,"turns":4},{"damage":26,"enemies":"3 Shapes","floor":36,"turns":7},{"damage":83,"enemies":"Transient","floor":39,"turns":5}],"seed_played":"-7724946145794144928","potions_obtained":[{"floor":3.0,"key":"BlessingOfTheForge"},{"floor":12.0,"key":"HeartOfIron"},{"floor":13.0,"key":"FearPotion"},{"floor":14.0,"key":"BlessingOfTheForge"},{"floor":16.0,"key":"BlessingOfTheForge"},{"floor":24.0,"key":"BlessingOfTheForge"},{"floor":28.0,"key":"PowerPotion"},{"floor":30.0,"key":"DistilledChaos"},{"floor":33.0,"key":"Regen Potion"},{"floor":35,"key":"DuplicationPotion"}],"is_trial":false,"path_per_floor":["M","?","M","M","?","R","E","R","T","E","R","E","M","M","R","B",null,"M","?","M","$","?","R","E","R","T","M","E","R","M","E","R","B",null,"M","M","?","$","M"],"character_chosen":"IRONCLAD","items_purchased":["Battle Trance","Master of Strategy","Pen Nib","Feel No Pain"],"campfire_rested":8,"item_purchase_floors":[21,21,21,38],"current_hp_per_floor":[68,68,64,62,44,66,56,75,75,57,75,55,46,36,58,26,63,65,65,48,48,48,70,61,75,75,63,36,58,60,57,81,36,71,45,21,21,36,0,0],"gold":17,"neow_bonus":"BOSS_RELIC","is_daily":false,"chose_seed":false,"campfire_upgraded":0,"win_rate":0.0,"timestamp":1610279682,"path_taken":["M","?","M","M","?","R","E","R","T","E","R","E","M","M","R","BOSS","M","?","M","$","?","R","E","R","T","M","E","R","M","E","R","BOSS","M","M","?","?","M"],"items_purchased_type":["Card","Card","Relic","Card"],"build_version":"2020-12-18","purchased_purges":2,"victory":false,"max_hp_per_floor":[75,75,75,75,75,75,75,75,75,75,75,75,75,75,75,75,75,75,75,75,75,75,75,75,75,75,75,75,75,75,82,82,82,82,82,82,82,82,82,82],"relic_stats":{"Darkstone Periapt":0,"Happy Flower":[24],"counters":[20,85],"PreservedInsect":143,"Pen Nib":[7],"Orichalcum":[168],"Blood Vial":14,"Dream Catcher":2,"Pantograph":1,"Bronze Scales":[53],"MealTicket":15,"Black Star":3,"obtain_stats":[{"Darkstone Periapt":24,"Happy Flower":9,"Vajra":28,"PreservedInsect":12,"Pen Nib":21,"Orichalcum":9,"Burning Blood":0,"Old Coin":7,"Blood Vial":22,"CaptainsWheel":10,"Dream Catcher":26,"Matryoshka":5,"Pantograph":26,"Bronze Scales":31,"Strawberry":31,"MealTicket":28,"Philosopher\u0027s Stone":34,"Fusion Hammer":0,"Black Star":17,"Unceasing Top":24},{"Darkstone Periapt":12,"Happy Flower":4,"Vajra":14,"PreservedInsect":6,"Pen Nib":11,"Orichalcum":4,"Burning Blood":0,"Old Coin":4,"Blood Vial":11,"CaptainsWheel":5,"Dream Catcher":12,"Matryoshka":3,"Pantograph":12,"Bronze Scales":16,"Strawberry":16,"MealTicket":14,"Philosopher\u0027s Stone":17,"Fusion Hammer":0,"Black Star":9,"Unceasing Top":12},{"Darkstone Periapt":44,"Happy Flower":12,"Vajra":52,"PreservedInsect":23,"Pen Nib":40,"Orichalcum":12,"Burning Blood":0,"Old Coin":12,"Blood Vial":40,"CaptainsWheel":16,"Dream Catcher":44,"Matryoshka":9,"Pantograph":44,"Bronze Scales":61,"Strawberry":61,"MealTicket":52,"Philosopher\u0027s Stone":69,"Fusion Hammer":0,"Black Star":33,"Unceasing Top":44}],"Unceasing Top":[1]},"card_choices":[{"not_picked":["Clothesline","Heavy Blade"],"picked":"Hemokinesis","floor":1.0},{"not_picked":["Havoc","Sentinel"],"picked":"Pommel Strike","floor":3.0},{"not_picked":["Seeing Red","Dark Embrace"],"picked":"Pummel","floor":4.0},{"not_picked":["Anger","Headbutt"],"picked":"Inflame","floor":7.0},{"not_picked":["Flex","Evolve"],"picked":"Limit Break","floor":10.0},{"not_picked":["Rage","Bloodletting"],"picked":"Heavy Blade","floor":12.0},{"not_picked":["Havoc","Hemokinesis"],"picked":"Thunderclap","floor":13.0},{"not_picked":["Warcry","Headbutt","Heavy Blade"],"picked":"SKIP","floor":14.0},{"not_picked":["Impervious","Fiend Fire"],"picked":"Reaper","floor":16.0},{"not_picked":["Thunderclap","Carnage"],"picked":"Spot Weakness","floor":18.0},{"not_picked":["Whirlwind","Flex"],"picked":"Flame Barrier","floor":20.0},{"not_picked":["Perfected Strike","Clothesline"],"picked":"Dual Wield","floor":24.0},{"not_picked":["Flex+1","Sword Boomerang","Perfected Strike+1"],"picked":"SKIP","floor":27.0},{"not_picked":["Second Wind","Twin Strike","Intimidate"],"picked":"SKIP","floor":28.0},{"not_picked":["Pommel Strike","Wild Strike"],"picked":"Armaments","floor":29.0},{"not_picked":["Flex","Perfected Strike"],"picked":"Uppercut","floor":30.0},{"not_picked":["Carnage","Dual Wield+1"],"picked":"Immolate","floor":31.0},{"not_picked":["Immolate","Brutality"],"picked":"Exhume","floor":33.0},{"not_picked":["Pommel Strike","Blood for Blood"],"picked":"True Grit+1","floor":35},{"not_picked":["Reckless Charge","Clothesline","Flex"],"picked":"SKIP","floor":36}],"player_experience":447454,"relics_obtained":[{"floor":7.0,"key":"Old Coin"},{"floor":9.0,"key":"Happy Flower"},{"floor":9.0,"key":"Orichalcum"},{"floor":10.0,"key":"CaptainsWheel"},{"floor":12.0,"key":"PreservedInsect"},{"floor":24.0,"key":"Darkstone Periapt"},{"floor":24.0,"key":"Unceasing Top"},{"floor":26.0,"key":"Pantograph"},{"floor":26.0,"key":"Dream Catcher"},{"floor":28.0,"key":"Vajra"},{"floor":28.0,"key":"MealTicket"},{"floor":31.0,"key":"Bronze Scales"},{"floor":31.0,"key":"Strawberry"}],"event_choices":[{"cards_removed":["Strike_R"],"damage_healed":0.0,"max_hp_gain":0.0,"max_hp_loss":0.0,"gold_gain":0.0,"event_name":"The Cleric","player_choice":"Card Removal","floor":2.0,"gold_loss":75.0,"damage_taken":0.0},{"damage_healed":0.0,"max_hp_gain":0.0,"max_hp_loss":0.0,"gold_gain":0.0,"event_name":"Scrap Ooze","player_choice":"Success","floor":5.0,"gold_loss":0.0,"damage_taken":18.0,"relics_obtained":["Matryoshka"]},{"cards_removed":["Strike_R"],"damage_healed":0.0,"max_hp_gain":0.0,"max_hp_loss":0.0,"gold_gain":0.0,"event_name":"Beggar","player_choice":"Gave Gold","floor":19.0,"gold_loss":75.0,"damage_taken":0.0},{"damage_healed":0.0,"max_hp_gain":0.0,"max_hp_loss":0.0,"gold_gain":0.0,"event_name":"WeMeetAgain","player_choice":"Gave Potion","floor":22.0,"gold_loss":0.0,"damage_taken":0.0,"relics_obtained":["Blood Vial"]},{"cards_removed":["Strike_R"],"damage_healed":0,"gold_gain":0,"player_choice":"Upgrade and Remove","damage_taken":0,"max_hp_gain":0,"max_hp_loss":0,"event_name":"Designer","floor":37,"gold_loss":110,"cards_upgraded":["Bash"]}],"is_beta":true,"boss_relics":[{"not_picked":["Empty Cage","Sozu"],"picked":"Black Star"},{"not_picked":["Mark of Pain","Tiny House"],"picked":"Philosopher\u0027s Stone"}],"items_purged_floors":[21,38],"is_endless":false,"potions_floor_spawned":[3,12,13,14,16,24,28,30,33,35],"killed_by":"Transient","ascension_level":15}}