{"host":"vjkx177ju3wjmzef","time":1610321713,"event":{"mods":["BaseMod","Block Reminder","Colored Map","Colored Powertips","DeckTracker","Googly Eyes","Highlight Path","Minty Spire (QoL Compilation)","Quick Restart","Random Character Button","Relic Stats","Replay The Spire","StSLib"],"gold_per_floor":[115,133,133,149,166,179,189,204,204,214,214,35,63,82,82,184,184,198,53,53,5,0,0,0,32,58,9,9,26,26,43,43,144,144,154,154,173,15,59,88,105,105,105,105,117,117,164,174,174,174],"floor_reached":51,"playtime":3052,"items_purged":["Defend_P","Delirium"],"score":924,"play_id":"abf37adb-ceb9-4210-be0b-e013f5a2883b","local_time":"20210110173513","is_ascension_mode":false,"campfire_choices":[{"data":"FlurryOfBlows","floor":11.0,"key":"SMITH"},{"floor":15.0,"key":"DIG"},{"floor":23.0,"key":"REST"},{"floor":28.0,"key":"REST"},{"floor":30.0,"key":"REST"},{"floor":42,"key":"REST"},{"floor":46,"key":"REST"},{"floor":49,"key":"REST"}],"circlet_count":0,"master_deck":["Strike_P","Strike_P","Defend_P","Defend_P","Eruption","Vigilance","JustLucky","Tantrum","Consecrate","Halt","Consecrate","FlurryOfBlows+1","ClearTheMind","ThirdEye","Apotheosis+1","Crescendo","Establishment","BattleHymn","CarveReality+1","LikeWater+1","InnerPeace+1","Halt+1","Replay:LoomingThreat","SashWhip+1","Fasting2+1","Conclude+1","CutThroughFate+1","Writhe","Replay:BluntJabs+1","LikeWater+1","ClearTheMind"],"relics":["PureWater","NeowsBlessing","FossilizedHelix","Pet Ghost","Replay:WaspNest","Replay:Grab Bag","ReplayTheSpireMod:Onyx Gauntlets","Fusion Hammer","Empty Cage","ReplayTheSpireMod:Ninjato","Oddly Smooth Stone","Busted Crown","Orichalcum","Replay:Towering Pillar of Hats","Gambling Chip","Bird Faced Urn"],"acts_visited":["Exordium","TheCity","TheBeyond"],"potions_floor_usage":[40,41,41,50],"damage_taken":[{"damage":0.0,"enemies":"Cultist","floor":1.0,"turns":1.0},{"damage":0.0,"enemies":"Jaw Worm","floor":2.0,"turns":1.0},{"damage":0.0,"enemies":"2 Louse","floor":4.0,"turns":1.0},{"damage":7.0,"enemies":"Blue Slaver","floor":5.0,"turns":4.0},{"damage":28.0,"enemies":"Exordium Thugs","floor":6.0,"turns":4.0},{"damage":6.0,"enemies":"Red Slaver","floor":7.0,"turns":3.0},{"damage":0.0,"enemies":"2 Fungi Beasts","floor":8.0,"turns":1.0},{"damage":0.0,"enemies":"Exordium Wildlife","floor":10.0,"turns":3.0},{"damage":0.0,"enemies":"Gremlin Nob","floor":13.0,"turns":3.0},{"damage":0.0,"enemies":"Looter","floor":14.0,"turns":4.0},{"damage":0.0,"enemies":"Slime Boss","floor":16.0,"turns":4.0},{"damage":10.0,"enemies":"Spheric Guardian","floor":18.0,"turns":4.0},{"damage":46.0,"enemies":"Gremlin Leader","floor":25.0,"turns":5.0},{"damage":8.0,"enemies":"3 Byrds","floor":29.0,"turns":4.0},{"damage":7.0,"enemies":"Centurion and Healer","floor":31.0,"turns":5.0},{"damage":0.0,"enemies":"Automaton","floor":33.0,"turns":6.0},{"damage":0,"enemies":"3 Shapes","floor":35,"turns":3},{"damage":0,"enemies":"Orb Walker","floor":37,"turns":3},{"damage":26,"enemies":"Reptomancer","floor":40,"turns":5},{"damage":0,"enemies":"Jaw Worm Horde","floor":41,"turns":4},{"damage":7,"enemies":"3 Darklings","floor":45,"turns":4},{"damage":15,"enemies":"2 Orb Walkers","floor":47,"turns":4},{"damage":0,"enemies":"Spire Growth","floor":48,"turns":4},{"damage":0,"enemies":"Time Eater","floor":50,"turns":6}],"seed_played":"8036014859287282874","potions_obtained":[{"floor":1.0,"key":"SkillPotion"},{"floor":5.0,"key":"Adrenaline Potion"},{"floor":7.0,"key":"GamblersBrew"},{"floor":8.0,"key":"AttackPotion"},{"floor":14.0,"key":"LiquidBronze"},{"floor":18.0,"key":"Strength Potion"},{"floor":31.0,"key":"PowerPotion"},{"floor":32.0,"key":"Death Potion"},{"floor":32.0,"key":"ColorlessPotion"},{"floor":35,"key":"PowerPotion"},{"floor":37,"key":"AttackPotion"},{"floor":39,"key":"Flashbang"},{"floor":39,"key":"Adrenaline Potion"},{"floor":48,"key":"GamblersBrew"}],"is_trial":false,"path_per_floor":["M","M","?","M","M","M","M","M","T","M","R","$","E","M","R_BF","B",null,"M","$","?","$","?","R","?","E","T","$","R","M","R","M","R_BF","B",null,"M","?","M","$","?","E","M","R","T","?","M","R","?","M","R","B",null],"character_chosen":"WATCHER","items_purchased":["Apotheosis","BattleHymn","PowerPotion","LikeWater+1","Fasting2+1"],"campfire_rested":6,"item_purchase_floors":[12,19,21,27,38],"current_hp_per_floor":[72,72,72,72,65,37,31,31,31,31,31,31,31,31,31,31,72,62,62,62,62,62,72,72,26,26,26,47,39,60,53,53,62,72,72,72,72,72,54,28,28,49,49,67,60,72,57,69,72,72],"gold":174,"neow_bonus":"THREE_ENEMY_KILL","is_daily":false,"chose_seed":false,"campfire_upgraded":1,"win_rate":0.0,"timestamp":1610321713,"path_taken":["M","?","?","M","M","M","M","?","T","M","R","$","E","M","R_BF","BOSS","M","$","?","$","?","R","?","E","T","?","R","M","R","M","R_BF","BOSS","M","?","?","$","?","E","M","R","T","?","M","R","?","M","R","BOSS"],"items_purchased_type":["Card","Card","Potion","Card","Card"],"build_version":"2020-12-22","purchased_purges":2,"victory":true,"max_hp_per_floor":[72,72,72,72,72,72,72,72,72,72,72,72,72,72,72,72,72,72,72,72,72,72,72,72,72,72,72,72,72,72,72,72,72,72,72,72,72,72,72,72,72,72,72,72,72,72,72,72,72,72],"relic_stats":{"Busted Crown":16,"counters":[24,86],"Gambling Chip":[18],"Bird Faced Urn":[12],"Orichalcum":[42],"obtain_stats":[{"ReplayTheSpireMod:Ninjato":25,"NeowsBlessing":0,"Replay:Towering Pillar of Hats":40,"Replay:Grab Bag":17,"Oddly Smooth Stone":26,"Replay:WaspNest":15,"Orichalcum":39,"Empty Cage":17,"Pet Ghost":13,"Busted Crown":34,"Gambling Chip":43,"Bird Faced Urn":47,"Fusion Hammer":17,"PureWater":0,"ReplayTheSpireMod:Onyx Gauntlets":17,"FossilizedHelix":9},{"ReplayTheSpireMod:Ninjato":13,"NeowsBlessing":0,"Replay:Towering Pillar of Hats":19,"Replay:Grab Bag":11,"Oddly Smooth Stone":13,"Replay:WaspNest":10,"Orichalcum":18,"Empty Cage":11,"Pet Ghost":9,"Busted Crown":16,"Gambling Chip":20,"Bird Faced Urn":22,"Fusion Hammer":11,"PureWater":0,"ReplayTheSpireMod:Onyx Gauntlets":11,"FossilizedHelix":7},{"ReplayTheSpireMod:Ninjato":38,"NeowsBlessing":0,"Replay:Towering Pillar of Hats":64,"Replay:Grab Bag":29,"Oddly Smooth Stone":38,"Replay:WaspNest":25,"Orichalcum":59,"Empty Cage":29,"Pet Ghost":21,"Busted Crown":53,"Gambling Chip":68,"Bird Faced Urn":76,"Fusion Hammer":29,"PureWater":0,"ReplayTheSpireMod:Onyx Gauntlets":29,"FossilizedHelix":15}]},"card_choices":[{"not_picked":["WaveOfTheHand","Evaluate"],"picked":"JustLucky","floor":1.0},{"not_picked":["SashWhip","ThirdEye"],"picked":"Tantrum","floor":2.0},{"not_picked":["ClearTheMind","CutThroughFate"],"picked":"Consecrate","floor":4.0},{"not_picked":["Prostrate","Wallop"],"picked":"Halt","floor":5.0},{"not_picked":["ThirdEye","DeusExMachina"],"picked":"Consecrate","floor":6.0},{"not_picked":["Protect","Indignation"],"picked":"FlurryOfBlows","floor":7.0},{"not_picked":["PathToVictory","Replay:Battleflow"],"picked":"ClearTheMind","floor":8.0},{"not_picked":["WaveOfTheHand","Ragnarok"],"picked":"ThirdEye","floor":10.0},{"not_picked":["Replay:ManipulateFuture","CrushJoints","Replay:Cycle"],"picked":"SKIP","floor":13.0},{"not_picked":["SashWhip","Sanctity"],"picked":"Crescendo","floor":14.0},{"not_picked":["Replay:LoomingThreat","Replay:AllIn"],"picked":"Establishment","floor":16.0},{"not_picked":["SashWhip","JustLucky","CrushJoints"],"picked":"SKIP","floor":18.0},{"not_picked":["Crescendo","SashWhip"],"picked":"CarveReality+1","floor":25.0},{"not_picked":["DevaForm","Replay:AtTheReady"],"picked":"InnerPeace+1","floor":29.0},{"not_picked":["SignatureMove","Replay:Anticipation"],"picked":"Halt+1","floor":31.0},{"not_picked":["Blasphemy","Establishment"],"picked":"Replay:LoomingThreat","floor":33.0},{"not_picked":[],"picked":"SashWhip+1","floor":35},{"not_picked":["EmptyFist"],"picked":"SKIP","floor":37},{"not_picked":[],"picked":"Conclude+1","floor":40},{"not_picked":[],"picked":"CutThroughFate+1","floor":41},{"not_picked":[],"picked":"Replay:BluntJabs+1","floor":45},{"not_picked":[],"picked":"LikeWater+1","floor":47},{"not_picked":[],"picked":"ClearTheMind","floor":48}],"player_experience":163269,"relics_obtained":[{"floor":9.0,"key":"FossilizedHelix"},{"floor":13.0,"key":"Pet Ghost"},{"floor":15.0,"key":"Replay:WaspNest"},{"floor":25.0,"key":"ReplayTheSpireMod:Ninjato"},{"floor":26.0,"key":"Oddly Smooth Stone"},{"floor":39,"key":"Orichalcum"},{"floor":40,"key":"Replay:Towering Pillar of Hats"},{"floor":43,"key":"Gambling Chip"},{"floor":47,"key":"Bird Faced Urn"}],"event_choices":[{"cards_removed":["Strike_P"],"damage_healed":0.0,"max_hp_gain":0.0,"max_hp_loss":0.0,"gold_gain":0.0,"event_name":"Wheel of Change","player_choice":"Card Removal","floor":3.0,"gold_loss":0.0,"damage_taken":0.0},{"damage_healed":0.0,"max_hp_gain":0.0,"max_hp_loss":0.0,"gold_gain":0.0,"event_name":"Ghosts","player_choice":"Ignored","floor":20.0,"gold_loss":0.0,"damage_taken":0.0},{"damage_healed":0.0,"max_hp_gain":0.0,"max_hp_loss":0.0,"gold_gain":0.0,"event_name":"Masked Bandits","player_choice":"Paid Fearfully","floor":22.0,"gold_loss":5.0,"damage_taken":0.0},{"damage_healed":0,"gold_gain":0,"player_choice":"Forge","damage_taken":0,"max_hp_gain":0,"max_hp_loss":0,"event_name":"Accursed Blacksmith","floor":36,"gold_loss":0,"cards_upgraded":["Apotheosis"]},{"damage_healed":18,"gold_gain":0,"player_choice":"Writhe","damage_taken":0,"max_hp_gain":0,"max_hp_loss":0,"event_name":"Winding Halls","floor":44,"gold_loss":0,"cards_obtained":["Writhe"]},{"damage_healed":0,"gold_gain":0,"player_choice":"Fight","damage_taken":0,"max_hp_gain":0,"max_hp_loss":0,"event_name":"Mysterious Sphere","floor":47,"gold_loss":0}],"is_beta":false,"boss_relics":[{"not_picked":["Replay:Drink Me","SacredBark"],"picked":"Replay:Grab Bag"},{"not_picked":["Sozu","Velvet Choker"],"picked":"ReplayTheSpireMod:Onyx Gauntlets"},{"not_picked":["Runic Dome","Painkiller Herb"],"picked":"Fusion Hammer"},{"not_picked":["Ring of Chaos","Calling Bell"],"picked":"Empty Cage"},{"not_picked":["SlaversCollar","VioletLotus"],"picked":"Busted Crown"}],"items_purged_floors":[19,38],"is_endless":false,"potions_floor_spawned":[1,5,7,8,14,18,31,35,37,48],"ascension_level":0}}