{"host":"bpkhhmvsfrvlto2l","time":1610237751,"event":{"mods":["2.2 Compatiblity","Act Like it!","AlwaysNeverKeys","BaseMod","Better Silent Start","Challenge The Spire","Colored Map","Colored Powertips","Custom Start","Downfall","Energized Spire","Friendly Minions","GifTheSpireLib","Halation","Hubris","Infinite Spire","Ironclad Rager","Mimic Mod","Minty Spire (QoL Compilation)","Permanent Neow","Quick Restart","Random Character Button","Relic Sorter","Replay The Spire","Spikes Relics","StSLib","Stuff the Spire","Swap Starting Deck Mod","Trackpad"],"gold_per_floor":[111,127,127,127,143,143,143],"floor_reached":6,"playtime":181,"items_purged":[],"score":40,"play_id":"36695b9c-8364-4e7a-810f-7a64fdbd47f3","local_time":"20210109191551","is_ascension_mode":true,"campfire_choices":[],"circlet_count":0,"master_deck":["Strike_P","Strike_P","Strike_P","Strike_P+1","Defend_P","Defend_P","Defend_P","Defend_P","Eruption+1","Vigilance+1","Replay:Anticipation"],"relics":["PureWater"],"acts_visited":["Exordium"],"potions_floor_usage":[6],"damage_taken":[{"damage":23,"enemies":"Small Slimes","floor":1,"turns":4},{"damage":6,"enemies":"Jaw Worm","floor":2,"turns":6},{"damage":0,"enemies":"2 Louse","floor":5,"turns":3},{"damage":34,"enemies":"Lagavulin","floor":6,"turns":6}],"seed_played":"-937059414000850347","potions_obtained":[{"floor":1,"key":"FearPotion"}],"is_trial":false,"path_per_floor":["M","M","?","?","M","E"],"character_chosen":"WATCHER","items_purchased":[],"campfire_rested":0,"item_purchase_floors":[],"current_hp_per_floor":[49,43,43,29,29,0,0],"gold":143,"neow_bonus":"UPGRADE_CARD","is_daily":false,"chose_seed":false,"campfire_upgraded":0,"win_rate":0.0,"timestamp":1610237751,"path_taken":["M","M","?","?","M","E"],"items_purchased_type":[],"build_version":"2020-12-22","purchased_purges":0,"victory":false,"max_hp_per_floor":[72,72,72,72,72,72,72],"card_choices":[{"not_picked":["Replay:ManipulateFuture","BattleHymn"],"picked":"Replay:Anticipation","floor":5}],"player_experience":53825,"relics_obtained":[],"event_choices":[{"damage_healed":0,"gold_gain":0,"player_choice":"Ignored","damage_taken":0,"max_hp_gain":0,"max_hp_loss":0,"event_name":"Liars Game","floor":3,"gold_loss":0},{"damage_healed":0,"gold_gain":0,"player_choice":"Entered Light","damage_taken":14,"max_hp_gain":0,"max_hp_loss":0,"event_name":"Shining Light","floor":4,"gold_loss":0,"cards_upgraded":["Strike_P","Eruption"]}],"is_beta":false,"boss_relics":[],"items_purged_floors":[],"is_endless":false,"potions_floor_spawned":[1],"killed_by":"Lagavulin","ascension_level":2}}