{"host":"minbhrtlkaoly5f0","time":1610263088,"event":{"mods":["Act Like it!","BaseMod","Colored Map","Colored Powertips","KinomotoSakuraMod(Ä¾Ö®±¾Ó£)","Minty Spire (QoL Compilation)","Quick Restart","StSLib"],"gold_per_floor":[115,135,150,150,170,170,200,220,220,238,255,255,265,265,265,265,265],"floor_reached":16,"playtime":640,"items_purged":[],"score":106,"play_id":"90c16092-e33e-451b-b6c2-aaa76374efc5","local_time":"20210110151808","is_ascension_mode":true,"campfire_choices":[{"data":"SpellCardSeal","floor":6,"key":"SMITH"},{"floor":12,"key":"REST"},{"floor":15,"key":"REST"}],"circlet_count":0,"master_deck":["SakuraCardThePower+","ClowCardTheSword","ClowCardTheSword","ClowCardTheSword","ClowCardTheShield","ClowCardTheShield","ClowCardTheShield","ClowCardTheShield","SpellCardSeal+1","SpellCardRelease","ClowCardTheErase","ClowCardTheFlower","ClowCardTheFly","ClowCardTheSong","ClowCardTheFreeze","ClowCardTheArrow"],"relics":["KSMOD_SealedBook","KSMOD_SealedWand","NeowsBlessing","Centennial Puzzle","Bottled Flame"],"acts_visited":["Exordium"],"potions_floor_usage":[10,16,16],"damage_taken":[{"damage":0,"enemies":"Small Slimes","floor":1,"turns":2},{"damage":0,"enemies":"Cultist","floor":2,"turns":2},{"damage":0,"enemies":"2 Louse","floor":3,"turns":1},{"damage":9,"enemies":"Blue Slaver","floor":5,"turns":3},{"damage":21,"enemies":"3 Sentries","floor":7,"turns":8},{"damage":31,"enemies":"Gremlin Gang","floor":8,"turns":4},{"damage":0,"enemies":"Exordium Wildlife","floor":10,"turns":3},{"damage":7,"enemies":"Exordium Thugs","floor":11,"turns":3},{"damage":6,"enemies":"2 Fungi Beasts","floor":13,"turns":2},{"damage":40,"enemies":"The Guardian","floor":16,"turns":7}],"seed_played":"4467049649468164363","potions_obtained":[{"floor":1,"key":"FearPotion"},{"floor":7,"key":"Strength Potion"},{"floor":8,"key":"SmokeBomb"},{"floor":11,"key":"EssenceOfSteel"}],"is_trial":false,"path_per_floor":["M","M","M","?","M","R","E","M","T","M","M","R","M","?","R","B"],"character_chosen":"KINOMOTOSAKURA","items_purchased":[],"campfire_rested":2,"item_purchase_floors":[],"current_hp_per_floor":[70,70,70,70,61,61,40,9,9,9,2,23,17,17,38,0,0],"gold":265,"neow_bonus":"THREE_ENEMY_KILL","is_daily":false,"chose_seed":false,"campfire_upgraded":1,"win_rate":0.0,"timestamp":1610263088,"path_taken":["M","M","M","?","?","R","E","M","T","?","M","R","M","?","R","BOSS"],"items_purchased_type":[],"build_version":"2020-12-22","purchased_purges":0,"victory":false,"max_hp_per_floor":[70,70,70,70,70,70,70,70,70,70,70,70,70,70,70,70,70],"card_choices":[{"not_picked":["ClowCardTheSong","ClowCardTheLoop"],"picked":"ClowCardTheErase","floor":1},{"not_picked":["ClowCardTheSand","ClowCardTheIllusion","ClowCardTheWood"],"picked":"SKIP","floor":2},{"not_picked":["ClowCardTheEarthy","ClowCardTheSilent"],"picked":"ClowCardThePower","floor":3},{"not_picked":["ClowCardTheMaze","ClowCardTheWave"],"picked":"ClowCardTheFlower","floor":5},{"not_picked":["ClowCardTheFlower","ClowCardTheArrow"],"picked":"ClowCardTheFly","floor":7},{"not_picked":["ClowCardTheRain","ClowCardTheFloat"],"picked":"ClowCardTheSong","floor":8},{"not_picked":["ClowCardTheDream","ClowCardTheSleep"],"picked":"ClowCardTheFreeze","floor":10},{"not_picked":["ClowCardTheFreeze","ClowCardTheShot"],"picked":"ClowCardTheArrow","floor":11},{"not_picked":["ClowCardTheIllusion","ClowCardTheFirey","ClowCardTheErase"],"picked":"SKIP","floor":13}],"player_experience":25681,"relics_obtained":[{"floor":7,"key":"Centennial Puzzle"},{"floor":9,"key":"Bottled Flame"}],"event_choices":[{"cards_removed":["ClowCardTheSword"],"damage_healed":0,"gold_gain":0,"player_choice":"Offered Basic","damage_taken":0,"max_hp_gain":0,"max_hp_loss":0,"event_name":"Bonfire Elementals","floor":4,"gold_loss":0},{"damage_healed":0,"gold_gain":0,"player_choice":"Ignored","damage_taken":0,"max_hp_gain":0,"max_hp_loss":0,"event_name":"Shining Light","floor":14,"gold_loss":0}],"is_beta":false,"boss_relics":[],"items_purged_floors":[],"is_endless":false,"potions_floor_spawned":[1,7,8,11],"killed_by":"The Guardian","ascension_level":0}}