{"host":"l60rmjjsfi0fipmi","time":1610321575,"event":{"mods":["BaseMod","Colored Map","DeckTracker","Highlight Path","Minty Spire (QoL Compilation)"],"gold_per_floor":[112,62,82,98,108,108,142,142,166,198,198,231,231,247,247,344,344,360,44,44,54,72,72,72,86,86,86,86,86,112,112,112,211,211,221,272,172,191,291,291,326,346,346,365,376,376,387,404,404,404],"floor_reached":51,"playtime":3074,"items_purged":["Strike_R","Strike_R"],"score":886,"play_id":"80e40ad4-a753-468c-a1c2-8f1b98d346a6","local_time":"20210110183255","is_ascension_mode":true,"campfire_choices":[{"data":"Armaments","floor":6,"key":"SMITH"},{"data":"Anger","floor":8,"key":"SMITH"},{"data":"Shockwave","floor":15,"key":"SMITH"},{"data":"Demon Form","floor":23,"key":"SMITH"},{"data":"Cleave","floor":27,"key":"SMITH"},{"data":"Spot Weakness","floor":29,"key":"SMITH"},{"data":"RitualDagger","floor":32,"key":"SMITH"},{"data":"Limit Break","floor":40,"key":"SMITH"},{"data":"Seeing Red","floor":46,"key":"SMITH"},{"data":"Ghostly Armor","floor":49,"key":"SMITH"}],"circlet_count":0,"master_deck":["Strike_R","Strike_R","Defend_R","Defend_R","Defend_R","Defend_R","Bash+1","Anger+1","Armaments+1","Iron Wave+1","Ghostly Armor+1","Shockwave+1","Cleave+1","Reaper","Demon Form+1","Spot Weakness+1","RitualDagger+1","Limit Break+1","Seeing Red+1"],"relics":["Black Blood","Orichalcum","Bag of Preparation","Bronze Scales","Centennial Puzzle","Runic Pyramid","Meat on the Bone","StoneCalendar","Mummified Hand","Charon\u0027s Ashes","Strawberry","Du-Vu Doll"],"acts_visited":["Exordium","TheCity","TheBeyond"],"potions_floor_usage":[16,33,33,36,44,50],"damage_taken":[{"damage":5,"enemies":"Small Slimes","floor":1,"turns":3},{"damage":10,"enemies":"2 Louse","floor":3,"turns":3},{"damage":8,"enemies":"Jaw Worm","floor":4,"turns":4},{"damage":7,"enemies":"Looter","floor":5,"turns":4},{"damage":25,"enemies":"Gremlin Nob","floor":7,"turns":4},{"damage":15,"enemies":"3 Sentries","floor":10,"turns":10},{"damage":6,"enemies":"Lagavulin","floor":12,"turns":6},{"damage":10,"enemies":"Large Slime","floor":14,"turns":7},{"damage":24,"enemies":"The Guardian","floor":16,"turns":12},{"damage":7,"enemies":"3 Byrds","floor":18,"turns":3},{"damage":7,"enemies":"Shell Parasite","floor":21,"turns":6},{"damage":10,"enemies":"3 Cultists","floor":22,"turns":6},{"damage":18,"enemies":"Snecko","floor":25,"turns":6},{"damage":12,"enemies":"Gremlin Leader","floor":30,"turns":6},{"damage":51,"enemies":"Automaton","floor":33,"turns":8},{"damage":52,"enemies":"3 Darklings","floor":35,"turns":6},{"damage":92,"enemies":"2 Orb Walkers","floor":36,"turns":5},{"damage":22,"enemies":"Orb Walker","floor":38,"turns":5},{"damage":29,"enemies":"Nemesis","floor":41,"turns":7},{"damage":23,"enemies":"Spire Growth","floor":42,"turns":5},{"damage":48,"enemies":"4 Shapes","floor":44,"turns":5},{"damage":29,"enemies":"Maw","floor":45,"turns":7},{"damage":18,"enemies":"3 Darklings","floor":47,"turns":4},{"damage":32,"enemies":"Transient","floor":48,"turns":5},{"damage":79,"enemies":"Donu and Deca","floor":50,"turns":9}],"seed_played":"4899168061281716780","potions_obtained":[{"floor":3,"key":"SneckoOil"},{"floor":4,"key":"Explosive Potion"},{"floor":18,"key":"Weak Potion"},{"floor":25,"key":"Swift Potion"},{"floor":33,"key":"GamblersBrew"},{"floor":35,"key":"Explosive Potion"},{"floor":36,"key":"Block Potion"},{"floor":44,"key":"HeartOfIron"}],"is_trial":false,"path_per_floor":["M","?","M","M","M","R","E","R","T","E","?","E","?","M","R","B",null,"M","$","?","M","M","R","?","M","T","R","?","R","E","?","R","B",null,"M","?","$","M","?","R","E","M","T","M","M","R","M","M","R","B",null],"character_chosen":"IRONCLAD","items_purchased":["Meat on the Bone"],"campfire_rested":0,"item_purchase_floors":[19],"current_hp_per_floor":[80,80,76,74,73,73,54,54,54,45,45,45,45,41,41,23,80,80,80,65,71,79,79,79,71,71,71,71,71,85,79,79,76,85,84,67,67,85,85,85,75,92,92,68,63,63,92,92,92,71],"gold":404,"neow_bonus":"UPGRADE_CARD","is_daily":false,"chose_seed":false,"campfire_upgraded":10,"win_rate":0.0,"timestamp":1610321575,"path_taken":["M","?","M","M","M","R","E","R","T","E","?","E","?","M","R","BOSS","M","$","?","M","M","R","?","M","T","R","?","R","E","?","R","BOSS","M","?","$","M","?","R","E","M","T","M","M","R","?","M","R","BOSS"],"items_purchased_type":["Relic"],"build_version":"2020-12-22","purchased_purges":2,"victory":true,"max_hp_per_floor":[80,80,80,80,80,80,80,80,80,80,80,80,80,80,80,80,80,80,80,85,85,85,85,85,85,85,85,85,85,85,85,85,85,85,85,85,85,85,85,85,92,92,92,92,92,92,92,92,92,92],"card_choices":[{"not_picked":["Clash","Warcry"],"picked":"Anger","floor":1},{"not_picked":["Twin Strike","True Grit"],"picked":"Armaments","floor":3},{"not_picked":["Thunderclap","Havoc","Wild Strike"],"picked":"SKIP","floor":4},{"not_picked":["Burning Pact","Thunderclap"],"picked":"Iron Wave","floor":5},{"not_picked":["Exhume","Body Slam"],"picked":"Ghostly Armor","floor":7},{"not_picked":["Sword Boomerang","Dual Wield"],"picked":"Shockwave","floor":10},{"not_picked":["Pommel Strike","Twin Strike","Dropkick"],"picked":"SKIP","floor":12},{"not_picked":["Shockwave","Pommel Strike"],"picked":"Cleave","floor":14},{"not_picked":["Immolate","Brutality"],"picked":"Reaper","floor":16},{"not_picked":["Sever Soul","Headbutt","Ghostly Armor"],"picked":"SKIP","floor":18},{"not_picked":["Anger","Heavy Blade","Cleave"],"picked":"SKIP","floor":21},{"not_picked":["Searing Blow","Sentinel+1"],"picked":"Demon Form","floor":22},{"not_picked":["Shrug It Off+1","Battle Trance+1","Iron Wave"],"picked":"SKIP","floor":25},{"not_picked":["Heavy Blade+1","Sword Boomerang","Shrug It Off"],"picked":"SKIP","floor":30},{"not_picked":["Feed","Bludgeon"],"picked":"Limit Break","floor":33},{"not_picked":["Sentinel+1","Armaments","Sword Boomerang+1"],"picked":"SKIP","floor":35},{"not_picked":["Armaments","Infernal Blade+1"],"picked":"Seeing Red","floor":36},{"not_picked":["Infernal Blade","Sword Boomerang","Pommel Strike"],"picked":"SKIP","floor":38},{"not_picked":["Twin Strike","Iron Wave","Armaments+1"],"picked":"SKIP","floor":41},{"not_picked":["Iron Wave+1","Blood for Blood","Clothesline"],"picked":"SKIP","floor":42},{"not_picked":["Wild Strike","Entrench+1","Dropkick"],"picked":"SKIP","floor":44},{"not_picked":["Sword Boomerang","Perfected Strike","Evolve"],"picked":"SKIP","floor":45},{"not_picked":["Inflame","Armaments","Cleave+1"],"picked":"SKIP","floor":47},{"not_picked":["Clash+1","Shrug It Off","Pommel Strike"],"picked":"SKIP","floor":48}],"player_experience":328395,"relics_obtained":[{"floor":7,"key":"Orichalcum"},{"floor":9,"key":"Bag of Preparation"},{"floor":10,"key":"Bronze Scales"},{"floor":12,"key":"Centennial Puzzle"},{"floor":26,"key":"StoneCalendar"},{"floor":30,"key":"Mummified Hand"},{"floor":36,"key":"Charon\u0027s Ashes"},{"floor":41,"key":"Strawberry"},{"floor":43,"key":"Du-Vu Doll"}],"event_choices":[{"cards_removed":["Strike_R"],"damage_healed":0,"gold_gain":0,"player_choice":"Card Removal","damage_taken":0,"max_hp_gain":0,"max_hp_loss":0,"event_name":"The Cleric","floor":2,"gold_loss":50},{"damage_healed":0,"gold_gain":0,"player_choice":"Ignored","damage_taken":0,"max_hp_gain":0,"max_hp_loss":0,"event_name":"Golden Idol","floor":11,"gold_loss":0},{"damage_healed":0,"gold_gain":0,"player_choice":"Grow","damage_taken":0,"max_hp_gain":0,"max_hp_loss":0,"event_name":"Living Wall","floor":13,"gold_loss":0,"cards_upgraded":["Iron Wave"]},{"damage_healed":0,"gold_gain":0,"player_choice":"Shed Blood","damage_taken":20,"max_hp_gain":5,"max_hp_loss":0,"event_name":"Forgotten Altar","floor":20,"gold_loss":0},{"damage_healed":0,"gold_gain":0,"player_choice":"Read","damage_taken":0,"max_hp_gain":0,"max_hp_loss":0,"event_name":"The Library","floor":28,"gold_loss":0,"cards_obtained":["Spot Weakness"]},{"damage_healed":0,"gold_gain":0,"player_choice":"Joined the Cult","damage_taken":6,"max_hp_gain":0,"max_hp_loss":0,"event_name":"Nest","floor":31,"gold_loss":0,"cards_obtained":["RitualDagger"]},{"damage_healed":0,"gold_gain":0,"player_choice":"Fight","damage_taken":0,"max_hp_gain":0,"max_hp_loss":0,"event_name":"Mysterious Sphere","floor":36,"gold_loss":0},{"damage_healed":0,"gold_gain":100,"player_choice":"Pray","damage_taken":0,"max_hp_gain":0,"max_hp_loss":0,"event_name":"Golden Shrine","floor":39,"gold_loss":0}],"is_beta":false,"boss_relics":[{"not_picked":["Pandora\u0027s Box","Cursed Key"],"picked":"Runic Pyramid"},{"not_picked":["Tiny House","Fusion Hammer"],"picked":"Black Blood"}],"items_purged_floors":[19,37],"is_endless":false,"potions_floor_spawned":[3,4,18,25,33,35,36,41,44],"ascension_level":2}}