{"host":"6wux4armhsntp4yb","time":1610252833,"event":{"mods":["BaseMod","Colored Map","DeckTracker","Minty Spire (QoL Compilation)","Relic Stats"],"gold_per_floor":[110,110,110,127,52,86,86,86,112,112,84,103,103,113,113,188,188,167,67,67,82,105,105,117,117,165,199,219,219,229,255,255,332,332,346,364,264,264,264,264,264,264,288,288,306,317,317,345,345,345,345,345,345,17,50,50],"floor_reached":57,"playtime":4544,"items_purged":["Strike_G","Strike_G","Strike_G"],"score":3182,"play_id":"665b0c5f-f63b-4ea1-bf6f-028c5b611c05","local_time":"20210110132713","is_ascension_mode":true,"campfire_choices":[{"data":"Footwork","floor":8.0,"key":"SMITH"},{"data":"Dodge and Roll","floor":13.0,"key":"SMITH"},{"data":"Well Laid Plans","floor":15.0,"key":"SMITH"},{"data":"Prepared","floor":23.0,"key":"SMITH"},{"data":"Grand Finale","floor":25.0,"key":"SMITH"},{"data":"Tools of the Trade","floor":29.0,"key":"SMITH"},{"data":"Acrobatics","floor":32.0,"key":"SMITH"},{"data":"Burst","floor":40.0,"key":"SMITH"},{"data":"Strike_G","floor":42.0,"key":"PURGE"},{"floor":49.0,"key":"RECALL"},{"data":"Dagger Spray","floor":53.0,"key":"PURGE"}],"circlet_count":0,"master_deck":["AscendersBane","Defend_G","Defend_G","Defend_G","Defend_G","Survivor","Neutralize+1","Footwork+1","Backflip","Heel Hook+1","Dodge and Roll+1","Well Laid Plans+1","Grand Finale+1","CurseOfTheBell","Tactician+1","Prepared+1","Backflip","Tools of the Trade+1","Acrobatics+1","Burst+1","Escape Plan","Blur","Madness","Finesse","Bouncing Flask+1","Deflect+1"],"relics":["Ring of the Snake","NeowsBlessing","Boot","Ancient Tea Set","Tiny Chest","Calling Bell","Bag of Preparation","Darkstone Periapt","Lizard Tail","Bag of Marbles","The Courier","Anchor","HoveringKite","Peace Pipe","Juzu Bracelet","Nunchaku","Calipers","TheAbacus","Paper Crane","Art of War"],"acts_visited":["Exordium","TheCity","TheBeyond","TheEnding"],"potions_floor_usage":[56,56],"damage_taken":[{"damage":0.0,"enemies":"Jaw Worm","floor":1.0,"turns":1.0},{"damage":0.0,"enemies":"2 Louse","floor":4.0,"turns":1.0},{"damage":0.0,"enemies":"Gremlin Nob","floor":6.0,"turns":1.0},{"damage":0.0,"enemies":"Small Slimes","floor":12.0,"turns":4.0},{"damage":0.0,"enemies":"2 Fungi Beasts","floor":14.0,"turns":2.0},{"damage":0.0,"enemies":"The Guardian","floor":16.0,"turns":19.0},{"damage":7.0,"enemies":"2 Thieves","floor":18.0,"turns":4.0},{"damage":5.0,"enemies":"Shell Parasite","floor":21.0,"turns":8.0},{"damage":11.0,"enemies":"Chosen and Byrds","floor":24.0,"turns":10.0},{"damage":12.0,"enemies":"Slavers","floor":27.0,"turns":3.0},{"damage":0.0,"enemies":"Centurion and Healer","floor":28.0,"turns":5.0},{"damage":3.0,"enemies":"Snecko","floor":30.0,"turns":7.0},{"damage":17.0,"enemies":"Gremlin Leader","floor":31.0,"turns":7.0},{"damage":4.0,"enemies":"Champ","floor":33.0,"turns":12.0},{"damage":6.0,"enemies":"3 Darklings","floor":35.0,"turns":5.0},{"damage":0.0,"enemies":"Orb Walker","floor":36.0,"turns":3.0},{"damage":0.0,"enemies":"Sphere and 2 Shapes","floor":45.0,"turns":2.0},{"damage":0.0,"enemies":"Writhing Mass","floor":46.0,"turns":4.0},{"damage":0.0,"enemies":"Giant Head","floor":48.0,"turns":6.0},{"damage":0.0,"enemies":"Donu and Deca","floor":50.0,"turns":6.0},{"damage":0.0,"enemies":"Time Eater","floor":51.0,"turns":13.0},{"damage":0.0,"enemies":"Shield and Spear","floor":55.0,"turns":10.0},{"damage":72,"enemies":"The Heart","floor":56,"turns":11}],"seed_played":"4985083510385761429","potions_obtained":[{"floor":1.0,"key":"SmokeBomb"},{"floor":4.0,"key":"PowerPotion"},{"floor":12.0,"key":"Block Potion"},{"floor":16.0,"key":"Regen Potion"},{"floor":24.0,"key":"Dexterity Potion"},{"floor":28.0,"key":"FearPotion"},{"floor":30.0,"key":"ColorlessPotion"},{"floor":35.0,"key":"BlessingOfTheForge"},{"floor":36.0,"key":"PowerPotion"}],"is_trial":false,"path_per_floor":["M","?","?","M","$","E","?","R","T","?","$","M","R","M","R","B",null,"M","$","?","M","T","R","M","R","T","E","M","R","M","E","R","B",null,"M","M","$","?","T","R","T","R","T","?","M","M","?","E","R","B","B",null,"R","$","E","B",null],"character_chosen":"THE_SILENT","items_purchased":["Dodge and Roll","TheAbacus","Paper Crane"],"campfire_rested":0,"item_purchase_floors":[11,54,54],"current_hp_per_floor":[59,41,63,63,63,63,63,63,63,43,43,43,43,43,43,43,60,53,53,53,48,48,48,52,52,52,40,40,40,37,20,20,16,54,48,48,48,48,48,48,48,48,48,48,48,48,38,38,38,38,38,59,59,59,59,29],"gold":50,"neow_bonus":"THREE_ENEMY_KILL","is_daily":false,"chose_seed":false,"campfire_upgraded":8,"win_rate":0.0,"timestamp":1610252833,"path_taken":["M","?","?","M","$","E","?","R","T","?","$","M","R","?","R","BOSS","M","$","?","M","?","R","M","R","T","E","?","R","M","E","R","BOSS","M","M","$","?","?","R","?","R","T","?","M","M","?","E","R","BOSS","BOSS","R","$","E","BOSS"],"items_purchased_type":["Card","Relic","Relic"],"build_version":"2020-12-22","purchased_purges":3,"victory":true,"max_hp_per_floor":[66,66,66,66,66,66,66,66,66,66,66,66,66,66,66,66,66,66,66,66,66,66,66,66,66,66,66,66,66,66,66,66,66,66,66,66,66,66,66,66,66,66,66,66,66,66,66,66,66,66,66,66,66,66,66,66],"relic_stats":{"Darkstone Periapt":0,"counters":[23,144],"HoveringKite":[58],"Bag of Preparation":[34],"Juzu Bracelet":1,"Boot":[171],"Peace Pipe":2,"Lizard Tail":33,"Nunchaku":[11],"TheAbacus":[102],"Tiny Chest":2,"Art of War":[1],"obtain_stats":[{"Darkstone Periapt":17,"Calipers":48,"NeowsBlessing":0,"HoveringKite":34,"The Courier":27,"Bag of Preparation":17,"Juzu Bracelet":41,"Paper Crane":54,"Boot":2,"Ancient Tea Set":6,"Calling Bell":17,"Peace Pipe":39,"Lizard Tail":17,"Anchor":31,"Nunchaku":43,"TheAbacus":54,"Tiny Chest":9,"Bag of Marbles":26,"Art of War":55,"Ring of the Snake":0},{"Darkstone Periapt":6,"Calipers":19,"NeowsBlessing":0,"HoveringKite":14,"The Courier":10,"Bag of Preparation":6,"Juzu Bracelet":16,"Paper Crane":21,"Boot":1,"Ancient Tea Set":3,"Calling Bell":6,"Peace Pipe":16,"Lizard Tail":6,"Anchor":13,"Nunchaku":16,"TheAbacus":21,"Tiny Chest":3,"Bag of Marbles":9,"Art of War":22,"Ring of the Snake":0},{"Darkstone Periapt":28,"Calipers":104,"NeowsBlessing":0,"HoveringKite":84,"The Courier":53,"Bag of Preparation":28,"Juzu Bracelet":92,"Paper Crane":123,"Boot":1,"Ancient Tea Set":3,"Calling Bell":28,"Peace Pipe":92,"Lizard Tail":28,"Anchor":72,"Nunchaku":92,"TheAbacus":123,"Tiny Chest":3,"Bag of Marbles":50,"Art of War":133,"Ring of the Snake":0}],"Ring of the Snake":[46]},"card_choices":[{"not_picked":["Deflect","Finisher"],"picked":"Footwork","floor":1.0},{"not_picked":["Cloak And Dagger","Prepared"],"picked":"Backflip","floor":4.0},{"not_picked":["Tactician","Quick Slash"],"picked":"Heel Hook","floor":6.0},{"not_picked":["Underhanded Strike","All Out Attack"],"picked":"Dagger Spray","floor":12.0},{"not_picked":["Underhanded Strike","Tools of the Trade"],"picked":"Well Laid Plans","floor":14.0},{"not_picked":["Adrenaline","Glass Knife"],"picked":"Grand Finale","floor":16.0},{"not_picked":["Infinite Blades","Choke"],"picked":"Tactician+1","floor":18.0},{"not_picked":["Deflect","Blur"],"picked":"Prepared","floor":21.0},{"not_picked":["Setup","Distraction","Dagger Spray+1"],"picked":"SKIP","floor":24.0},{"not_picked":["Outmaneuver","Footwork"],"picked":"Backflip","floor":27.0},{"not_picked":["Underhanded Strike","Slice+1"],"picked":"Tools of the Trade","floor":28.0},{"not_picked":["Outmaneuver","Flying Knee","Quick Slash"],"picked":"SKIP","floor":30.0},{"not_picked":["Outmaneuver","Prepared"],"picked":"Acrobatics","floor":31.0},{"not_picked":["Doppelganger","Venomology"],"picked":"Burst","floor":33.0},{"not_picked":["Blade Dance","Slice+1"],"picked":"Escape Plan","floor":35.0},{"not_picked":["Poisoned Stab+1","Night Terror","Dodge and Roll"],"picked":"SKIP","floor":36.0},{"not_picked":["Dagger Throw","Slice","Sucker Punch+1"],"picked":"SKIP","floor":45.0},{"not_picked":["Infinite Blades","Bane+1"],"picked":"Blur","floor":46.0},{"not_picked":["Violence","Flash of Steel"],"picked":"Madness","floor":47.0},{"not_picked":["Blind","Sadistic Nature"],"picked":"Finesse","floor":47.0},{"not_picked":["Backflip","Flying Knee"],"picked":"Bouncing Flask+1","floor":48.0},{"not_picked":["Flying Knee","Infinite Blades"],"picked":"Deflect+1","floor":55.0}],"player_experience":5762284,"relics_obtained":[{"floor":6.0,"key":"Ancient Tea Set"},{"floor":9.0,"key":"Tiny Chest"},{"floor":17.0,"key":"Bag of Preparation"},{"floor":17.0,"key":"Darkstone Periapt"},{"floor":17.0,"key":"Lizard Tail"},{"floor":26.0,"key":"Bag of Marbles"},{"floor":27.0,"key":"The Courier"},{"floor":31.0,"key":"Anchor"},{"floor":39.0,"key":"Peace Pipe"},{"floor":41.0,"key":"Juzu Bracelet"},{"floor":43.0,"key":"Nunchaku"},{"floor":48.0,"key":"Calipers"},{"floor":55.0,"key":"Art of War"}],"event_choices":[{"damage_healed":0.0,"max_hp_gain":0.0,"max_hp_loss":0.0,"gold_gain":0.0,"event_name":"Scrap Ooze","player_choice":"Success","floor":2.0,"gold_loss":0.0,"damage_taken":18.0,"relics_obtained":["Boot"]},{"damage_healed":22.0,"max_hp_gain":0.0,"max_hp_loss":0.0,"gold_gain":0.0,"event_name":"Big Fish","player_choice":"Banana","floor":3.0,"gold_loss":0.0,"damage_taken":0.0},{"damage_healed":0.0,"max_hp_gain":0.0,"max_hp_loss":0.0,"gold_gain":0.0,"event_name":"Living Wall","player_choice":"Grow","floor":7.0,"gold_loss":0.0,"damage_taken":0.0,"cards_upgraded":["Neutralize"]},{"damage_healed":0.0,"max_hp_gain":0.0,"max_hp_loss":0.0,"gold_gain":0.0,"event_name":"Shining Light","player_choice":"Entered Light","floor":10.0,"gold_loss":0.0,"damage_taken":20.0,"cards_upgraded":["Heel Hook","Defend_G"]},{"cards_removed":["Defend_G"],"damage_healed":0.0,"max_hp_gain":0.0,"max_hp_loss":0.0,"gold_gain":0.0,"event_name":"Falling","player_choice":"Removed Skill","floor":38.0,"gold_loss":0.0,"damage_taken":0.0},{"cards_removed":["Strike_G"],"damage_healed":0.0,"max_hp_gain":0.0,"max_hp_loss":0.0,"gold_gain":0.0,"event_name":"Bonfire Elementals","player_choice":"Offered Basic","floor":44.0,"gold_loss":0.0,"damage_taken":0.0},{"damage_healed":0.0,"max_hp_gain":0.0,"max_hp_loss":0.0,"gold_gain":0.0,"event_name":"SensoryStone","player_choice":"Memory 3","floor":47.0,"gold_loss":0.0,"damage_taken":10.0}],"is_beta":false,"boss_relics":[{"not_picked":["Fusion Hammer","Philosopher\u0027s Stone"],"picked":"Calling Bell"},{"not_picked":["Empty Cage","SacredBark"],"picked":"HoveringKite"}],"items_purged_floors":[5,19,37],"is_endless":false,"potions_floor_spawned":[1,4,12,16,24,28,30,35,36,45],"ascension_level":20}}