{"host":"l12hrjjiowxu1z6t","time":1610240589,"event":{"mods":["100% Spire Juice","2.2 Compatiblity","AlwaysNeverKeys","Arknights The Spire","BaseMod","Better Third Choice","BetterRewards","ChefMod","Dark Map","Ekko","Evolution","Googly Eyes","Jedi Mod","Minty Spire (QoL Compilation)","Permanent Neow","Replay The Spire","Shop Mod","StSLib","The Alterego","The Fake Hero","TheWitcher","Yakumo Yukari mod","[IsaacMod]????","vexMod"],"gold_per_floor":[110,110,110,120,120,120,152,152,175,175,189,32,42,59,59,155,35,53,53,53,53,68,100,100,120,120,137,17,17,17,34,34,139,139,151,170,170,220,220,220,220],"floor_reached":40,"playtime":4334,"items_purged":[],"score":429,"play_id":"fdae288a-bd9a-4517-b8b9-3b8707129886","local_time":"20210110010309","is_ascension_mode":false,"campfire_choices":[{"data":"Moonworks:TreasureThief","floor":6,"key":"SMITH"},{"data":"Moonworks:TacticalRetreat","floor":10,"key":"SMITH"},{"data":"Moonworks:UnluckyCharm","floor":15,"key":"SMITH"},{"floor":24,"key":"REST"},{"floor":29,"key":"REST"},{"floor":32,"key":"REST"}],"circlet_count":0,"master_deck":["Moonworks:Strike","Moonworks:Strike","Moonworks:Strike","Moonworks:Defend","Moonworks:Defend+1","Moonworks:Defend","Moonworks:Defend","Moonworks:Ambush","Moonworks:LongDistanceShot","Moonworks:NicePresent+1","Moonworks:BeyondHell","Moonworks:ImOnFire","Moonworks:TreasureThief+1","Moonworks:LulusLuckyEgg","Moonworks:LuckyCharm","Moonworks:RagingMadness","Moonworks:TacticalRetreat+1","Moonworks:WindyEnchantment","Moonworks:ReflectiveShell","Moonworks:ReflectiveShell","Moonworks:JonathanRush","Moonworks:UnluckyCharm+1","Moonworks:RocketCannon","Moonworks:MiracleWalker","Moonworks:WeAreWaruda","Moonworks:EvilSpyWorkPreparation","Moonworks:DeployBits","Moonworks:SakisCookie+1","Moonworks:Dash+1","Moonworks:Wanted","Moonworks:MiracleWalker","Moonworks:BigBangBell","ReplayTheSpireMod:Uncanny Aura","Moonworks:RedAndBlue"],"relics":["Moonworks:BrokenBomb","Moonworks:Homemark","EVO:Axolotl","HushsDoor","DeathBook","War Paint","Centennial Puzzle","Honey Jar","MyShadow","Thread and Needle","Question Card","Ring of Chaos","vexMod:PlasmaPancake"],"acts_visited":["Exordium","TheCity","TheBeyond"],"potions_floor_usage":[13,33,40],"damage_taken":[{"damage":6,"enemies":"Jaw Worm","floor":1,"turns":3},{"damage":2,"enemies":"Cultist","floor":4,"turns":4},{"damage":0,"enemies":"3 Sentries","floor":7,"turns":1},{"damage":1,"enemies":"Small Slimes","floor":11,"turns":4},{"damage":0,"enemies":"Blue Slaver","floor":13,"turns":5},{"damage":0,"enemies":"Large Slime","floor":14,"turns":4},{"damage":43,"enemies":"Slime Boss","floor":16,"turns":21},{"damage":15,"enemies":"Spheric Guardian","floor":18,"turns":4},{"damage":0,"enemies":"3 Byrds","floor":22,"turns":1},{"damage":19,"enemies":"Gremlin Leader","floor":23,"turns":6},{"damage":11,"enemies":"Sentry and Sphere","floor":25,"turns":6},{"damage":18,"enemies":"Snake Plant","floor":27,"turns":3},{"damage":0,"enemies":"Centurion and Healer","floor":31,"turns":5},{"damage":45,"enemies":"Champ","floor":33,"turns":14},{"damage":5,"enemies":"3 Darklings","floor":35,"turns":4},{"damage":0,"enemies":"Orb Walker","floor":36,"turns":4},{"damage":11,"enemies":"Mind Bloom Boss Battle","floor":38,"turns":7},{"damage":73,"enemies":"Giant Head","floor":40,"turns":11}],"seed_played":"7126179631453042361","potions_obtained":[{"floor":11,"key":"Block Potion"},{"floor":13,"key":"Fruit Juice"},{"floor":14,"key":"Venom Potion"},{"floor":22,"key":"SkillPotion"},{"floor":31,"key":"LiquidBronze"},{"floor":33,"key":"jedi:holywater"},{"floor":36,"key":"ColorlessPotion"}],"is_trial":false,"path_per_floor":["M","?","?","M","$","R","E","?","T","R","M","$","M","M","R","B",null,"M","$","?","?","M","E","R","M","T","M","?","R","?","M","R","B",null,"M","M","?","?","?","E"],"character_chosen":"THE_STARBREAKER","items_purchased":["Moonworks:ReflectiveShell","Moonworks:JonathanRush","MyShadow"],"campfire_rested":3,"item_purchase_floors":[12,12,17],"current_hp_per_floor":[54,54,54,52,52,52,52,52,52,52,51,51,56,56,56,13,53,38,38,38,38,38,19,34,23,23,5,5,20,20,26,41,2,53,53,53,53,54,54,0,0],"gold":220,"neow_bonus":"REMOVE_CARD","is_daily":false,"chose_seed":false,"campfire_upgraded":3,"win_rate":0.0,"timestamp":1610240589,"path_taken":["M","?","?","M","$","R","E","?","T","R","?","?","M","M","R","BOSS","M","$","?","?","M","E","R","M","T","M","?","R","?","M","R","BOSS","M","M","?","?","?","E"],"items_purchased_type":["Card","Card","Relic"],"build_version":"2020-12-22","purchased_purges":0,"victory":false,"max_hp_per_floor":[60,60,60,60,60,60,60,60,60,60,60,60,65,65,65,65,53,53,53,53,53,53,53,53,53,53,53,53,53,53,53,53,53,53,53,53,53,59,59,59,59],"card_choices":[{"not_picked":["Moonworks:CompletionReward","Moonworks:ImOnFire"],"picked":"Moonworks:NicePresent","floor":1},{"not_picked":["Moonworks:ImmovableObject","Moonworks:Poppoformation"],"picked":"Moonworks:RagingMadness","floor":4},{"not_picked":["Moonworks:ImOnFire","Moonworks:OutOfAmmo"],"picked":"Moonworks:TacticalRetreat","floor":7},{"not_picked":["Moonworks:NicePresent","Moonworks:BigMagnum"],"picked":"Moonworks:WindyEnchantment","floor":11},{"not_picked":["Moonworks:ImOnFire","Moonworks:LulusLuckyEgg","Moonworks:IndiscriminateFireSupport"],"picked":"SKIP","floor":13},{"not_picked":["Moonworks:Dash","Moonworks:DeployBits"],"picked":"Moonworks:UnluckyCharm","floor":14},{"not_picked":["Moonworks:OutOfAmmo","Moonworks:Blazing"],"picked":"Moonworks:RocketCannon","floor":16},{"not_picked":["Moonworks:JonathanRush","Moonworks:NicePresent+1","Moonworks:DevilHand"],"picked":"Moonworks:MiracleWalker","floor":18},{"not_picked":["Moonworks:BigMagnum","Moonworks:WindyEnchantment+1","Moonworks:ExtendedPhotonRifle"],"picked":"Moonworks:WeAreWaruda","floor":22},{"not_picked":["Moonworks:NicePresent","Moonworks:SakisCookie","Moonworks:CloudOfSeagulls"],"picked":"Moonworks:EvilSpyWorkPreparation","floor":23},{"not_picked":["Moonworks:IntelligenceOfficer+1","Moonworks:TreasureThief","Moonworks:Assault"],"picked":"Moonworks:DeployBits","floor":25},{"not_picked":["Moonworks:CloudOfSeagulls","Moonworks:SealedMemories","Moonworks:WindyEnchantment","Moonworks:DeployBits"],"picked":"Moonworks:SakisCookie+1","floor":27},{"not_picked":["Moonworks:Poppoformation","Moonworks:SakisCookie+1","Moonworks:Assault","Moonworks:EvilSpyWorkPreparation"],"picked":"Moonworks:Dash+1","floor":31},{"not_picked":["Moonworks:OutOfAmmo","Moonworks:LeapThroughSpace","Moonworks:AccelHyper","Moonworks:HolyNight"],"picked":"Moonworks:Wanted","floor":33},{"not_picked":["Moonworks:JonathanRush+1","Moonworks:StiffCrystal+1","Moonworks:ImOnFire+1","Moonworks:LuckyCharm"],"picked":"Moonworks:MiracleWalker","floor":35},{"not_picked":["Moonworks:JonathanRush","Moonworks:AngelHand","Moonworks:IndiscriminateFireSupport","Moonworks:Bloodlust"],"picked":"Moonworks:BigBangBell","floor":36},{"not_picked":["Enlightenment","HandOfGreed","Mind Blast","Replay:Parry"],"picked":"ReplayTheSpireMod:Uncanny Aura","floor":37},{"not_picked":["Moonworks:DeployBits+1","Moonworks:JonathanRush+1","Moonworks:BigMagnum+1","Moonworks:x16BigRocket+1"],"picked":"Moonworks:RedAndBlue","floor":38}],"player_experience":74470,"relics_obtained":[{"floor":7,"key":"War Paint"},{"floor":9,"key":"Centennial Puzzle"},{"floor":23,"key":"Thread and Needle"},{"floor":26,"key":"Question Card"},{"floor":38,"key":"vexMod:PlasmaPancake"}],"event_choices":[{"damage_healed":0,"gold_gain":0,"player_choice":"Ignored","damage_taken":0,"max_hp_gain":0,"max_hp_loss":0,"event_name":"Transmorgrifier","floor":2,"gold_loss":0},{"damage_healed":0,"gold_gain":0,"player_choice":"Ignored","damage_taken":0,"max_hp_gain":0,"max_hp_loss":0,"event_name":"Vampires","floor":21,"gold_loss":0},{"damage_healed":0,"gold_gain":0,"player_choice":"Memory 1","damage_taken":0,"max_hp_gain":0,"max_hp_loss":0,"event_name":"SensoryStone","floor":37,"gold_loss":0},{"damage_healed":0,"gold_gain":0,"player_choice":"Fight","damage_taken":0,"max_hp_gain":0,"max_hp_loss":0,"event_name":"MindBloom","floor":38,"gold_loss":0},{"damage_healed":0,"gold_gain":0,"player_choice":"Ignored","damage_taken":0,"max_hp_gain":0,"max_hp_loss":0,"event_name":"Tomb of Lord Red Mask","floor":39,"gold_loss":0}],"is_beta":false,"boss_relics":[{"not_picked":["Runic Pyramid","vexMod:TanglingVine"],"picked":"Honey Jar"},{"not_picked":[]},{"not_picked":["Painkiller Herb","Runic Dome"],"picked":"Ring of Chaos"},{"not_picked":[]}],"items_purged_floors":[],"is_endless":false,"potions_floor_spawned":[11,13,14,22,31,33,36,38],"killed_by":"Giant Head","ascension_level":0}}