{"host":"b3qi48j7z53ln4gi","time":1610290334,"event":{"mods":["100% Spire Juice","2.2 Compatiblity","AchievementEnabler","Act Like it!","Aspiration","BaseMod","Better Note","Better Third Choice","BetterRewards","CapriCore","Card Forge","Colored Powertips","Curses Come First","Dota2Spire","Friendly Minions","Gensokyo","Gold Saver","GungeonMod","HololiveMod","Infinite Spire","Koishi","Minty Spire (QoL Compilation)","Permanent Neow","Prisma Mod","Reimu£¨ÚÏ???£©","Relic Stats","Remilia£¨?Ú·×é?£©","Remove Card Discount Mod","Say the Spire","Shade Mod","Shop Mod","Spicy Shops","StSLib","Td1madao Mod","The Administrix","The Construct","The Dragon Tamer","The Immortal","The Jungle","The Saiyan","The Senshi","The Servant 0.9.4","Yakumo Yukari mod","Yohane!","¡¼?Úª?ø«¡½REMEMod"],"gold_per_floor":[207,221,233,308,52,81,81,98,123,123,142,155,172,203,203,308,308,322,339,116,131,148,148,168,168,168,187,206,217,217,217,217],"floor_reached":31,"playtime":2775,"items_purged":["AT_purpleEX","Defend_purpleEX","AT_purpleEX","Defend_purpleEX","AT_purpleEX","Defend_purpleEX","AT_purpleEX"],"score":380,"play_id":"f121762b-b627-4bf3-bedb-77532f0df73f","local_time":"20210110235214","is_ascension_mode":false,"campfire_choices":[{"data":"Defend_purpleEX","floor":7,"key":"SMITH"},{"floor":10,"key":"RECALL"},{"floor":15,"key":"REST"},{"floor":23,"key":"REST"},{"floor":25,"key":"REST"},{"floor":30,"key":"REST"}],"circlet_count":0,"master_deck":["Defend_purpleEX+1","Observe_purple_1+1","Observe_purple_2+1","Shallow_ocean_purpleEX+1","DTMod:Safeguard+1","PrismaMod:IllyaInstallSaber","infinitespire:FutureSight+1","infinitespire:Oblivion+1","SharpContractionReality_purple+1","PurpleNeedle_purple+1","GluttonyofRealm_purpleEX+1","MeetDecomposer_purple+1","StateErode_purple+1","DimensionStaggered_purple+1","Bait_HighSpeedFlying_purple+1","Shallow_ocean_purpleEX+1","Computing_the_future_purpleEX+1","Charmbait_purple+1","Theboundaryofcreation_purpleEX+1","MeetDecomposer_purple+1","Mirror_FourBoundary_purple+1"],"relics":["Boundary_crack","Memoryfragments_purpleEX","Hammer of Thor","Seething Fire","Anvil of the Gods","REME_ComplimentaryCards","DemoMod:SerJunkan","DemoMod:Junk","DemoMod:ClearGuonStone","Thread and Needle","DemoMod:GlassGuonStoneRelic","aspiration:SecretTechniqueScroll","infinitespire:PuzzleCube","MerchantsRug"],"acts_visited":["Exordium","theJungle:Jungle"],"potions_floor_usage":[14,16,16,16,18,24,29,29],"damage_taken":[{"damage":4,"enemies":"2 Louse","floor":1,"turns":3},{"damage":0,"enemies":"Cultist","floor":2,"turns":3},{"damage":8,"enemies":"Jaw Worm","floor":3,"turns":2},{"damage":31,"enemies":"3 Sentries","floor":6,"turns":6},{"damage":4,"enemies":"Gremlin Gang","floor":8,"turns":2},{"damage":7,"enemies":"Red Slaver","floor":11,"turns":3},{"damage":0,"enemies":"2 Fungi Beasts","floor":12,"turns":2},{"damage":10,"enemies":"Lots of Slimes","floor":13,"turns":2},{"damage":0,"enemies":"Lagavulin","floor":14,"turns":3},{"damage":0,"enemies":"Hexaghost","floor":16,"turns":3},{"damage":0,"enemies":"theJungle:Flameango_and_Byrd","floor":18,"turns":3},{"damage":0,"enemies":"theJungle:5_Spyders","floor":19,"turns":2},{"damage":0,"enemies":"theJungle:SlimyTreeVines","floor":21,"turns":3},{"damage":0,"enemies":"theJungle:Snecko_Cultist_And_Trap","floor":22,"turns":2},{"damage":0,"enemies":"theJungle:2_Flameangoes","floor":24,"turns":4},{"damage":0,"enemies":"Snake Plant","floor":27,"turns":2},{"damage":0,"enemies":"theJungle:2_Snecko_Cultists","floor":28,"turns":2},{"damage":0,"enemies":"theJungle:2_Flameangoes","floor":29,"turns":2},{"damage":0,"enemies":"Snake Plant","floor":31,"turns":2}],"seed_played":"-8126818281389198693","potions_obtained":[{"floor":8,"key":"Strength Potion"},{"floor":11,"key":"DistilledChaos"},{"floor":13,"key":"Dota2Spire:HealingSalve"},{"floor":14,"key":"Explosive Potion"},{"floor":16,"key":"LiquidBronze"},{"floor":19,"key":"Dota2Spire:HealingSalve"},{"floor":21,"key":"DemoMod:BlankPotion"},{"floor":27,"key":"PowerPotion"},{"floor":28,"key":"Block Potion"}],"is_trial":false,"path_per_floor":["M","M","M","?","$","E","R","M","T","R","M","M","M","E","R","B",null,"M","M","$","M","M","R","M","R","T","M","M","M","R","M"],"character_chosen":"Youkari","items_purchased":["DemoMod:SerJunkan","infinitespire:PuzzleCube","MerchantsRug"],"campfire_rested":4,"item_purchase_floors":[5,20,20],"current_hp_per_floor":[68,70,65,58,58,32,32,32,32,32,28,32,29,37,61,69,82,82,86,86,86,90,90,94,94,94,98,98,98,98,98,98],"gold":217,"neow_bonus":"","is_daily":false,"chose_seed":false,"campfire_upgraded":1,"win_rate":0.0,"timestamp":1610290334,"path_taken":["M","M","M","?","$","E","R","M","T","R","M","M","M","E","R","BOSS","M","M","$","M","M","R","M","R","T","?","M","M","R","M"],"items_purchased_type":["Relic","Relic","Relic"],"build_version":"2020-12-22","purchased_purges":7,"victory":false,"max_hp_per_floor":[70,70,70,70,70,70,70,74,74,74,74,78,82,82,82,82,82,82,86,86,86,90,90,94,94,94,98,98,98,98,98,98],"relic_stats":{"counters":[55,150],"obtain_stats":[{"infinitespire:BottledMercury":8,"DemoMod:BlueGuonStone":27,"Gremlin Horn":44,"Dota2Spire:ArmletOfMordiggian":23,"FairyMaid":3,"aspiration:TomeofQuesting":36,"DemoMod:GlassGuonStoneRelic":2,"Hammer of Thor":3,"Sling":2,"ScarletHat":0,"PrismaMod:PrismaTraceOn":0,"Blood Vial":48,"Centennial Puzzle":43,"PrismaMod:PrismaTraceOnUpgrade":51,"DollysMirror":48,"HandDrill":36,"DemoMod:ClearGuonStone":9,"DemoMod:Junk":8,"MerchantsRug":20,"aspiration:Nostalgia":0,"Golden Idol":5,"Dota2Spire:Dagon":9,"aspiration:RunicSpoon":17,"Thread and Needle":14,"Letter Opener":13,"Boundary_crack":3,"Seething Fire":3,"aspiration:SecretTechniqueScroll":17,"Shuriken":19,"Anvil of the Gods":3,"DemoMod:SerJunkan":0,"Coffee Dripper":34,"Dota2Spire:OctarineCore":0,"DemoMod:VorpalBullet":0,"infinitespire:PuzzleCube":20,"REME_ComplimentaryCards":0,"Memoryfragments_purpleEX":3},{"infinitespire:BottledMercury":5,"DemoMod:BlueGuonStone":17,"Gremlin Horn":26,"Dota2Spire:ArmletOfMordiggian":15,"FairyMaid":2,"aspiration:TomeofQuesting":21,"DemoMod:GlassGuonStoneRelic":2,"Hammer of Thor":39,"Sling":31,"ScarletHat":0,"PrismaMod:PrismaTraceOn":0,"Blood Vial":27,"Centennial Puzzle":25,"PrismaMod:PrismaTraceOnUpgrade":28,"DollysMirror":27,"HandDrill":21,"DemoMod:ClearGuonStone":41,"DemoMod:Junk":35,"MerchantsRug":48,"aspiration:Nostalgia":0,"Golden Idol":33,"Dota2Spire:Dagon":5,"aspiration:RunicSpoon":10,"Thread and Needle":45,"Letter Opener":8,"Boundary_crack":39,"Seething Fire":39,"aspiration:SecretTechniqueScroll":46,"Shuriken":11,"Anvil of the Gods":39,"DemoMod:SerJunkan":30,"Coffee Dripper":20,"Dota2Spire:OctarineCore":30,"DemoMod:VorpalBullet":30,"infinitespire:PuzzleCube":48,"REME_ComplimentaryCards":0,"Memoryfragments_purpleEX":39},{"infinitespire:BottledMercury":9,"DemoMod:BlueGuonStone":45,"Gremlin Horn":77,"Dota2Spire:ArmletOfMordiggian":39,"FairyMaid":4,"aspiration:TomeofQuesting":60,"DemoMod:GlassGuonStoneRelic":4,"Hammer of Thor":106,"Sling":88,"ScarletHat":0,"PrismaMod:PrismaTraceOn":0,"Blood Vial":79,"Centennial Puzzle":72,"PrismaMod:PrismaTraceOnUpgrade":82,"DollysMirror":79,"HandDrill":60,"DemoMod:ClearGuonStone":115,"DemoMod:Junk":97,"MerchantsRug":133,"aspiration:Nostalgia":0,"Golden Idol":93,"Dota2Spire:Dagon":9,"aspiration:RunicSpoon":23,"Thread and Needle":125,"Letter Opener":17,"Boundary_crack":106,"Seething Fire":106,"aspiration:SecretTechniqueScroll":128,"Shuriken":26,"Anvil of the Gods":106,"DemoMod:SerJunkan":85,"Coffee Dripper":55,"Dota2Spire:OctarineCore":85,"DemoMod:VorpalBullet":85,"infinitespire:PuzzleCube":133,"REME_ComplimentaryCards":0,"Memoryfragments_purpleEX":106}]},"card_choices":[{"not_picked":["MetroBOOM_purple","Erosivefilter_purple"],"picked":"Shallow_ocean_purpleEX","floor":1},{"not_picked":["StateDuplicate_purple","UniverseChoice_purple"],"picked":"SharpContractionReality_purple","floor":2},{"not_picked":["Mirror_FormAndEmptin_purple","Boundary_ObjectiveBoundary_purple"],"picked":"PurpleNeedle_purple","floor":3},{"not_picked":["EighthInstrument_OneDividesIntoTwo_purple","Boundary_of_Extermination_purpleEX"],"picked":"GluttonyofRealm_purpleEX","floor":6},{"not_picked":["StateDuplicate_purple","Boundary_LightAndDark_purple"],"picked":"MeetDecomposer_purple","floor":8},{"not_picked":["AdvanceAttack_purple","Shallow_ocean_purpleEX"],"picked":"StateErode_purple","floor":11},{"not_picked":["Monsters_DoubleDeathButterfly_purple","WingOfChimera_purple"],"picked":"DimensionStaggered_purple","floor":12},{"not_picked":["Mirror_FormAndEmptin_purple","StateErode_purple"],"picked":"Bait_HighSpeedFlying_purple","floor":13},{"not_picked":["SfantasyHide_purple","RuleDissolution_purple"],"picked":"Shallow_ocean_purpleEX","floor":14},{"not_picked":["WangLiang_LineAndCurveDreams_purple","Price_of_realm_purpleEX"],"picked":"Computing_the_future_purpleEX","floor":16},{"not_picked":["SharpContractionReality_purple","Yakumo_Ran_purple"],"picked":"Charmbait_purple","floor":18},{"not_picked":["WeekHit_purple+1","Charmbait_purple"],"picked":"Theboundaryofcreation_purpleEX","floor":19},{"not_picked":["Umbrella_purple","SfantasyHide_purple","Mirror_FormAndEmptin_purple"],"picked":"SKIP","floor":21},{"not_picked":["SfantasyHide_purple","DarkRealmRedLine_purple"],"picked":"MeetDecomposer_purple","floor":22},{"not_picked":["StretchesForeverDream_purple","Erosivefilter_purple"],"picked":"Mirror_FourBoundary_purple+1","floor":24},{"not_picked":["AdvanceAttack_purple","Extrememeaning_purpleEX","ExistenceContinue_purple"],"picked":"SKIP","floor":27},{"not_picked":["Shallow_ocean_purpleEX","Boundary_LightAndDark_purple","Realm_recovery_purpleEX"],"picked":"SKIP","floor":28},{"not_picked":["MetroBOOM_purple","Mirror_FormAndEmptin_purple","WeekHit_purple"],"picked":"SKIP","floor":29}],"player_experience":122628,"relics_obtained":[{"floor":6,"key":"DemoMod:Junk"},{"floor":9,"key":"DemoMod:ClearGuonStone"},{"floor":14,"key":"Thread and Needle"}],"event_choices":[{"damage_healed":0,"gold_gain":75,"player_choice":"Touch","damage_taken":7,"max_hp_gain":0,"max_hp_loss":0,"event_name":"FaceTrader","floor":4,"gold_loss":0}],"is_beta":false,"boss_relics":[{"not_picked":["construct:ClawGrip","Hololive_ChaosS"],"picked":"aspiration:SecretTechniqueScroll"}],"items_purged_floors":[0,0,0,0,5,5,20],"is_endless":false,"potions_floor_spawned":[8,11,13,14,16,19,21,27,28],"killed_by":"Snake Plant","ascension_level":0}}