{"host":"iml8x8es9od4zowg","time":1610287791,"event":{"mods":["2.2 Compatiblity","BaseMod","Marisa£¨Ùöéë¡¡Øª×âÞÞ£©","Minty Spire (QoL Compilation)","StSLib","Td1madao Mod","The Bug Knight","The Jungle","¡¼?Úª?ø«¡½REMEMod"],"gold_per_floor":[113,37,2,21,31,31,59,59,86,86,120,137,164,164,164,284,284,298,311,69,94,94,129,129,129,129,129,173,173,193,173,173,292,292,312,212,226,244,119,134,155,5,5,5,20,55,55,78,78,78,78,78,30,64,64,64],"floor_reached":55,"playtime":4040,"items_purged":["Strike_R","Shame","Strike_R","Strike_R"],"score":869,"play_id":"fe9634ee-3f02-4548-b7c7-6b8ca5e7b80d","local_time":"20210110230951","is_ascension_mode":true,"campfire_choices":[{"data":"Armaments","floor":6,"key":"SMITH"},{"data":"REME_ACTH","floor":8,"key":"SMITH"},{"data":"DevaForm","floor":10,"key":"SMITH"},{"data":"Body Slam","floor":15,"key":"SMITH"},{"data":"Demon Form","floor":24,"key":"SMITH"},{"floor":29,"key":"RECALL"},{"data":"True Grit","floor":32,"key":"SMITH"},{"data":"Offering","floor":49,"key":"SMITH"},{"data":"Impervious","floor":52,"key":"SMITH"}],"circlet_count":0,"master_deck":["Strike_R","Defend_R","Defend_R","Defend_R","Defend_R","Bash","DevaForm+1","Inflame","REME_ACTH+1","Armaments+1","Heavy Blade","Burning Pact","Body Slam+1","Impervious+1","Feed","Bludgeon","Reaper","Spot Weakness+1","Metamorphosis","Metallicize+1","Infernal Blade+1","Demon Form+1","True Grit+1","Sword Boomerang","Infernal Blade+1","Armaments+1","Offering+1","Rampage+1","Spot Weakness+1","Battle Trance+1","Ghostly Armor","Rage","Shrug It Off+1"],"relics":["Burning Blood","REME_ComplimentaryCards","REME_IWantAll","Potion Belt","REME_HandOfSuture","Lantern","Sundial","Golden Idol","SacredBark","theJungle:PaperFaux","Bird Faced Urn","theJungle:WildStrawberry","Shuriken","Bottled Tornado","Centennial Puzzle","Blood Vial","HollowMod:StagPassRelic","Paper Frog"],"acts_visited":["Exordium","Exordium","TheBeyond","TheEnding"],"potions_floor_usage":[16,23,33,40,55,55,55,55],"damage_taken":[{"damage":6,"enemies":"Jaw Worm","floor":1,"turns":3},{"damage":2,"enemies":"Small Slimes","floor":4,"turns":4},{"damage":6,"enemies":"2 Louse","floor":5,"turns":2},{"damage":28,"enemies":"Gremlin Nob","floor":7,"turns":5},{"damage":0,"enemies":"HollowMod:MossKnight","floor":11,"turns":1},{"damage":3,"enemies":"Gremlin Gang","floor":12,"turns":4},{"damage":7,"enemies":"Gremlin Nob","floor":13,"turns":3},{"damage":28,"enemies":"The Guardian","floor":16,"turns":5},{"damage":35,"enemies":"theJungle:Flameango_and_Byrd","floor":18,"turns":6},{"damage":7,"enemies":"Shell Parasite","floor":19,"turns":2},{"damage":10,"enemies":"theJungle:SlimyTreeVines","floor":21,"turns":4},{"damage":9,"enemies":"theJungle:Cassacara","floor":23,"turns":5},{"damage":0,"enemies":"theJungle:2_Phrogs","floor":28,"turns":7},{"damage":16,"enemies":"theJungle:Lyon","floor":30,"turns":5},{"damage":65,"enemies":"theJungle:TotemBoss","floor":33,"turns":6},{"damage":12,"enemies":"3 Shapes","floor":35,"turns":4},{"damage":16,"enemies":"Orb Walker","floor":37,"turns":4},{"damage":46,"enemies":"Jaw Worm Horde","floor":38,"turns":4},{"damage":21,"enemies":"Writhing Mass","floor":40,"turns":2},{"damage":19,"enemies":"4 Shapes","floor":41,"turns":3},{"damage":8,"enemies":"Writhing Mass","floor":45,"turns":4},{"damage":19,"enemies":"HollowMod:StalkingDevout","floor":46,"turns":5},{"damage":21,"enemies":"Maw","floor":48,"turns":5},{"damage":76,"enemies":"Time Eater","floor":50,"turns":6},{"damage":36,"enemies":"Shield and Spear","floor":54,"turns":5},{"damage":121,"enemies":"The Heart","floor":55,"turns":6}],"seed_played":"-5041436918574452407","potions_obtained":[{"floor":7,"key":"SpeedPotion"},{"floor":12,"key":"SkillPotion"},{"floor":13,"key":"SpeedPotion"},{"floor":19,"key":"ColorlessPotion"},{"floor":28,"key":"SkillPotion"},{"floor":30,"key":"AttackPotion"},{"floor":31,"key":"SteroidPotion"},{"floor":38,"key":"PowerPotion"},{"floor":45,"key":"Swift Potion"},{"floor":46,"key":"BlessingOfTheForge"},{"floor":48,"key":"DuplicationPotion"}],"is_trial":false,"path_per_floor":["M","$","?","M","M","R","E","R","T","R","E","M","E","?","R","B",null,"M","M","$","M","?","E","R","?","T","?","E","R","M","?","R","B",null,"M","$","M","M","$","M","M","$","T","?","M","E","T","M","R","B",null,"R","$","E","B"],"character_chosen":"IRONCLAD","items_purchased":["Inflame","Metamorphosis","Shrug It Off"],"campfire_rested":0,"item_purchase_floors":[2,20,53],"current_hp_per_floor":[56,56,76,80,80,80,58,58,58,58,64,67,66,46,46,27,83,67,81,81,93,93,93,93,86,86,86,103,103,101,101,101,53,112,115,115,116,80,80,67,122,122,122,122,126,119,119,126,126,60,126,126,126,102,0,0],"gold":64,"neow_bonus":"ONE_RARE_RELIC","is_daily":false,"chose_seed":false,"campfire_upgraded":8,"win_rate":0.0,"timestamp":1610287791,"path_taken":["M","$","?","M","M","R","E","R","T","R","E","M","E","?","R","BOSS","M","M","$","M","?","E","R","?","T","?","E","R","?","?","R","BOSS","M","?","M","M","$","M","M","$","T","?","?","E","?","M","R","BOSS","R","$","E","BOSS"],"items_purchased_type":["Card","Card","Card"],"build_version":"2020-12-22","purchased_purges":4,"victory":false,"max_hp_per_floor":[80,80,80,80,80,80,80,80,80,80,80,80,80,80,80,83,83,86,89,89,93,93,96,96,103,103,103,106,106,109,109,109,112,112,115,115,122,122,122,122,126,126,126,126,126,126,126,126,126,126,126,126,126,126,126,126],"card_choices":[{"not_picked":["Combust","Thunderclap","Perfected Strike"],"picked":"SKIP","floor":1},{"not_picked":["Flame Barrier","Wild Strike"],"picked":"REME_ACTH","floor":4},{"not_picked":["Whirlwind","Clothesline"],"picked":"Armaments","floor":5},{"not_picked":["Blood for Blood","Iron Wave"],"picked":"Heavy Blade","floor":7},{"not_picked":["Combust","Clash"],"picked":"Burning Pact","floor":11},{"not_picked":["Clothesline","Burning Pact"],"picked":"Body Slam","floor":12},{"not_picked":["Iron Wave","Body Slam"],"picked":"Impervious","floor":13},{"not_picked":["Feed","Bludgeon","Reaper"],"picked":"Singing Bowl","floor":16},{"not_picked":["Headbutt","Disarm+1"],"picked":"Spot Weakness+1","floor":18},{"not_picked":["Searing Blow+1","Feel No Pain","Clothesline"],"picked":"SKIP","floor":19},{"not_picked":["Clash+1","Twin Strike+1"],"picked":"Metallicize+1","floor":21},{"not_picked":["Infernal Blade+1","Demon Form","True Grit"],"picked":"Singing Bowl","floor":23},{"not_picked":["Sword Boomerang","Infernal Blade+1","Armaments+1"],"picked":"Singing Bowl","floor":28},{"not_picked":["Cleave+1","Anger","Intimidate+1"],"picked":"SKIP","floor":30},{"not_picked":["REME_Fury","Brutality"],"picked":"Offering","floor":33},{"not_picked":["True Grit","Blood for Blood","Havoc"],"picked":"SKIP","floor":35},{"not_picked":["Rampage+1","Spot Weakness+1","Battle Trance+1"],"picked":"Singing Bowl","floor":37},{"not_picked":["Anger+1","Headbutt","Body Slam"],"picked":"SKIP","floor":38},{"not_picked":["Perfected Strike+1","Spot Weakness+1"],"picked":"Ghostly Armor","floor":40},{"not_picked":["Cleave+1","Hemokinesis+1","Intimidate+1"],"picked":"SKIP","floor":41},{"not_picked":["Flex+1","Clash","Sentinel+1"],"picked":"SKIP","floor":45},{"not_picked":["Intimidate+1","REME_Scribble","Shockwave"],"picked":"SKIP","floor":46},{"not_picked":["Second Wind+1","Shockwave+1"],"picked":"Rage","floor":48},{"not_picked":["Sever Soul+1","Havoc+1","Intimidate"],"picked":"SKIP","floor":54}],"player_experience":558324,"relics_obtained":[{"floor":7,"key":"Potion Belt"},{"floor":9,"key":"REME_HandOfSuture"},{"floor":11,"key":"Lantern"},{"floor":13,"key":"Sundial"},{"floor":23,"key":"Bird Faced Urn"},{"floor":26,"key":"Shuriken"},{"floor":28,"key":"Bottled Tornado"},{"floor":46,"key":"Blood Vial"},{"floor":47,"key":"HollowMod:StagPassRelic"},{"floor":54,"key":"Paper Frog"}],"event_choices":[{"damage_healed":20,"gold_gain":0,"player_choice":"Healed","damage_taken":0,"max_hp_gain":0,"max_hp_loss":0,"event_name":"The Cleric","floor":3,"gold_loss":35},{"damage_healed":0,"gold_gain":0,"player_choice":"Take Damage","damage_taken":20,"relics_obtained":["Golden Idol"],"max_hp_gain":0,"max_hp_loss":0,"event_name":"Golden Idol","floor":14,"gold_loss":0},{"cards_removed":["Strike_R"],"damage_healed":0,"gold_gain":0,"player_choice":"Purged","damage_taken":0,"max_hp_gain":0,"max_hp_loss":0,"event_name":"Purifier","floor":27,"gold_loss":0},{"damage_healed":0,"gold_gain":0,"player_choice":"Bought 1 Potion","damage_taken":0,"max_hp_gain":0,"max_hp_loss":0,"event_name":"The Woman in Blue","floor":31,"gold_loss":0},{"damage_healed":0,"gold_gain":0,"player_choice":"Gave Potion","damage_taken":0,"relics_obtained":["Centennial Puzzle"],"max_hp_gain":0,"max_hp_loss":0,"event_name":"WeMeetAgain","floor":44,"gold_loss":0}],"is_beta":false,"boss_relics":[{"not_picked":["Ectoplasm","Black Blood"],"picked":"SacredBark"},{"not_picked":["Mark of Pain","Snecko Eye","REME_ChargedStone"]}],"items_purged_floors":[20,36,39,42],"is_endless":false,"potions_floor_spawned":[7,12,13,19,28,30,38,45,46,48],"killed_by":"The Heart","ascension_level":1}}