{"host":"qkbnayyek6fga752","time":1610271342,"event":{"mods":["2.2 Compatiblity","Arknights The Spire","Aspiration","Astrologer","BaseMod","Beaked The Cultist","Better Altar","Better Match","Better Note","Better Sensory Stone","Better Skull","Better Third Choice","CCEM","CapriCore","ChefMod","Clockwork Mod","Conspire","Ekko","Energized Spire","Evolution","Glutton Mod","Hermit","Hubris","Humility","Jedi Mod","Koishi","Mad Scientist","Marisa????????","Minty Spire (QoL Compilation)","Quarter Circle Forward PUNCH!","Random Character Mod","Replay The Spire","Robot Space Explorer","SIMod","Spicy Shops","StSLib","The Administrix","The Alterego","The Blackbeard","The Blue Laboratory","The Bug Knight","The Construct","The Cursed","The Death Knight","The Disciple","The Druid","The Exalted","The Forsaken","The Gatherer","The Hayseed","The Hierophant","The Immortal","The Juggle","The Marked","The Necromancer","The Problem Sleuth","The Runesmith","The Sage","The Senshi","The Vixen","TheArtist","TheLocksmith","TheSwordswoman","TheVacant","TheVelvet","TheWitcher","Trackpad","Yuri Mod","thorton","vexMod"],"gold_per_floor":[114,0,0,13,32,61,61,61,61],"floor_reached":8,"playtime":770,"items_purged":[],"score":56,"play_id":"e9a937ef-c0d3-4f9b-85cf-651314345961","local_time":"20210110043542","daily_mods":["SealedDeck","Heirloom","DeadlyEvents","Elite Swarm","Uncertain Future"],"is_ascension_mode":false,"campfire_choices":[{"floor":7,"key":"REST"}],"circlet_count":0,"master_deck":["ats:Assault Order","ats:Blood Oath","ats:Very Hot Blade","ats:Ignite","ats:Cat Scratch","ats:Burning Ground","ats:Burning Ground","ats:Healing Strengthening","ats:Burning Ground","ats:Song Of Battle","ats:Thorns","ats:Mental Burst","ats:Roar Of Ursus"],"relics":["ats:Sanity","EVO:Axolotl","Girya","ats:Originium","conspire:Flyswatter"],"acts_visited":["Exordium"],"potions_floor_usage":[],"damage_taken":[{"damage":4,"enemies":"Cultist","floor":1,"turns":3},{"damage":7,"enemies":"Small Slimes","floor":4,"turns":3},{"damage":16,"enemies":"2 Louse","floor":5,"turns":2},{"damage":45,"enemies":"3 Sentries","floor":6,"turns":4},{"damage":32,"enemies":"Gremlin Nob","floor":8,"turns":3}],"seed_played":"1505332323659726620","potions_obtained":[{"floor":5,"key":"Swift Potion"}],"is_trial":true,"path_per_floor":["M","?","?","M","M","E","R","E"],"character_chosen":"DOCTOR_CLASS","items_purchased":[],"campfire_rested":1,"item_purchase_floors":[],"current_hp_per_floor":[68,74,67,60,44,3,26,0,0],"gold":61,"neow_bonus":"","is_daily":false,"chose_seed":false,"campfire_upgraded":0,"win_rate":0.0,"timestamp":1610271342,"path_taken":["M","?","?","M","M","E","R","E"],"items_purchased_type":[],"build_version":"2020-12-22","purchased_purges":0,"victory":false,"max_hp_per_floor":[72,78,78,78,78,78,78,78,78],"card_choices":[{"not_picked":["ats:Chain Hook","ats:Poison Spread","ats:Shell Defense"],"picked":"SKIP","floor":1},{"not_picked":["ats:Flexible Camouflage","ats:Calcification"],"picked":"ats:Thorns","floor":4},{"not_picked":["ats:Directed Diagnosis","ats:Assault Order"],"picked":"ats:Mental Burst","floor":5},{"not_picked":["ats:Durian","ats:Volcano"],"picked":"ats:Roar Of Ursus","floor":6}],"player_experience":366294,"relics_obtained":[{"floor":6,"key":"ats:Originium"},{"floor":6,"key":"conspire:Flyswatter"}],"event_choices":[{"damage_healed":0,"gold_gain":0,"player_choice":"RENOUNCE","damage_taken":114,"max_hp_gain":0,"max_hp_loss":0,"event_name":"betterThird:BetterSerpent","floor":2,"gold_loss":114,"cards_obtained":["Enlightenment"]},{"cards_removed":["Enlightenment"],"damage_healed":0,"gold_gain":0,"player_choice":"Card Removal","damage_taken":7,"max_hp_gain":0,"max_hp_loss":0,"event_name":"Golden Wing","floor":3,"gold_loss":0}],"is_beta":false,"boss_relics":[],"items_purged_floors":[],"is_endless":false,"potions_floor_spawned":[5],"killed_by":"Gremlin Nob","ascension_level":0}}