{"host":"aukiz5jlacd3g5yc","time":1610238209,"event":{"mods":["2.2 Compatiblity","BaseMod","Beaked The Cultist","Bestiary","Colored Map","Colored Powertips","Downfall","GifTheSpireLib","Highlight Path","Hubris","Infinite Spire","Minty Spire (QoL Compilation)","Permanent Neow","Quick Restart","Random Character Button","Rare Cards Sparkle","Relic Sorter","Relic Stats","Replay The Spire","StSLib","Unknown Chances","everything is the same but u backflip on backflip","slay the spire mod where everything is the same but ironclad has a cowboy hat"],"gold_per_floor":[112,125,300,300,318,350,365,380,407,407,442,442,467,58,58,58,58],"floor_reached":16,"playtime":391,"items_purged":["Pain"],"score":152,"play_id":"1a60254d-9db0-44b6-9340-fb13d37618f4","local_time":"20210109182329","is_ascension_mode":true,"campfire_choices":[{"data":"ForeignInfluence","floor":10,"key":"SMITH"},{"data":"Tantrum","floor":12,"key":"SMITH"},{"data":"Replay:Battleflow","floor":15,"key":"SMITH"}],"circlet_count":0,"master_deck":["Strike_P","Strike_P","Strike_P","Strike_P","Defend_P","Defend_P","Defend_P","Defend_P","Eruption","Vigilance","Tantrum+1","Fasting2","ReachHeaven","Doubt","FlyingSleeves","ForeignInfluence+1","Protect","BattleHymn","Replay:Battleflow+1"],"relics":["PureWater","WarpedTongs","Akabeko","Omamori","hubris:OldNail","Girya","Meat on the Bone"],"acts_visited":["Exordium"],"potions_floor_usage":[8,16],"damage_taken":[{"damage":0,"enemies":"Small Slimes","floor":1,"turns":1},{"damage":0,"enemies":"Cultist","floor":2,"turns":3},{"damage":10,"enemies":"2 Louse","floor":5,"turns":2},{"damage":7,"enemies":"Lagavulin","floor":6,"turns":5},{"damage":27,"enemies":"Exordium Wildlife","floor":7,"turns":3},{"damage":3,"enemies":"Exordium Thugs","floor":8,"turns":2},{"damage":19,"enemies":"3 Sentries","floor":11,"turns":3},{"damage":0,"enemies":"Lagavulin","floor":13,"turns":3},{"damage":25,"enemies":"Fading Forest","floor":16,"turns":3}],"seed_played":"1636416905789071796","potions_obtained":[{"floor":7,"key":"ColorlessPotion"},{"floor":8,"key":"SkillPotion"}],"is_trial":false,"path_per_floor":["M","M","?","?","M","E","M","M","T","R","E","R","E","$","R","B"],"character_chosen":"WATCHER","items_purchased":["Replay:Battleflow","Meat on the Bone"],"campfire_rested":0,"item_purchase_floors":[14,14],"current_hp_per_floor":[72,72,72,72,62,55,28,25,25,25,6,6,6,6,6,0,0],"gold":58,"neow_bonus":"THREE_CARDS","is_daily":false,"chose_seed":false,"campfire_upgraded":3,"win_rate":0.0,"timestamp":1610238209,"path_taken":["M","M","?","?","M","E","M","?","T","R","E","R","E","?","R","BOSS"],"items_purchased_type":["Card","Relic"],"build_version":"2020-12-22","purchased_purges":1,"victory":false,"max_hp_per_floor":[72,72,72,72,72,72,72,72,72,72,72,72,72,72,72,72,72],"relic_stats":{"counters":[9,25],"obtain_stats":[{"Girya":13,"Omamori":9,"PureWater":0,"Akabeko":6,"hubris:OldNail":11,"WarpedTongs":4,"Meat on the Bone":14},{"Girya":8,"Omamori":6,"PureWater":0,"Akabeko":4,"hubris:OldNail":7,"WarpedTongs":2,"Meat on the Bone":8},{"Girya":22,"Omamori":16,"PureWater":0,"Akabeko":11,"hubris:OldNail":19,"WarpedTongs":4,"Meat on the Bone":22}],"WarpedTongs":[21],"Meat on the Bone":0},"card_choices":[{"not_picked":["EmptyFist","Indignation"],"picked":"Tantrum","floor":0},{"not_picked":["FollowUp","ThirdEye"],"picked":"Fasting2","floor":1},{"not_picked":["Protect","JustLucky"],"picked":"ReachHeaven","floor":2},{"not_picked":["ThirdEye","Evaluate","Collect"],"picked":"SKIP","floor":5},{"not_picked":["Replay:ManipulateFuture","EmptyFist"],"picked":"FlyingSleeves","floor":6},{"not_picked":["Worship","PathToVictory"],"picked":"ForeignInfluence","floor":7},{"not_picked":["CutThroughFate","CrushJoints"],"picked":"Protect","floor":8},{"not_picked":["CrushJoints","Consecrate"],"picked":"BattleHymn","floor":11},{"not_picked":["Prostrate","Evaluate","CutThroughFate"],"picked":"SKIP","floor":13}],"player_experience":347349,"relics_obtained":[{"floor":6,"key":"Akabeko"},{"floor":9,"key":"Omamori"},{"floor":11,"key":"hubris:OldNail"},{"floor":13,"key":"Girya"}],"event_choices":[{"damage_healed":0,"gold_gain":175,"player_choice":"AGREE","damage_taken":0,"max_hp_gain":0,"max_hp_loss":0,"event_name":"Liars Game","floor":3,"gold_loss":0,"cards_obtained":["Doubt"]},{"damage_healed":0,"gold_gain":0,"player_choice":"Rummage","damage_taken":0,"relics_obtained":["WarpedTongs"],"max_hp_gain":0,"max_hp_loss":0,"event_name":"Accursed Blacksmith","floor":4,"gold_loss":0,"cards_obtained":["Pain"]}],"is_beta":false,"boss_relics":[],"items_purged_floors":[14],"is_endless":false,"potions_floor_spawned":[7,8],"killed_by":"Fading Forest","ascension_level":1}}