{"host":"erulnpr9qdnrfj6h","time":1610289225,"event":{"mods":["AchievementEnabler","BaseMod","Colored Map","Minty Spire (QoL Compilation)","Rare Cards Sparkle","SuperFastMode"],"gold_per_floor":[119,74,87,87,106,133,198,225,302,302,302,302,321,350,350,429,429,448,473,488,499,499,525,525,558,558,588,189,206,206,206,206,277,277,297,306,640,640,657,699,699,720,720,754,766,803,832,878,890,902],"floor_reached":51,"playtime":2669,"items_purged":[],"score":1694,"play_id":"2689e743-5e45-42da-b32d-51ee59f74884","local_time":"20210110233345","is_ascension_mode":true,"campfire_choices":[{"data":"Accuracy","floor":10.0,"key":"SMITH"},{"data":"Storm of Steel","floor":12.0,"key":"SMITH"},{"data":"Envenom","floor":15.0,"key":"SMITH"},{"data":"Storm of Steel","floor":32.0,"key":"SMITH"},{"data":"Storm of Steel","floor":45,"key":"SMITH"},{"floor":49,"key":"REST"}],"circlet_count":0,"master_deck":["AscendersBane","Survivor","Neutralize","Envenom+1","Accuracy+1","PiercingWail","Heel Hook","Predator","Tactician","Storm of Steel+1","Acrobatics","Backflip","Infinite Blades","Leg Sweep","Reflex","Backflip","Reflex","Cloak And Dagger+1","Storm of Steel+1","Cloak And Dagger","Heel Hook","Cloak And Dagger","PiercingWail+1","Prepared","Metamorphosis","Infinite Blades","Acrobatics+1","Blade Dance","Storm of Steel+1","Escape Plan+1"],"relics":["Pandora\u0027s Box","Tingsha","Strawberry","Ornamental Fan","Letter Opener","WristBlade","Tiny Chest","Bottled Tornado","Anchor","Turnip","Blood Vial","War Paint","White Beast Statue","CeramicFish","HornCleat","Black Star","Old Coin","Smiling Mask","Blue Candle","Gremlin Horn","Bottled Flame","MawBank","Pen Nib","Thread and Needle","Bronze Scales"],"acts_visited":["Exordium","TheCity","TheBeyond"],"potions_floor_usage":[44],"damage_taken":[{"damage":0.0,"enemies":"Cultist","floor":1.0,"turns":3.0},{"damage":0.0,"enemies":"2 Louse","floor":3.0,"turns":2.0},{"damage":0.0,"enemies":"Jaw Worm","floor":5.0,"turns":4.0},{"damage":0.0,"enemies":"Lagavulin","floor":6.0,"turns":4.0},{"damage":14.0,"enemies":"3 Sentries","floor":8.0,"turns":5.0},{"damage":0.0,"enemies":"Red Slaver","floor":13.0,"turns":2.0},{"damage":0.0,"enemies":"Lagavulin","floor":14.0,"turns":4.0},{"damage":0.0,"enemies":"Slime Boss","floor":16.0,"turns":2.0},{"damage":1.0,"enemies":"Chosen","floor":18.0,"turns":2.0},{"damage":0.0,"enemies":"Shell Parasite","floor":20.0,"turns":1.0},{"damage":0.0,"enemies":"Centurion and Healer","floor":21.0,"turns":2.0},{"damage":11.0,"enemies":"Book of Stabbing","floor":23.0,"turns":3.0},{"damage":11.0,"enemies":"Slavers","floor":25.0,"turns":4.0},{"damage":7.0,"enemies":"Gremlin Leader","floor":27.0,"turns":3.0},{"damage":0.0,"enemies":"Cultist and Chosen","floor":29.0,"turns":3.0},{"damage":0.0,"enemies":"Collector","floor":33.0,"turns":3.0},{"damage":16.0,"enemies":"3 Shapes","floor":35.0,"turns":4.0},{"damage":0.0,"enemies":"Mind Bloom Boss Battle","floor":37.0,"turns":5.0},{"damage":0.0,"enemies":"Orb Walker","floor":39.0,"turns":3.0},{"damage":17.0,"enemies":"Giant Head","floor":40.0,"turns":6.0},{"damage":25.0,"enemies":"Maw","floor":42.0,"turns":5.0},{"damage":2,"enemies":"Nemesis","floor":44,"turns":5},{"damage":14,"enemies":"Transient","floor":46,"turns":5},{"damage":5,"enemies":"Jaw Worm Horde","floor":47,"turns":3},{"damage":0,"enemies":"Reptomancer","floor":48,"turns":3},{"damage":48,"enemies":"Awakened One","floor":50,"turns":7}],"seed_played":"-8635006101763605252","potions_obtained":[{"floor":3.0,"key":"EssenceOfSteel"},{"floor":6.0,"key":"SteroidPotion"},{"floor":20.0,"key":"SneckoOil"},{"floor":25.0,"key":"AttackPotion"},{"floor":33.0,"key":"SteroidPotion"},{"floor":35.0,"key":"FairyPotion"},{"floor":42.0,"key":"Regen Potion"},{"floor":44,"key":"Dexterity Potion"},{"floor":46,"key":"BlessingOfTheForge"}],"is_trial":false,"path_per_floor":["M","$","M","?","M","E","?","E","T","R","?","R","M","E","R","B",null,"M","T","M","M","?","E","?","E","T","E","$","M","?","T","R","B",null,"M","?","?","?","M","E","T","M","T","E","R","M","M","E","R","B",null],"character_chosen":"THE_SILENT","items_purchased":["Backflip","War Paint","White Beast Statue"],"campfire_rested":1,"item_purchase_floors":[2,28,28],"current_hp_per_floor":[63,63,63,63,63,63,63,56,56,56,56,56,56,56,56,56,72,71,71,71,71,71,60,46,35,35,28,28,30,30,30,30,32,70,56,56,58,58,60,45,45,22,22,31,31,19,16,18,41,23],"gold":914,"neow_bonus":"BOSS_RELIC","is_daily":false,"chose_seed":false,"campfire_upgraded":5,"win_rate":0.0,"timestamp":1610289225,"path_taken":["M","?","M","?","?","E","?","E","T","R","?","R","M","E","R","BOSS","M","?","M","M","?","E","?","E","T","E","$","M","?","?","R","BOSS","M","?","?","?","M","E","?","M","T","E","R","?","M","E","R","BOSS"],"items_purchased_type":["Card","Relic","Relic"],"build_version":"2020-12-22","purchased_purges":0,"victory":true,"max_hp_per_floor":[70,70,70,70,70,70,70,77,77,77,77,77,77,77,77,77,77,77,77,77,77,77,77,82,82,82,82,82,82,82,82,82,82,82,82,82,82,78,78,78,78,78,78,78,78,78,78,78,78,78],"card_choices":[{"not_picked":["Deflect","Expertise"],"picked":"Acrobatics","floor":1.0},{"not_picked":["Outmaneuver","Dagger Throw"],"picked":"Infinite Blades","floor":3.0},{"not_picked":["Underhanded Strike","Dagger Throw"],"picked":"Reflex","floor":5.0},{"not_picked":["Catalyst","Quick Slash"],"picked":"Backflip","floor":6.0},{"not_picked":["Dagger Throw","Acrobatics"],"picked":"Reflex","floor":8.0},{"not_picked":["Poisoned Stab","Grand Finale","Sucker Punch"],"picked":"SKIP","floor":13.0},{"not_picked":["Distraction","Deadly Poison"],"picked":"Cloak And Dagger","floor":14.0},{"not_picked":["Bullet Time","Grand Finale"],"picked":"Storm of Steel","floor":16.0},{"not_picked":["Deadly Poison","Dodge and Roll"],"picked":"Cloak And Dagger","floor":18.0},{"not_picked":["Slice","Skewer+1"],"picked":"Heel Hook","floor":20.0},{"not_picked":["Calculated Gamble","Outmaneuver"],"picked":"Cloak And Dagger","floor":21.0},{"not_picked":["Tools of the Trade","Die Die Die"],"picked":"PiercingWail","floor":23.0},{"not_picked":["Sucker Punch","Concentrate","Crippling Poison"],"picked":"SKIP","floor":25.0},{"not_picked":["Flying Knee","Outmaneuver","Finisher"],"picked":"SKIP","floor":27.0},{"not_picked":["Dash","Slice","Outmaneuver"],"picked":"SKIP","floor":29.0},{"not_picked":["Deadly Poison","Dagger Throw"],"picked":"Prepared","floor":35.0},{"not_picked":["Flash of Steel","Jack Of All Trades"],"picked":"Metamorphosis","floor":36.0},{"not_picked":["Finisher","Masterful Stab"],"picked":"Infinite Blades","floor":37.0},{"not_picked":["Dodge and Roll+1","Underhanded Strike","Slice+1"],"picked":"SKIP","floor":39.0},{"not_picked":["Bouncing Flask+1","Setup"],"picked":"Acrobatics+1","floor":40.0},{"not_picked":["Choke","Bouncing Flask"],"picked":"Blade Dance","floor":42.0},{"not_picked":["Masterful Stab","Bullet Time"],"picked":"Storm of Steel","floor":44},{"not_picked":["All Out Attack","Quick Slash"],"picked":"Escape Plan+1","floor":46},{"not_picked":["Acrobatics","PiercingWail","Poisoned Stab+1"],"picked":"SKIP","floor":47},{"not_picked":["Dagger Throw","Skewer","Night Terror"],"picked":"SKIP","floor":48}],"player_experience":195309,"relics_obtained":[{"floor":6.0,"key":"Tingsha"},{"floor":8.0,"key":"Strawberry"},{"floor":9.0,"key":"Ornamental Fan"},{"floor":14.0,"key":"Letter Opener"},{"floor":19.0,"key":"Tiny Chest"},{"floor":23.0,"key":"Bottled Tornado"},{"floor":25.0,"key":"Anchor"},{"floor":26.0,"key":"Turnip"},{"floor":27.0,"key":"Blood Vial"},{"floor":31.0,"key":"HornCleat"},{"floor":37.0,"key":"Old Coin"},{"floor":40.0,"key":"Smiling Mask"},{"floor":40.0,"key":"Blue Candle"},{"floor":41.0,"key":"Gremlin Horn"},{"floor":43.0,"key":"Bottled Flame"},{"floor":44,"key":"MawBank"},{"floor":44,"key":"Pen Nib"},{"floor":48,"key":"Thread and Needle"},{"floor":48,"key":"Bronze Scales"}],"event_choices":[{"damage_healed":0.0,"max_hp_gain":0.0,"max_hp_loss":0.0,"gold_gain":0.0,"cards_transformed":["Skewer"],"event_name":"Transmorgrifier","player_choice":"Transformed","floor":4.0,"gold_loss":0.0,"damage_taken":0.0,"cards_obtained":["Leg Sweep"]},{"damage_healed":0.0,"max_hp_gain":0.0,"max_hp_loss":0.0,"gold_gain":65.0,"event_name":"Golden Wing","player_choice":"Gained Gold","floor":7.0,"gold_loss":0.0,"damage_taken":0.0},{"cards_removed":["Grand Finale"],"damage_healed":0.0,"max_hp_gain":0.0,"max_hp_loss":0.0,"gold_gain":0.0,"event_name":"Purifier","player_choice":"Purged","floor":11.0,"gold_loss":0.0,"damage_taken":0.0},{"cards_removed":["Concentrate"],"damage_healed":0.0,"max_hp_gain":0.0,"max_hp_loss":0.0,"gold_gain":0.0,"event_name":"Back to Basics","player_choice":"Elegance","floor":22.0,"gold_loss":0.0,"damage_taken":0.0},{"damage_healed":0.0,"max_hp_gain":5.0,"max_hp_loss":0.0,"gold_gain":0.0,"event_name":"Forgotten Altar","player_choice":"Shed Blood","floor":24.0,"gold_loss":0.0,"damage_taken":19.0},{"damage_healed":0.0,"max_hp_gain":0.0,"max_hp_loss":0.0,"gold_gain":0.0,"event_name":"The Mausoleum","player_choice":"Opened","floor":30.0,"gold_loss":0.0,"damage_taken":0.0,"relics_obtained":["CeramicFish"]},{"damage_healed":0.0,"max_hp_gain":0.0,"max_hp_loss":0.0,"gold_gain":0.0,"event_name":"SensoryStone","player_choice":"Memory 1","floor":36.0,"gold_loss":0.0,"damage_taken":0.0},{"damage_healed":0.0,"max_hp_gain":0.0,"max_hp_loss":0.0,"gold_gain":0.0,"event_name":"MindBloom","player_choice":"Fight","floor":37.0,"gold_loss":0.0,"damage_taken":0.0},{"damage_healed":0.0,"max_hp_gain":0.0,"max_hp_loss":4.0,"gold_gain":0.0,"event_name":"Winding Halls","player_choice":"Max HP","floor":38.0,"gold_loss":0.0,"damage_taken":0.0}],"is_beta":false,"boss_relics":[{"not_picked":["Busted Crown","SacredBark"],"picked":"WristBlade"},{"not_picked":["Empty Cage","Fusion Hammer"],"picked":"Black Star"}],"items_purged_floors":[],"is_endless":false,"potions_floor_spawned":[3,6,8,13,20,23,25,27,29,33,35,37,39,40,42,44,46,47,48],"ascension_level":13}}