{"host":"rjbqai8ni6dsiu37","time":1610318113,"event":{"mods":["BaseMod","Minty Spire (QoL Compilation)","StSLib","The Hierophant","WarShipGirlsR/??á´Ò³R mod"],"gold_per_floor":[110,185,196,212,232,232,245,245,245,276,276,351,351,369,369,470,470,470,239,194,194,194,194,194,38,38,38,38,38,38,38],"floor_reached":30,"playtime":1165,"items_purged":[],"score":327,"play_id":"4738c8fd-5569-464d-b1cc-81319d81fa3f","local_time":"20210111073513","is_ascension_mode":true,"campfire_choices":[{"data":"rmod:salvage","floor":6.0,"key":"SMITH"},{"floor":11.0,"key":"REST"},{"data":"rmod:acesubmarine","floor":13.0,"key":"SMITH"},{"floor":15.0,"key":"REST"},{"data":"rmod:ridicule","floor":23.0,"key":"SMITH"},{"data":"rmod:salvage","floor":29.0,"key":"SMITH"}],"circlet_count":0,"master_deck":["rmod:strick","rmod:strick","rmod:strick","rmod:strick","rmod:defend","rmod:defend","rmod:defend","rmod:defend","rmod:basicallowance+1","rmod:maingunfire","rmod:salvage+1","rmod:fletcherpendant","rmod:fletcherpendant","rmod:acesubmarine+1","rmod:fletcherpendant","rmod:fletcherpendant","rmod:ridicule+1","rmod:fletcherpendant","rmod:salvage+1","rmod:fletcherpendant","rmod:fletcherpendant","rmod:fletcherpendant","rmod:intelligenceanalysis","rmod:ridicule+1","rmod:fletcherpendant+1","rmod:unsinkable"],"relics":["rmod:firstchargereward","rmod:quickrepair","Singing Bowl","rmod:equipmentrecovery","Ectoplasm","Oddly Smooth Stone","DollysMirror","Matryoshka"],"acts_visited":["Exordium","TheCity"],"potions_floor_usage":[],"damage_taken":[{"damage":1.0,"enemies":"Small Slimes","floor":1.0,"turns":5.0},{"damage":6.0,"enemies":"Cultist","floor":3.0,"turns":3.0},{"damage":0.0,"enemies":"Jaw Worm","floor":4.0,"turns":3.0},{"damage":2.0,"enemies":"2 Fungi Beasts","floor":5.0,"turns":4.0},{"damage":9.0,"enemies":"Looter","floor":7.0,"turns":3.0},{"damage":26.0,"enemies":"Lagavulin","floor":10.0,"turns":5.0},{"damage":9.0,"enemies":"Exordium Thugs","floor":14.0,"turns":3.0},{"damage":38.0,"enemies":"Hexaghost","floor":16.0,"turns":9.0},{"damage":12.0,"enemies":"Shell Parasite","floor":18.0,"turns":3.0},{"damage":19.0,"enemies":"2 Thieves","floor":20.0,"turns":3.0},{"damage":2.0,"enemies":"Snecko","floor":22.0,"turns":3.0},{"damage":7.0,"enemies":"Centurion and Healer","floor":24.0,"turns":3.0},{"damage":8.0,"enemies":"Sentry and Sphere","floor":28.0,"turns":3.0},{"damage":21,"enemies":"Snake Plant","floor":30,"turns":3}],"seed_played":"295493506981000581","potions_obtained":[{"floor":1.0,"key":"LiquidMemories"},{"floor":5.0,"key":"SteroidPotion"},{"floor":7.0,"key":"Ancient Potion"},{"floor":20.0,"key":"FearPotion"},{"floor":22.0,"key":"FearPotion"}],"is_trial":false,"path_per_floor":["M","?","M","M","M","R","M","?","T","E","R","?","R","M","R","B",null,"M","$","M","?","M","R","M","$","T","$","M","R","M"],"character_chosen":"PRAEFECT","items_purchased":["rmod:salvage","Oddly Smooth Stone","DollysMirror"],"campfire_rested":2,"item_purchase_floors":[19,19,25],"current_hp_per_floor":[67,60,54,54,52,52,43,36,36,10,32,32,32,25,48,10,60,50,50,33,33,33,33,26,26,26,26,18,18,0,0],"gold":38,"neow_bonus":"UPGRADE_CARD","is_daily":false,"chose_seed":false,"campfire_upgraded":4,"win_rate":0.0,"timestamp":1610318113,"path_taken":["M","?","?","M","M","R","M","?","T","E","R","?","R","M","R","BOSS","M","$","M","?","M","R","M","?","T","$","M","R","M"],"items_purchased_type":["Card","Relic","Relic"],"build_version":"2020-12-22","purchased_purges":0,"victory":false,"max_hp_per_floor":[75,75,75,75,75,75,75,75,75,75,75,75,75,77,77,77,77,79,79,81,81,83,83,83,83,83,83,83,83,83,83],"card_choices":[{"not_picked":["rmod:rockthrower","rmod:firesupport","rmod:tearstotiara"],"picked":"SKIP","floor":1.0},{"not_picked":["rmod:steelsupply","rmod:overbreakdown","rmod:ammunitionsupply"],"picked":"SKIP","floor":3.0},{"not_picked":["rmod:victimresponsibility","rmod:diamondstrike","rmod:circuitoustactics"],"picked":"SKIP","floor":4.0},{"not_picked":["rmod:intelligenceanalysis","rmod:aviationdawn"],"picked":"rmod:salvage","floor":5.0},{"not_picked":["rmod:timeschanged","rmod:bulid"],"picked":"rmod:fletcherpendant","floor":7.0},{"not_picked":["rmod:ring","rmod:fuelsupply"],"picked":"rmod:acesubmarine","floor":10.0},{"not_picked":["rmod:tearstotiara","rmod:concentratefire","rmod:combined"],"picked":"Singing Bowl","floor":14.0},{"not_picked":["rmod:desperatesituation","rmod:supriseattacks"],"picked":"rmod:ridicule","floor":16.0},{"not_picked":["rmod:unsinkable","rmod:ammunitionsupply","rmod:tearstotiara+1"],"picked":"Singing Bowl","floor":18.0},{"not_picked":["rmod:sl","rmod:spoils","rmod:aluminumsupply"],"picked":"Singing Bowl","floor":20.0},{"not_picked":["rmod:mineteam","rmod:highspeedshooting","rmod:gendarmerie"],"picked":"Singing Bowl","floor":22.0},{"not_picked":["rmod:aviationdawn","rmod:tearstotiara+1"],"picked":"rmod:intelligenceanalysis","floor":24.0},{"not_picked":["rmod:overbreakdown+1","rmod:luckystar"],"picked":"rmod:unsinkable","floor":28.0}],"player_experience":145288,"relics_obtained":[{"floor":9.0,"key":"Singing Bowl"},{"floor":10.0,"key":"rmod:equipmentrecovery"},{"floor":26.0,"key":"Matryoshka"}],"event_choices":[{"damage_healed":0.0,"max_hp_gain":0.0,"max_hp_loss":0.0,"gold_gain":75.0,"event_name":"FaceTrader","player_choice":"Touch","floor":2.0,"gold_loss":0.0,"damage_taken":7.0},{"damage_healed":0.0,"max_hp_gain":0.0,"max_hp_loss":0.0,"gold_gain":0.0,"event_name":"Scrap Ooze","player_choice":"Success","floor":8.0,"gold_loss":0.0,"damage_taken":7.0,"relics_obtained":["rmod:quickrepair"]},{"damage_healed":0.0,"max_hp_gain":0.0,"max_hp_loss":0.0,"gold_gain":75.0,"event_name":"Golden Wing","player_choice":"Gained Gold","floor":12.0,"gold_loss":0.0,"damage_taken":0.0},{"damage_healed":0.0,"max_hp_gain":0.0,"max_hp_loss":0.0,"gold_gain":0.0,"event_name":"Transmorgrifier","player_choice":"Ignored","floor":21.0,"gold_loss":0.0,"damage_taken":0.0}],"is_beta":false,"boss_relics":[{"not_picked":["Coffee Dripper","Runic Dome"],"picked":"Ectoplasm"}],"items_purged_floors":[],"is_endless":false,"potions_floor_spawned":[1,5,7,20,22],"killed_by":"Snake Plant","ascension_level":6}}