{"host":"jm9833yuloeli2yd","time":1610243749,"event":{"mods":["BaseMod","Better Altar","Better Match","Better Note","Better Sensory Stone","Better Skull","Better Third Choice","Better Vampires","BetterRewards","Colored Map","Colored Powertips","DeckTracker","Minty Spire (QoL Compilation)","Permanent Neow","Quick Restart","Slay-I","StSLib","SuperFastMode"],"gold_per_floor":[112,112,37,55,74,112,112,146,169,169,213,2,16,61,61,169,241,197,31,31,54,84,84,84],"floor_reached":23,"playtime":764,"items_purged":[],"score":590,"play_id":"6d1c6bfd-eeeb-4ca7-8a91-7dcd4d6760cc","local_time":"20210109205549","is_ascension_mode":true,"campfire_choices":[{"data":"Hemokinesis","floor":7,"key":"SMITH"},{"floor":15,"key":"REST"}],"circlet_count":0,"master_deck":["AscendersBane","Strike_R","Strike_R","Strike_R","Strike_R","Defend_R","Defend_R","Defend_R","Defend_R","Bash","Cleave","Armaments","Hemokinesis+1","Blood for Blood","Uppercut+1","Reaper","True Grit","Reaper+1","Disarm","Fiend Fire+1","Whirlwind+1","Clothesline+1"],"relics":["Burning Blood","Ginger","Ornamental Fan","Golden Idol","Omamori","Oddly Smooth Stone","CeramicFish","Molten Egg 2","White Beast Statue","Tiny House","Sling","Nilry\u0027s Codex"],"acts_visited":["Exordium","TheCity"],"potions_floor_usage":[6,6,8,8,13,14,14,16,21,22,22,23],"damage_taken":[{"damage":16.0,"enemies":"Jaw Worm","floor":1.0,"turns":5.0},{"damage":4.0,"enemies":"2 Louse","floor":4.0,"turns":3.0},{"damage":4.0,"enemies":"Small Slimes","floor":5.0,"turns":4.0},{"damage":24,"enemies":"Lagavulin","floor":6,"turns":6},{"damage":17,"enemies":"3 Sentries","floor":8,"turns":6},{"damage":32,"enemies":"Lagavulin","floor":11,"turns":6},{"damage":43,"enemies":"Exordium Thugs","floor":13,"turns":5},{"damage":15,"enemies":"Gremlin Nob","floor":14,"turns":4},{"damage":23,"enemies":"The Guardian","floor":16,"turns":14},{"damage":32,"enemies":"2 Thieves","floor":18,"turns":5},{"damage":24,"enemies":"Spheric Guardian","floor":21,"turns":5},{"damage":20,"enemies":"Chosen and Byrds","floor":22,"turns":7},{"damage":12,"enemies":"Gremlin Leader","floor":23,"turns":3}],"seed_played":"-6475203386939595416","potions_obtained":[{"floor":6,"key":"Ancient Potion"},{"floor":11,"key":"Fruit Juice"},{"floor":13,"key":"EssenceOfSteel"},{"floor":14,"key":"DistilledChaos"},{"floor":16,"key":"Swift Potion"},{"floor":17,"key":"SpeedPotion"},{"floor":21,"key":"Energy Potion"},{"floor":22,"key":"Weak Potion"}],"is_trial":false,"path_per_floor":["M","?","?","M","M","E","R","E","T","?","E","$","M","E","R","B",null,"M","$","?","M","M","E"],"character_chosen":"IRONCLAD","items_purchased":["Ornamental Fan","EntropicBrew","Cleave","Reaper+1","SteroidPotion","Sling"],"campfire_rested":1,"item_purchase_floors":[0,0,0,12,12,19],"current_hp_per_floor":[58,58,58,60,62,44,44,33,33,38,19,19,12,19,42,34,72,56,56,35,17,8,0,0],"gold":84,"neow_bonus":"","is_daily":false,"chose_seed":false,"campfire_upgraded":1,"win_rate":0.0,"timestamp":1610243749,"path_taken":["M","?","?","M","M","E","R","E","T","?","E","$","M","E","R","BOSS","M","$","?","M","M","E"],"items_purchased_type":["Relic","Potion","Card","Card","Potion","Relic"],"build_version":"2020-12-22","purchased_purges":0,"victory":false,"max_hp_per_floor":[75,68,68,68,68,68,68,68,68,73,73,73,73,78,78,78,83,83,83,83,83,83,83,83],"card_choices":[{"not_picked":["Evolve","Pommel Strike"],"picked":"Armaments","floor":1.0},{"not_picked":["Whirlwind","Thunderclap"],"picked":"Hemokinesis","floor":4.0},{"not_picked":["Havoc","Warcry"],"picked":"Blood for Blood","floor":5.0},{"not_picked":["Perfected Strike","Pommel Strike"],"picked":"Uppercut","floor":6},{"not_picked":["Feel No Pain","Sentinel"],"picked":"Reaper","floor":8},{"not_picked":["Dual Wield","Entrench"],"picked":"True Grit","floor":11},{"not_picked":["Clash+1","Sword Boomerang+1","Intimidate"],"picked":"SKIP","floor":13},{"not_picked":["Power Through","Searing Blow+1"],"picked":"Disarm","floor":14},{"not_picked":["Feed+1","Limit Break"],"picked":"Fiend Fire+1","floor":16},{"not_picked":["Pommel Strike+1","Headbutt+1"],"picked":"Whirlwind+1","floor":17},{"not_picked":["Thunderclap+1","Wild Strike+1","Twin Strike+1"],"picked":"SKIP","floor":18},{"not_picked":["Pommel Strike+1","Cleave+1","Clothesline+1"],"picked":"SKIP","floor":21},{"not_picked":["Pommel Strike+1","Flex"],"picked":"Clothesline+1","floor":22}],"player_experience":1293296,"relics_obtained":[{"floor":6,"key":"Omamori"},{"floor":8,"key":"Oddly Smooth Stone"},{"floor":9,"key":"CeramicFish"},{"floor":11,"key":"Molten Egg 2"},{"floor":14,"key":"White Beast Statue"},{"floor":20,"key":"Nilry\u0027s Codex"}],"event_choices":[{"damage_healed":0.0,"max_hp_gain":0.0,"max_hp_loss":7.0,"gold_gain":0.0,"event_name":"Golden Idol","player_choice":"Lose Max HP","floor":2.0,"gold_loss":0.0,"damage_taken":0.0,"relics_obtained":["Golden Idol"]},{"cards_removed":["Strike_R"],"damage_healed":0.0,"max_hp_gain":0.0,"max_hp_loss":0.0,"gold_gain":0.0,"event_name":"The Cleric","player_choice":"Card Removal","floor":3.0,"gold_loss":75.0,"damage_taken":0.0},{"damage_healed":0,"gold_gain":0,"player_choice":"Donut","damage_taken":0,"max_hp_gain":5,"max_hp_loss":0,"event_name":"Big Fish","floor":10,"gold_loss":0},{"damage_healed":0,"gold_gain":0,"player_choice":"Obtained Book","damage_taken":21,"max_hp_gain":0,"max_hp_loss":0,"event_name":"Cursed Tome","floor":20,"gold_loss":0}],"is_beta":false,"boss_relics":[{"not_picked":["Ectoplasm","Black Blood"],"picked":"Tiny House"}],"items_purged_floors":[],"is_endless":false,"potions_floor_spawned":[6,11,13,14,16,18,21,22],"killed_by":"Gremlin Leader","ascension_level":17}}