{"host":"yn1175etg9ni8l0q","time":1610318514,"event":{"mods":["AchievementEnabler","BaseMod","Colored Map","Colored Powertips","DeckTracker","Minty Spire (QoL Compilation)","Rare Cards Sparkle","Relic Stats","SuperFastMode","everything is the same but u backflip on backflip"],"gold_per_floor":[112,122,141,33,44,61,61,61,61,96,96,115,133,150,150,150,150],"floor_reached":16,"playtime":401,"items_purged":["Strike_G"],"score":106,"play_id":"737ebf2e-460b-4e5a-8786-5fea984dee44","local_time":"20210111074154","is_ascension_mode":false,"campfire_choices":[{"data":"Reflex","floor":11,"key":"SMITH"},{"floor":15,"key":"REST"}],"circlet_count":0,"master_deck":["Strike_G","Strike_G","Strike_G","Defend_G","Defend_G","Defend_G","Defend_G","Defend_G","Survivor","Neutralize+1","Dagger Throw","Riddle With Holes+1","Backstab","PiercingWail","Reflex+1","Deflect","Dagger Throw"],"relics":["Ring of the Snake","Letter Opener"],"acts_visited":["Exordium"],"potions_floor_usage":[10,10,16,16,16,16,16],"damage_taken":[{"damage":0,"enemies":"Cultist","floor":1,"turns":4},{"damage":0,"enemies":"2 Louse","floor":2,"turns":2},{"damage":9,"enemies":"Small Slimes","floor":3,"turns":4},{"damage":1,"enemies":"2 Fungi Beasts","floor":5,"turns":3},{"damage":2,"enemies":"Red Slaver","floor":6,"turns":5},{"damage":11,"enemies":"Lagavulin","floor":10,"turns":5},{"damage":5,"enemies":"Exordium Wildlife","floor":12,"turns":6},{"damage":9,"enemies":"Large Slime","floor":13,"turns":6},{"damage":3,"enemies":"Gremlin Gang","floor":14,"turns":7},{"damage":45,"enemies":"Hexaghost","floor":16,"turns":15}],"seed_played":"-4507396679539450752","potions_obtained":[{"floor":3,"key":"LiquidMemories"},{"floor":5,"key":"Poison Potion"},{"floor":13,"key":"Swift Potion"},{"floor":14,"key":"EntropicBrew"}],"is_trial":false,"path_per_floor":["M","M","M","$","M","M","?","?","T","E","R","M","M","M","R","B"],"character_chosen":"THE_SILENT","items_purchased":["Backstab"],"campfire_rested":1,"item_purchase_floors":[4],"current_hp_per_floor":[70,70,61,61,60,58,58,51,51,40,40,35,26,23,44,0,0],"gold":150,"neow_bonus":"UPGRADE_CARD","is_daily":false,"chose_seed":false,"campfire_upgraded":1,"win_rate":0.0,"timestamp":1610318514,"path_taken":["M","?","?","?","M","M","?","?","T","E","R","M","M","M","R","BOSS"],"items_purchased_type":["Card"],"build_version":"2020-12-22","purchased_purges":1,"victory":false,"max_hp_per_floor":[70,70,70,70,70,70,70,70,70,70,70,70,70,70,70,70,70],"relic_stats":{"counters":[10,57],"Letter Opener":[25],"obtain_stats":[{"Letter Opener":9,"Ring of the Snake":0},{"Letter Opener":5,"Ring of the Snake":0},{"Letter Opener":18,"Ring of the Snake":0}],"Ring of the Snake":[20]},"card_choices":[{"not_picked":["Deflect","Outmaneuver"],"picked":"Dagger Throw","floor":1},{"not_picked":["Slice","Expertise","Underhanded Strike"],"picked":"SKIP","floor":2},{"not_picked":["Slice","Dagger Spray"],"picked":"Riddle With Holes","floor":3},{"not_picked":["Sucker Punch","Expertise"],"picked":"PiercingWail","floor":5},{"not_picked":["Predator","Dagger Throw"],"picked":"Reflex","floor":6},{"not_picked":["Glass Knife","Distraction","Bane"],"picked":"SKIP","floor":10},{"not_picked":["Dodge and Roll","Acrobatics"],"picked":"Deflect","floor":12},{"not_picked":["Dash","Dagger Spray","Poisoned Stab"],"picked":"SKIP","floor":13},{"not_picked":["Leg Sweep","Flying Knee"],"picked":"Dagger Throw","floor":14}],"player_experience":315934,"relics_obtained":[{"floor":9,"key":"Letter Opener"}],"event_choices":[{"damage_healed":0,"gold_gain":0,"player_choice":"Grow","damage_taken":0,"max_hp_gain":0,"max_hp_loss":0,"event_name":"Living Wall","floor":7,"gold_loss":0,"cards_upgraded":["Riddle With Holes"]},{"cards_removed":["Strike_G"],"damage_healed":0,"gold_gain":0,"player_choice":"Card Removal","damage_taken":7,"max_hp_gain":0,"max_hp_loss":0,"event_name":"Golden Wing","floor":8,"gold_loss":0}],"is_beta":false,"boss_relics":[],"items_purged_floors":[4],"is_endless":false,"potions_floor_spawned":[3,5,13,14],"killed_by":"Hexaghost","ascension_level":0}}