{"host":"st4c96n0wwqavd1n","time":1610240946,"event":{"mods":["AchievementEnabler","BaseMod","Card Forge","Colored Map","Minty Spire (QoL Compilation)","StSLib"],"gold_per_floor":[416,416,416,416,432,464,480,480,480,81,256,269,288,288,288,391,391,406,420,436,27,41,41,76,94,143,161,161,208,55,72,72,173,173,184,196,246,246,246,278,297,307,307,340,340,354,275,200,200,200],"floor_reached":51,"playtime":9625,"items_purged":[],"score":931,"play_id":"c13ff398-ddcc-41f9-b501-dfafda21faf6","local_time":"20210109170906","is_ascension_mode":false,"campfire_choices":[{"floor":15,"key":"REST"}],"circlet_count":0,"master_deck":["Barricade+1","Battle Trance+1","Body Slam+1","Feed+1","Entrench+1","Shrug It Off+1","Spot Weakness+1","Seeing Red+1","Impervious+1","Limit Break+1","Body Slam+1","Iron Wave+1","Shrug It Off+1","Whirlwind+1","Heavy Blade+1","Body Slam+1","Flex+1","Exhume+1","Impervious+1","Exhume+1","CurseOfTheBell","Flex+1","Body Slam+1","Entrench+1"],"relics":["Burning Blood","Hammer of Thor","Seething Fire","Anvil of the Gods","Old Coin","Gambling Chip","Ginger","Eternal Feather","Chemical X","Bottled Lightning","Coffee Dripper","Membership Card","InkBottle","Meat on the Bone","Question Card","Centennial Puzzle","Bag of Preparation","Strange Spoon","Juzu Bracelet","Calling Bell","Bronze Scales","Matryoshka","CaptainsWheel","Mango","Sundial","Anchor","Mummified Hand","Ancient Tea Set","Vajra","Lantern"],"acts_visited":["Exordium","TheCity","TheBeyond"],"potions_floor_usage":[24],"damage_taken":[{"damage":0,"enemies":"2 Louse","floor":1,"turns":2},{"damage":0,"enemies":"Jaw Worm","floor":5,"turns":2},{"damage":0,"enemies":"Gremlin Nob","floor":6,"turns":2},{"damage":0,"enemies":"Small Slimes","floor":7,"turns":1},{"damage":0,"enemies":"Gremlin Gang","floor":12,"turns":1},{"damage":0,"enemies":"3 Louse","floor":13,"turns":1},{"damage":0,"enemies":"Slime Boss","floor":16,"turns":4},{"damage":0,"enemies":"2 Thieves","floor":18,"turns":1},{"damage":12,"enemies":"Shell Parasite","floor":19,"turns":3},{"damage":0,"enemies":"Sentry and Sphere","floor":20,"turns":1},{"damage":0,"enemies":"Centurion and Healer","floor":22,"turns":2},{"damage":18,"enemies":"Book of Stabbing","floor":24,"turns":4},{"damage":15,"enemies":"Snecko","floor":25,"turns":3},{"damage":0,"enemies":"3 Cultists","floor":27,"turns":3},{"damage":0,"enemies":"Centurion and Healer","floor":31,"turns":1},{"damage":14,"enemies":"Automaton","floor":33,"turns":3},{"damage":0,"enemies":"Orb Walker","floor":35,"turns":2},{"damage":0,"enemies":"3 Darklings","floor":36,"turns":1},{"damage":0,"enemies":"Mind Bloom Boss Battle","floor":37,"turns":4},{"damage":0,"enemies":"Maw","floor":39,"turns":5},{"damage":0,"enemies":"Nemesis","floor":40,"turns":3},{"damage":0,"enemies":"Jaw Worm Horde","floor":41,"turns":2},{"damage":0,"enemies":"Transient","floor":42,"turns":5},{"damage":13,"enemies":"Giant Head","floor":44,"turns":4},{"damage":0,"enemies":"Spire Growth","floor":46,"turns":1},{"damage":33,"enemies":"Awakened One","floor":50,"turns":5}],"seed_played":"1267873294762216951","potions_obtained":[{"floor":6,"key":"Regen Potion"},{"floor":13,"key":"FairyPotion"},{"floor":22,"key":"HeartOfIron"},{"floor":24,"key":"Strength Potion"},{"floor":35,"key":"DuplicationPotion"}],"is_trial":false,"path_per_floor":["M","?","?","?","M","E","M","?","T","$","?","M","M","?","R","B",null,"M","M","M","$","M","R","E","M","T","M","?","T","$","M","R","B",null,"M","M","?","?","M","E","M","M","T","E","R","M","$","$","R","B",null],"character_chosen":"IRONCLAD","items_purchased":["Chemical X","Bottled Lightning","Membership Card","InkBottle","Meat on the Bone","Strange Spoon","Juzu Bracelet","Vajra","Lantern"],"campfire_rested":1,"item_purchase_floors":[10,10,21,21,21,30,30,47,48],"current_hp_per_floor":[72,77,77,77,77,77,77,70,70,70,70,76,77,77,77,77,77,81,75,81,81,81,81,74,65,65,71,81,81,81,81,81,73,81,81,81,95,95,99,99,99,99,99,92,99,99,99,99,99,72],"gold":200,"neow_bonus":"ONE_RARE_RELIC","is_daily":false,"chose_seed":false,"campfire_upgraded":0,"win_rate":0.0,"timestamp":1610240946,"path_taken":["M","?","?","?","M","E","?","?","T","$","?","M","M","?","R","BOSS","M","M","M","$","M","R","E","M","T","?","?","?","?","M","R","BOSS","M","M","?","?","M","E","M","M","T","E","R","M","?","$","R","BOSS"],"items_purchased_type":["Relic","Relic","Relic","Relic","Relic","Relic","Relic","Relic","Relic"],"build_version":"2020-12-22","purchased_purges":0,"victory":true,"max_hp_per_floor":[72,77,77,77,77,77,77,77,77,77,77,77,77,77,77,77,77,81,81,81,81,81,81,81,81,81,81,81,81,81,81,81,81,81,81,81,95,95,99,99,99,99,99,99,99,99,99,99,99,99],"card_choices":[{"not_picked":["Fire Breathing","Inflame"],"picked":"Flex","floor":1},{"not_picked":["Evolve","Armaments","Rupture"],"picked":"SKIP","floor":5},{"not_picked":["Evolve","Armaments","Rupture"],"picked":"SKIP","floor":5},{"not_picked":["Warcry","Pommel Strike","Metallicize"],"picked":"SKIP","floor":6},{"not_picked":["Twin Strike","Pommel Strike","Heavy Blade"],"picked":"SKIP","floor":7},{"not_picked":["Clothesline","Heavy Blade","Clash"],"picked":"SKIP","floor":12},{"not_picked":["Armaments","Carnage","Fire Breathing"],"picked":"SKIP","floor":13},{"not_picked":["Warcry+1","Heavy Blade+1","Perfected Strike"],"picked":"SKIP","floor":18},{"not_picked":["Warcry","Cleave","Havoc+1"],"picked":"SKIP","floor":19},{"not_picked":["Sword Boomerang","Clash","Battle Trance"],"picked":"SKIP","floor":20},{"not_picked":["Wild Strike","Shrug It Off","True Grit"],"picked":"SKIP","floor":22},{"not_picked":["Spot Weakness","Twin Strike","Offering"],"picked":"SKIP","floor":24},{"not_picked":["Rage","Perfected Strike","Ghostly Armor","Thunderclap"],"picked":"SKIP","floor":25},{"not_picked":["Flex","Perfected Strike","Burning Pact","Combust"],"picked":"SKIP","floor":27},{"not_picked":["True Grit","Infernal Blade+1","Power Through","Juggernaut"],"picked":"SKIP","floor":31},{"not_picked":["Sword Boomerang","Blood for Blood+1","Iron Wave","Battle Trance"],"picked":"SKIP","floor":35},{"not_picked":["Second Wind+1","Blood for Blood","Entrench"],"picked":"Flex+1","floor":36},{"not_picked":["Sever Soul+1","Cleave+1","Fire Breathing+1","Evolve"],"picked":"SKIP","floor":39},{"not_picked":["Havoc+1","Evolve","Combust"],"picked":"Body Slam","floor":40},{"not_picked":["Thunderclap+1","Heavy Blade+1","Battle Trance+1","Perfected Strike"],"picked":"SKIP","floor":41},{"not_picked":["Immolate","Iron Wave+1","Uppercut","Anger+1"],"picked":"SKIP","floor":42},{"not_picked":["Cleave+1","Havoc+1","Infernal Blade+1","Flame Barrier"],"picked":"SKIP","floor":44},{"not_picked":["Cleave","Shrug It Off","Rampage+1","Intimidate+1"],"picked":"SKIP","floor":46}],"player_experience":53132,"relics_obtained":[{"floor":6,"key":"Gambling Chip"},{"floor":9,"key":"Eternal Feather"},{"floor":24,"key":"Question Card"},{"floor":26,"key":"Centennial Puzzle"},{"floor":29,"key":"Bag of Preparation"},{"floor":34,"key":"Bronze Scales"},{"floor":34,"key":"Matryoshka"},{"floor":34,"key":"CaptainsWheel"},{"floor":37,"key":"Mango"},{"floor":40,"key":"Sundial"},{"floor":43,"key":"Anchor"},{"floor":43,"key":"Mummified Hand"},{"floor":44,"key":"Ancient Tea Set"}],"event_choices":[{"damage_healed":0,"gold_gain":0,"player_choice":"Donut","damage_taken":0,"max_hp_gain":5,"max_hp_loss":0,"event_name":"Big Fish","floor":2,"gold_loss":0},{"damage_healed":0,"gold_gain":0,"player_choice":"Leave","damage_taken":0,"max_hp_gain":0,"max_hp_loss":0,"event_name":"The Cleric","floor":3,"gold_loss":0},{"damage_healed":0,"gold_gain":0,"player_choice":"Ignored","damage_taken":0,"max_hp_gain":0,"max_hp_loss":0,"event_name":"Shining Light","floor":4,"gold_loss":0},{"damage_healed":0,"gold_gain":0,"player_choice":"Success","damage_taken":7,"relics_obtained":["Ginger"],"max_hp_gain":0,"max_hp_loss":0,"event_name":"Scrap Ooze","floor":8,"gold_loss":0},{"damage_healed":0,"gold_gain":175,"player_choice":"AGREE","damage_taken":0,"max_hp_gain":0,"max_hp_loss":0,"event_name":"Liars Game","floor":11,"gold_loss":0,"cards_obtained":["Doubt"]},{"damage_healed":0,"gold_gain":0,"player_choice":"Ignored","damage_taken":0,"max_hp_gain":0,"max_hp_loss":0,"event_name":"NoteForYourself","floor":14,"gold_loss":0},{"damage_healed":27,"gold_gain":0,"player_choice":"Heal","damage_taken":0,"max_hp_gain":0,"max_hp_loss":0,"event_name":"The Library","floor":28,"gold_loss":0},{"damage_healed":0,"gold_gain":0,"player_choice":"Fight","damage_taken":0,"max_hp_gain":0,"max_hp_loss":0,"event_name":"MindBloom","floor":37,"gold_loss":0},{"cards_removed":["Body Slam"],"damage_healed":0,"gold_gain":0,"player_choice":"Removed Attack","damage_taken":0,"max_hp_gain":0,"max_hp_loss":0,"event_name":"Falling","floor":38,"gold_loss":0}],"is_beta":false,"boss_relics":[{"not_picked":["Empty Cage","Sozu"],"picked":"Coffee Dripper"},{"not_picked":["Mark of Pain","Runic Dome"],"picked":"Calling Bell"}],"items_purged_floors":[],"is_endless":false,"potions_floor_spawned":[6,13,22,24,25,31,35,40,41,44,46],"ascension_level":0}}