{"host":"hszimsrtxxc2k25w","time":1610253311,"event":{"mods":["AchievementEnabler","BaseMod","Colored Map","DeckTracker","Minty Spire (QoL Compilation)","Rare Cards Sparkle","SuperFastMode"],"gold_per_floor":[117,117,117,129,54,54,79,79,105,105,118,118,143,162,162,238,238,255,235,251,267,286,286,286,286],"floor_reached":24,"playtime":422,"items_purged":[],"score":462,"play_id":"f492522f-9098-40c9-a9e3-58c111961e3f","local_time":"20210110133511","is_ascension_mode":true,"campfire_choices":[{"data":"Searing Blow","floor":6.0,"key":"SMITH"},{"data":"Searing Blow+1","floor":8.0,"key":"SMITH"},{"data":"Searing Blow+2","floor":12.0,"key":"SMITH"},{"data":"Searing Blow+3","floor":15.0,"key":"SMITH"},{"data":"Searing Blow+4","floor":23.0,"key":"SMITH"}],"circlet_count":0,"master_deck":["AscendersBane","Defend_R","Defend_R","Defend_R+1","Defend_R+1","Bash","Searing Blow+5","Corruption","Disarm+1","Double Tap+1","Brutality+1","Headbutt+1","Metallicize+1","Armaments+1"],"relics":["Burning Blood","NeowsBlessing","Toxic Egg 2","Vajra","Lizard Tail","Astrolabe"],"acts_visited":["Exordium","TheCity"],"potions_floor_usage":[24],"damage_taken":[{"damage":0.0,"enemies":"Jaw Worm","floor":1.0,"turns":1.0},{"damage":0.0,"enemies":"Cultist","floor":4.0,"turns":1.0},{"damage":0.0,"enemies":"Lagavulin","floor":7.0,"turns":1.0},{"damage":0.0,"enemies":"2 Louse","floor":11.0,"turns":4.0},{"damage":32.0,"enemies":"Gremlin Nob","floor":13.0,"turns":4.0},{"damage":5.0,"enemies":"Large Slime","floor":14.0,"turns":6.0},{"damage":71.0,"enemies":"Hexaghost","floor":16.0,"turns":13.0},{"damage":1.0,"enemies":"Spheric Guardian","floor":18.0,"turns":2.0},{"damage":1.0,"enemies":"Chosen","floor":20.0,"turns":2.0},{"damage":22.0,"enemies":"Centurion and Healer","floor":21.0,"turns":3.0},{"damage":8.0,"enemies":"Snake Plant","floor":22.0,"turns":3.0},{"damage":81,"enemies":"Gremlin Leader","floor":24,"turns":5}],"seed_played":"-837470500392664185","potions_obtained":[{"floor":7.0,"key":"SkillPotion"},{"floor":14.0,"key":"BlessingOfTheForge"},{"floor":16.0,"key":"LiquidBronze"},{"floor":18.0,"key":"BloodPotion"},{"floor":19.0,"key":"EssenceOfSteel"},{"floor":22.0,"key":"Regen Potion"}],"is_trial":false,"path_per_floor":["M","?","?","M","?","R","E","R","T","?","M","R","E","M","R","B",null,"M","?","M","M","M","R","E"],"character_chosen":"IRONCLAD","items_purchased":[],"campfire_rested":0,"item_purchase_floors":[],"current_hp_per_floor":[74,51,51,57,57,57,63,63,63,68,74,74,48,49,49,24,66,71,80,80,64,62,62,0,0],"gold":286,"neow_bonus":"THREE_ENEMY_KILL","is_daily":false,"chose_seed":false,"campfire_upgraded":5,"win_rate":0.0,"timestamp":1610253311,"path_taken":["M","?","?","?","?","R","E","R","T","?","M","R","E","M","R","BOSS","M","?","M","M","?","R","E"],"items_purchased_type":[],"build_version":"2020-12-22","purchased_purges":0,"victory":false,"max_hp_per_floor":[75,75,75,75,75,75,75,75,75,80,80,80,80,80,80,80,80,80,80,80,80,80,80,80,80],"card_choices":[{"not_picked":["Clash","Dual Wield","Bloodletting"],"picked":"SKIP","floor":1.0},{"not_picked":["Pommel Strike","Warcry"],"picked":"Searing Blow","floor":4.0},{"not_picked":["Sword Boomerang","Warcry+1"],"picked":"Corruption","floor":7.0},{"not_picked":["Second Wind+1","Clothesline","Perfected Strike"],"picked":"SKIP","floor":11.0},{"not_picked":["Fire Breathing","Carnage"],"picked":"Disarm+1","floor":13.0},{"not_picked":["Anger","Headbutt","Pommel Strike"],"picked":"SKIP","floor":14.0},{"not_picked":["Corruption","Immolate"],"picked":"Double Tap+1","floor":16.0},{"not_picked":["Warcry+1","Metallicize+1"],"picked":"Armaments+1","floor":18.0},{"not_picked":["Dual Wield+1","Flex+1","True Grit+1"],"picked":"SKIP","floor":20.0},{"not_picked":["Armaments+1","Anger","Iron Wave+1"],"picked":"SKIP","floor":21.0},{"not_picked":["Sword Boomerang","Anger","Twin Strike"],"picked":"SKIP","floor":22.0}],"player_experience":615863,"relics_obtained":[{"floor":7.0,"key":"Toxic Egg 2"},{"floor":9.0,"key":"Vajra"},{"floor":13.0,"key":"Lizard Tail"}],"event_choices":[{"damage_healed":0.0,"max_hp_gain":0.0,"max_hp_loss":0.0,"gold_gain":0.0,"event_name":"Shining Light","player_choice":"Entered Light","floor":2.0,"gold_loss":0.0,"damage_taken":23.0,"cards_upgraded":["Defend_R","Defend_R"]},{"cards_removed":["Strike_R"],"damage_healed":0.0,"max_hp_gain":0.0,"max_hp_loss":0.0,"gold_gain":0.0,"event_name":"Purifier","player_choice":"Purged","floor":3.0,"gold_loss":0.0,"damage_taken":0.0},{"cards_removed":["Strike_R"],"damage_healed":0.0,"max_hp_gain":0.0,"max_hp_loss":0.0,"gold_gain":0.0,"event_name":"The Cleric","player_choice":"Card Removal","floor":5.0,"gold_loss":75.0,"damage_taken":0.0},{"damage_healed":0.0,"max_hp_gain":5.0,"max_hp_loss":0.0,"gold_gain":0.0,"event_name":"Big Fish","player_choice":"Donut","floor":10.0,"gold_loss":0.0,"damage_taken":0.0},{"damage_healed":0.0,"max_hp_gain":0.0,"max_hp_loss":0.0,"gold_gain":0.0,"event_name":"The Woman in Blue","player_choice":"Bought 1 Potion","floor":19.0,"gold_loss":0.0,"damage_taken":0.0}],"is_beta":false,"boss_relics":[{"not_picked":["Runic Cube","Black Blood"],"picked":"Astrolabe"}],"items_purged_floors":[],"is_endless":false,"potions_floor_spawned":[7,14,16,18,22],"killed_by":"Gremlin Leader","ascension_level":20}}