{"host":"51f0ad793vly1w6u","time":1610289349,"event":{"mods":["BaseMod","Colored Map","DeckTracker","Hermit","Minty Spire (QoL Compilation)","StSLib","SuperFastMode"],"gold_per_floor":[116,134,153,168,243,243,257,287,341,367,390,417,417,434,434,434,434],"floor_reached":16,"playtime":352,"items_purged":[],"score":123,"play_id":"931c1350-7001-45ad-ba97-34030ebccbb9","local_time":"20210110233549","is_ascension_mode":true,"campfire_choices":[{"data":"hermit:CalledShot","floor":6.0,"key":"SMITH"},{"data":"hermit:CalledShot","floor":13,"key":"SMITH"},{"floor":15,"key":"REST"}],"circlet_count":0,"master_deck":["hermit:Strike_Hermit","hermit:Strike_Hermit","hermit:Strike_Hermit","hermit:Defend_Hermit","hermit:Defend_Hermit","hermit:Defend_Hermit","hermit:Defend_Hermit","hermit:Snapshot","hermit:Covet","hermit:Headshot","hermit:Deadeye","hermit:CalledShot+1","hermit:Enervate","hermit:Virtue+1","hermit:Snipe+1","hermit:CalledShot+1"],"relics":["hermit:Momento","Happy Flower","Potion Belt","War Paint","Dream Catcher","Bottled Flame"],"acts_visited":["Exordium"],"potions_floor_usage":[16],"damage_taken":[{"damage":0.0,"enemies":"Cultist","floor":1.0,"turns":3.0},{"damage":0.0,"enemies":"2 Louse","floor":2.0,"turns":2.0},{"damage":2.0,"enemies":"Jaw Worm","floor":3.0,"turns":3.0},{"damage":8.0,"enemies":"Blue Slaver","floor":4.0,"turns":2.0},{"damage":10.0,"enemies":"Gremlin Gang","floor":7.0,"turns":3.0},{"damage":16.0,"enemies":"Gremlin Nob","floor":8.0,"turns":4.0},{"damage":13.0,"enemies":"Lagavulin","floor":12.0,"turns":3.0},{"damage":9,"enemies":"2 Fungi Beasts","floor":14,"turns":2},{"damage":28,"enemies":"The Guardian","floor":16,"turns":3}],"seed_played":"-6679283319660161992","potions_obtained":[{"floor":1.0,"key":"EssenceOfSteel"},{"floor":2.0,"key":"Strength Potion"},{"floor":4.0,"key":"DuplicationPotion"},{"floor":7.0,"key":"PowerPotion"}],"is_trial":false,"path_per_floor":["M","M","M","M","?","R","M","E","T","T","T","E","R","M","R","B"],"character_chosen":"HERMIT","items_purchased":[],"campfire_rested":1,"item_purchase_floors":[],"current_hp_per_floor":[75,75,73,65,54,54,44,28,28,28,28,15,15,6,28,0,0],"gold":434,"neow_bonus":"TRANSFORM_CARD","is_daily":false,"chose_seed":false,"campfire_upgraded":2,"win_rate":0.0,"timestamp":1610289349,"path_taken":["M","M","?","M","?","R","M","E","T","?","?","E","R","?","R","BOSS"],"items_purchased_type":[],"build_version":"2020-12-22","purchased_purges":0,"victory":false,"max_hp_per_floor":[75,75,75,75,75,75,75,75,75,75,75,75,75,75,75,75,75],"card_choices":[{"not_picked":["hermit:Horror","hermit:ShadowCloak"],"picked":"hermit:Deadeye","floor":1.0},{"not_picked":["hermit:Deadeye","hermit:Vantage"],"picked":"hermit:CalledShot","floor":2.0},{"not_picked":["hermit:LowProfile","hermit:BodyArmor"],"picked":"hermit:Enervate","floor":3.0},{"not_picked":["hermit:BodyArmor","hermit:Spite"],"picked":"hermit:Virtue","floor":4.0},{"not_picked":["hermit:ItchyTrigger","hermit:SprayPray"],"picked":"hermit:Snipe","floor":7.0},{"not_picked":["hermit:Headshot","hermit:Coalescence"],"picked":"hermit:CalledShot","floor":8.0},{"not_picked":["hermit:Magnum","hermit:Coalescence","hermit:Cheat"],"picked":"SKIP","floor":12},{"not_picked":["hermit:Showdown","hermit:Dive","hermit:Roulette"],"picked":"SKIP","floor":14}],"player_experience":1397054,"relics_obtained":[{"floor":8.0,"key":"Happy Flower"},{"floor":9.0,"key":"Potion Belt"},{"floor":10.0,"key":"War Paint"},{"floor":11.0,"key":"Dream Catcher"},{"floor":12,"key":"Bottled Flame"}],"event_choices":[{"damage_healed":0.0,"max_hp_gain":0.0,"max_hp_loss":0.0,"gold_gain":75.0,"event_name":"World of Goop","player_choice":"Gather Gold","floor":5.0,"gold_loss":0.0,"damage_taken":11.0}],"is_beta":false,"boss_relics":[],"items_purged_floors":[],"is_endless":false,"potions_floor_spawned":[1,2,4,7],"killed_by":"The Guardian","ascension_level":2}}