{"host":"vddkjx04kiwje1tk","time":1610258644,"event":{"mods":["AchievementEnabler","BaseMod","Colored Map","Minty Spire (QoL Compilation)","Quick Restart","SuperFastMode"],"gold_per_floor":[119,119,69,87,87,118,118,143,214,154,74,74,74,89,89,191,191,207,222,222,322,222,222,239,239,266,298,317,345,364,375,375,470,470,490,257,272,26,26,56,56,56,105,134,147,178,178,178,178,178],"floor_reached":51,"playtime":1348,"items_purged":["Defend_R","Strike_R","Strike_R"],"score":1160,"play_id":"b82120fa-107b-48db-988e-f0ffa2b0b73f","local_time":"20210110150404","is_ascension_mode":true,"campfire_choices":[{"floor":7,"key":"REST"},{"floor":12,"key":"REST"},{"data":"Defend_R","floor":15,"key":"SMITH"},{"data":"Pommel Strike","floor":23,"key":"SMITH"},{"floor":25,"key":"REST"},{"floor":32,"key":"REST"},{"data":"Thinking Ahead","floor":41,"key":"SMITH"},{"floor":49,"key":"REST"}],"circlet_count":0,"master_deck":["Bash+1","Pommel Strike+1","Rampage+1","Pommel Strike+1","Thinking Ahead+1"],"relics":["Astrolabe","The Courier","Oddly Smooth Stone","Thread and Needle","Blue Candle","Velvet Choker","MutagenicStrength","Bag of Marbles","Strawberry","Blood Vial","Empty Cage","Anchor","PreservedInsect","WingedGreaves","Bronze Scales","Centennial Puzzle","Calipers","Ornamental Fan"],"acts_visited":["Exordium","TheCity","TheBeyond"],"potions_floor_usage":[33,40,50,50],"damage_taken":[{"damage":2,"enemies":"Small Slimes","floor":1,"turns":3},{"damage":0,"enemies":"2 Louse","floor":4,"turns":2},{"damage":30,"enemies":"3 Sentries","floor":6,"turns":7},{"damage":8,"enemies":"Gremlin Nob","floor":8,"turns":3},{"damage":2,"enemies":"Jaw Worm","floor":14,"turns":2},{"damage":25,"enemies":"The Guardian","floor":16,"turns":5},{"damage":18,"enemies":"2 Thieves","floor":18,"turns":3},{"damage":0,"enemies":"Spheric Guardian","floor":19,"turns":2},{"damage":0,"enemies":"3 Cultists","floor":24,"turns":3},{"damage":11,"enemies":"Book of Stabbing","floor":27,"turns":2},{"damage":5,"enemies":"Centurion and Healer","floor":28,"turns":3},{"damage":11,"enemies":"Slavers","floor":29,"turns":3},{"damage":11,"enemies":"Snake Plant","floor":30,"turns":2},{"damage":0,"enemies":"Cultist and Chosen","floor":31,"turns":3},{"damage":58,"enemies":"Automaton","floor":33,"turns":6},{"damage":7,"enemies":"Orb Walker","floor":35,"turns":2},{"damage":7,"enemies":"3 Darklings","floor":37,"turns":3},{"damage":0,"enemies":"Reptomancer","floor":40,"turns":2},{"damage":0,"enemies":"Giant Head","floor":44,"turns":3},{"damage":13,"enemies":"Writhing Mass","floor":45,"turns":2},{"damage":47,"enemies":"Nemesis","floor":46,"turns":3},{"damage":55,"enemies":"Awakened One","floor":50,"turns":5}],"seed_played":"-8517524510678265418","potions_obtained":[{"floor":1,"key":"CultistPotion"},{"floor":8,"key":"Swift Potion"},{"floor":18,"key":"Block Potion"},{"floor":33,"key":"Fire Potion"},{"floor":42,"key":"FairyPotion"}],"is_trial":false,"path_per_floor":["M","?","?","M","T","E","R","E","T","$","$","R","?","M","R","B",null,"M","M","?","?","$","R","M","R","T","E","M","E","M","M","R","B",null,"M","$","M","$","?","E","R","?","T","E","M","E","?","?","R","B",null],"character_chosen":"IRONCLAD","items_purchased":["Anchor","PreservedInsect","WingedGreaves"],"campfire_rested":5,"item_purchase_floors":[36,36,38],"current_hp_per_floor":[70,70,70,70,70,40,64,56,56,56,56,80,80,78,78,53,73,55,55,55,55,55,55,55,79,79,75,70,59,50,52,78,22,71,66,66,61,61,61,63,63,63,63,65,54,9,9,9,33,24],"gold":178,"neow_bonus":"BOSS_RELIC","is_daily":false,"chose_seed":false,"campfire_upgraded":3,"win_rate":0.0,"timestamp":1610258644,"path_taken":["M","?","?","M","?","E","R","E","T","?","$","R","?","M","R","BOSS","M","?","?","?","$","R","M","R","T","E","M","E","M","?","R","BOSS","M","$","?","$","?","E","R","?","T","E","?","E","?","?","R","BOSS"],"items_purchased_type":["Relic","Relic","Relic"],"build_version":"2020-12-22","purchased_purges":3,"victory":true,"max_hp_per_floor":[80,80,80,80,80,80,80,80,80,80,80,80,80,80,80,80,80,80,80,80,80,80,80,80,80,80,87,87,87,87,87,87,87,87,87,87,87,87,87,87,87,87,87,87,87,87,87,83,83,83],"card_choices":[{"not_picked":["Pummel","Reckless Charge","Iron Wave"],"picked":"SKIP","floor":1},{"not_picked":["Clash","Body Slam","Shrug It Off"],"picked":"SKIP","floor":4},{"not_picked":["Sword Boomerang","Anger","Flex"],"picked":"SKIP","floor":6},{"not_picked":["Reaper","Havoc","Blood for Blood"],"picked":"SKIP","floor":8},{"not_picked":["Thunderclap","Infernal Blade","Flex"],"picked":"SKIP","floor":14},{"not_picked":["Headbutt","Blood for Blood"],"picked":"Pommel Strike","floor":18},{"not_picked":["Whirlwind","Clash","Uppercut"],"picked":"SKIP","floor":19},{"not_picked":["Wild Strike+1","Blood for Blood","Body Slam"],"picked":"SKIP","floor":24},{"not_picked":["Fire Breathing","Cleave","Warcry"],"picked":"SKIP","floor":27},{"not_picked":["Armaments","Cleave","Sword Boomerang+1"],"picked":"SKIP","floor":28},{"not_picked":["Reckless Charge","Limit Break","Thunderclap"],"picked":"SKIP","floor":29},{"not_picked":["Clash","Flex","Body Slam"],"picked":"SKIP","floor":30},{"not_picked":["Headbutt","Metallicize","Pommel Strike"],"picked":"SKIP","floor":31},{"not_picked":["Flex+1","Dual Wield","Wild Strike+1"],"picked":"SKIP","floor":35},{"not_picked":["Clash","Infernal Blade+1","Flex+1"],"picked":"SKIP","floor":37},{"not_picked":["Forethought","Good Instincts"],"picked":"Thinking Ahead","floor":39},{"not_picked":["Clothesline+1","Exhume","Thunderclap"],"picked":"SKIP","floor":40},{"not_picked":["Thunderclap","Reckless Charge+1","Clothesline"],"picked":"SKIP","floor":44},{"not_picked":["Clash","Seeing Red","Anger+1"],"picked":"SKIP","floor":45},{"not_picked":["Burning Pact","Feed","Fiend Fire"],"picked":"SKIP","floor":46}],"player_experience":251252,"relics_obtained":[{"floor":5,"key":"The Courier"},{"floor":6,"key":"Oddly Smooth Stone"},{"floor":8,"key":"Thread and Needle"},{"floor":9,"key":"Blue Candle"},{"floor":26,"key":"Bag of Marbles"},{"floor":27,"key":"Strawberry"},{"floor":29,"key":"Blood Vial"},{"floor":40,"key":"Bronze Scales"},{"floor":43,"key":"Centennial Puzzle"},{"floor":44,"key":"Calipers"},{"floor":46,"key":"Ornamental Fan"}],"event_choices":[{"cards_removed":["Strike_R"],"damage_healed":0,"gold_gain":0,"player_choice":"Forget","damage_taken":0,"max_hp_gain":0,"max_hp_loss":0,"event_name":"Living Wall","floor":2,"gold_loss":0},{"cards_removed":["Defend_R"],"damage_healed":0,"gold_gain":0,"player_choice":"Card Removal","damage_taken":0,"max_hp_gain":0,"max_hp_loss":0,"event_name":"The Cleric","floor":3,"gold_loss":50},{"damage_healed":0,"gold_gain":0,"player_choice":"Upgraded","damage_taken":0,"max_hp_gain":0,"max_hp_loss":0,"event_name":"Upgrade Shrine","floor":13,"gold_loss":0,"cards_upgraded":["Bash"]},{"damage_healed":0,"gold_gain":0,"player_choice":"Inject Mutagens","damage_taken":0,"relics_obtained":["MutagenicStrength"],"max_hp_gain":0,"max_hp_loss":0,"event_name":"Drug Dealer","floor":20,"gold_loss":0},{"damage_healed":0,"gold_gain":100,"player_choice":"Pray","damage_taken":0,"max_hp_gain":0,"max_hp_loss":0,"event_name":"Golden Shrine","floor":21,"gold_loss":0},{"damage_healed":0,"gold_gain":0,"player_choice":"Memory 1","damage_taken":0,"max_hp_gain":0,"max_hp_loss":0,"event_name":"SensoryStone","floor":39,"gold_loss":0},{"damage_healed":0,"gold_gain":0,"player_choice":"Got Potions","damage_taken":0,"max_hp_gain":0,"max_hp_loss":0,"event_name":"Lab","floor":42,"gold_loss":0},{"damage_healed":0,"gold_gain":0,"player_choice":"Ignored","damage_taken":0,"max_hp_gain":0,"max_hp_loss":0,"event_name":"Mysterious Sphere","floor":47,"gold_loss":0},{"damage_healed":0,"gold_gain":0,"player_choice":"Max HP","damage_taken":0,"max_hp_gain":0,"max_hp_loss":4,"event_name":"Winding Halls","floor":48,"gold_loss":0}],"is_beta":false,"boss_relics":[{"not_picked":["Pandora\u0027s Box","Mark of Pain"],"picked":"Velvet Choker"},{"not_picked":["Coffee Dripper","Calling Bell"],"picked":"Empty Cage"}],"items_purged_floors":[10,11,22],"is_endless":false,"potions_floor_spawned":[1,8,18,24,27,33,35,45],"ascension_level":7}}