{"host":"06h77atpgiec8kbk","time":1610269528,"event":{"mods":["Act Like it!","Alarm Clock","Arknights The Spire","Aspiration","Bard","BaseMod","CapriCore","Colored Powertips","Conspire","Downfall","Hermit","Marisa£®ÏF”Í°°ƒß¿Ì…≥£©","Minty Spire (QoL Compilation)","Quick Restart","Reimu£®≤©¿ˆ¡È√Œ£©","Relic Stats","Replay The Spire","StSLib","The Alterego","The Construct","The Cursed","The Gatherer","The Hierophant","The Immortal","The Marked","The Runesmith","[µÿæ´ ◊¡Ï≈¿À˛]The Maniac","°æ“≈ŒÔø®≈∆°øREMEMod"],"gold_per_floor":[111,111,131,57,72,72,72,107,107,122,161,178,178,210,210,310,410,421,421,346,359,371,371,371,371,371,222,222,97,107,121,121,221,221,238,256,69,0,0,27,27,42,42,42,42,61,61,81,81,81],"floor_reached":51,"playtime":2039,"items_purged":["ats:Defend","ats:Defend","Looming Evil","ats:Defend"],"score":735,"play_id":"a022d974-c829-4a3a-b159-16cef3636ebe","local_time":"20210110170528","is_ascension_mode":false,"campfire_choices":[{"data":"ats:Emotion Absorption","floor":6.0,"key":"SMITH"},{"data":"ats:Ambush","floor":13.0,"key":"SMITH"},{"data":"ats:Flexible Camouflage","floor":15.0,"key":"SMITH"},{"data":"ats:True Silver Slash","floor":23.0,"key":"SMITH"},{"data":"ats:Healing Strengthening","floor":32.0,"key":"SMITH"},{"data":"ats:Shadow Assault","floor":41,"key":"SMITH"},{"data":"ats:Flexible Camouflage","floor":47,"key":"SMITH"}],"circlet_count":0,"master_deck":["ats:Armor Crushing Shot+1","ats:Defend","ats:Emotion Absorption+1","hermit:RoundhouseKick","ats:Burning Ground","ats:Hammer On","ats:Explosion Area Strengthen","ats:Explosion Area Strengthen","ats:Healing Strengthening+1","ats:Ignite","ats:Very Hot Blade","Pot Of Greed","Pot Of Greed","ats:Ambush+1","ats:Flexible Camouflage+1","ats:Shadow Assault+1","ats:True Silver Slash+1","Slimebound:Tackle+1","Slimebound:Tackle+1","Slimebound:Tackle+1","Pot Of Greed","ats:Explosion Area Strengthen","ats:Rapid Magazine","ats:Healing Strengthening+1","ats:Curse Doll+1","ats:Red Shift","ats:Flexible Camouflage+1","ats:Explosion Area Strengthen+1","ats:Explosion Area Strengthen+1","ats:Collapsing Strike","Pot Of Greed"],"relics":["REME_ComplimentaryCards","aspiration:RitualDagger","ats:Originium","Grinning Jar","TungstenRod","Regal Pillow","Lantern","Replay:Wanted Poster","alterego_mod:FleetingLove","aspiration:FrozenJewel","Shuriken","conspire:SpecialSausage","Red Mask","Akabeko","Tea:ReiMu"],"acts_visited":["Exordium","TheCity","TheBeyond"],"potions_floor_usage":[50,50],"damage_taken":[{"damage":20.0,"enemies":"Jaw Worm","floor":1.0,"turns":3.0},{"damage":16.0,"enemies":"Small Slimes","floor":3.0,"turns":3.0},{"damage":19.0,"enemies":"2 Louse","floor":5.0,"turns":2.0},{"damage":55.0,"enemies":"Lagavulin","floor":8.0,"turns":5.0},{"damage":6.0,"enemies":"Exordium Thugs","floor":10.0,"turns":3.0},{"damage":33.0,"enemies":"conspire:MimicChest","floor":11.0,"turns":5.0},{"damage":13.0,"enemies":"3 Louse","floor":12.0,"turns":2.0},{"damage":16.0,"enemies":"3 Sentries","floor":14.0,"turns":4.0},{"damage":83.0,"enemies":"The Guardian","floor":16.0,"turns":10.0},{"damage":14.0,"enemies":"Spheric Guardian","floor":18.0,"turns":5.0},{"damage":6.0,"enemies":"2 Thieves","floor":21.0,"turns":3.0},{"damage":20.0,"enemies":"Snake Plant","floor":22.0,"turns":4.0},{"damage":8.0,"enemies":"Chosen and Byrds","floor":30.0,"turns":3.0},{"damage":24.0,"enemies":"Snecko","floor":31.0,"turns":3.0},{"damage":61.0,"enemies":"Collector","floor":33.0,"turns":10.0},{"damage":10,"enemies":"Orb Walker","floor":35,"turns":3},{"damage":26,"enemies":"3 Darklings","floor":36,"turns":4},{"damage":22,"enemies":"Giant Head","floor":40,"turns":6},{"damage":86,"enemies":"Spire Growth","floor":42,"turns":5},{"damage":30,"enemies":"Maw","floor":46,"turns":7},{"damage":20,"enemies":"Sphere and 2 Shapes","floor":48,"turns":3},{"damage":153,"enemies":"Awakened One","floor":50,"turns":10}],"seed_played":"1182483025260495672","potions_obtained":[{"floor":1.0,"key":"Regen Potion"},{"floor":3.0,"key":"Doom Potion"},{"floor":5.0,"key":"SkillPotion"},{"floor":18.0,"key":"REME_GoldPotion"},{"floor":33.0,"key":"Weak Potion"},{"floor":36,"key":"Dexterity Potion"},{"floor":40,"key":"ats:Emergency Sanity Potion"}],"is_trial":false,"path_per_floor":["M","?","M","$","M","R","?","E","T","M","?","M","R","E","R","B",null,"M","?","$","M","M","R","?","?","T","$","?","$","M","M","R","B",null,"M","M","$","?","$","E","R","M","T","?","?","M","R","M","R","B",null],"character_chosen":"DOCTOR_CLASS","items_purchased":["ats:Very Hot Blade","ats:Explosion Area Strengthen","ats:Red Shift"],"campfire_rested":0,"item_purchase_floors":[4,27,37],"current_hp_per_floor":[52,52,36,36,17,17,3,39,39,41,39,33,33,45,45,25,72,64,64,64,72,64,64,64,64,64,64,64,64,71,60,60,70,72,72,72,72,72,72,70,70,33,33,40,40,63,63,70,70,72],"gold":81,"neow_bonus":"BOSS_RELIC","is_daily":false,"chose_seed":false,"campfire_upgraded":7,"win_rate":0.0,"timestamp":1610269528,"path_taken":["M","?","M","$","M","R","?","E","T","M","?","?","R","E","R","BOSS","M","?","?","M","?","R","?","?","T","$","?","$","M","M","R","BOSS","M","M","$","?","$","E","R","M","T","?","?","M","R","M","R","BOSS"],"items_purchased_type":["Card","Card","Card"],"build_version":"2020-12-22","purchased_purges":4,"victory":true,"max_hp_per_floor":[72,72,72,72,72,72,72,72,72,72,72,72,72,72,72,72,72,72,72,72,72,72,72,72,72,72,72,72,72,72,72,72,72,72,72,72,72,72,72,72,72,72,72,72,72,72,72,72,72,72],"relic_stats":{"Regal Pillow":0,"counters":[22,103],"Shuriken":[22],"obtain_stats":[{"Regal Pillow":11,"Lantern":14,"Tea:ReiMu":43,"conspire:SpecialSausage":34,"aspiration:FrozenJewel":26,"Akabeko":40,"Replay:Wanted Poster":17,"alterego_mod:FleetingLove":25,"ats:Originium":8,"Shuriken":28,"Red Mask":38,"ats:Sanity":0,"aspiration:RitualDagger":0,"Grinning Jar":8,"TungstenRod":9,"REME_ComplimentaryCards":0},{"Regal Pillow":6,"Lantern":8,"Tea:ReiMu":19,"conspire:SpecialSausage":15,"aspiration:FrozenJewel":12,"Akabeko":18,"Replay:Wanted Poster":9,"alterego_mod:FleetingLove":12,"ats:Originium":4,"Shuriken":12,"Red Mask":17,"ats:Sanity":0,"aspiration:RitualDagger":0,"Grinning Jar":4,"TungstenRod":4,"REME_ComplimentaryCards":0},{"Regal Pillow":21,"Lantern":27,"Tea:ReiMu":83,"conspire:SpecialSausage":65,"aspiration:FrozenJewel":49,"Akabeko":78,"Replay:Wanted Poster":37,"alterego_mod:FleetingLove":49,"ats:Originium":13,"Shuriken":49,"Red Mask":72,"ats:Sanity":0,"aspiration:RitualDagger":0,"Grinning Jar":13,"TungstenRod":13,"REME_ComplimentaryCards":0}],"TungstenRod":244},"card_choices":[{"not_picked":["ats:Cat Scratch","ats:Poison Spread"],"picked":"ats:Burning Ground","floor":1.0},{"not_picked":["ats:Leaping Hammer","ats:Poison Spread"],"picked":"ats:Ignite","floor":3.0},{"not_picked":["ats:Cat Scratch","ats:Apocalypse","ats:Revitalization"],"picked":"SKIP","floor":5.0},{"not_picked":["ats:Steam Pump","ats:Directed Diagnosis"],"picked":"ats:Ambush","floor":8.0},{"not_picked":["ats:Childhood Dance","ats:Flame Of Heaven","ats:Hammer On"],"picked":"SKIP","floor":10.0},{"not_picked":["ats:Poison Spread","ats:Apocalypse"],"picked":"ats:Flexible Camouflage","floor":12.0},{"not_picked":["ats:Steam Pump","ats:LN2 Cannon"],"picked":"ats:Shadow Assault","floor":14.0},{"not_picked":["ats:Durian","ats:Soul Rend"],"picked":"ats:True Silver Slash","floor":16.0},{"not_picked":["ats:Ignite","ats:Shell Defense","ats:Guardian Obelisk"],"picked":"SKIP","floor":18.0},{"not_picked":["ats:Flexible Camouflage","ats:Thermite Blade","ats:Childhood Dance"],"picked":"SKIP","floor":21.0},{"not_picked":["ats:Ignite","ats:Volcano","ats:Mental Burst+1"],"picked":"SKIP","floor":22.0},{"not_picked":["ats:Part Time Job+1","ats:Closed Bolt Burst Fire","ats:Apocalypse"],"picked":"SKIP","floor":30.0},{"not_picked":["ats:Curse Doll","ats:Shell Defense+1"],"picked":"ats:Rapid Magazine","floor":31.0},{"not_picked":["ats:Defend Order+1","ats:Assault Order"],"picked":"ats:Healing Strengthening+1","floor":35},{"not_picked":["ats:Closed Bolt Burst Fire+1","ats:Steam Pump+1"],"picked":"ats:Curse Doll+1","floor":36},{"not_picked":["ats:Cat Scratch+1","ats:Leaping Hammer+1","ats:Apocalypse"],"picked":"SKIP","floor":40},{"not_picked":["ats:Shell Defense","ats:Very Hot Blade+1"],"picked":"ats:Flexible Camouflage","floor":42},{"not_picked":["ats:Hammer On","ats:Beaten Up+1"],"picked":"ats:Explosion Area Strengthen+1","floor":46},{"not_picked":["ats:Closed Bolt Burst Fire","ats:Hammer On"],"picked":"ats:Explosion Area Strengthen+1","floor":48}],"player_experience":817881,"relics_obtained":[{"floor":8.0,"key":"ats:Originium"},{"floor":8.0,"key":"Grinning Jar"},{"floor":9.0,"key":"TungstenRod"},{"floor":11.0,"key":"Regal Pillow"},{"floor":14.0,"key":"ats:Originium"},{"floor":14.0,"key":"Lantern"},{"floor":26.0,"key":"aspiration:FrozenJewel"},{"floor":40,"key":"ats:Originium"},{"floor":40,"key":"Akabeko"},{"floor":43,"key":"Tea:ReiMu"}],"event_choices":[{"damage_healed":0.0,"max_hp_gain":0.0,"max_hp_loss":0.0,"gold_gain":0.0,"event_name":"Shining Light","player_choice":"Entered Light","floor":7.0,"gold_loss":0.0,"damage_taken":14.0,"cards_upgraded":["ats:Strike S","ats:Armor Crushing Shot"]},{"damage_healed":0.0,"max_hp_gain":0.0,"max_hp_loss":0.0,"gold_gain":0.0,"event_name":"conspire:Investor","player_choice":"Leave","floor":19.0,"gold_loss":0.0,"damage_taken":0.0},{"damage_healed":0.0,"max_hp_gain":0.0,"max_hp_loss":0.0,"gold_gain":0.0,"event_name":"∞Æµƒ…Ò •ª®‘∞","player_choice":"Choice 1","floor":25.0,"gold_loss":0.0,"damage_taken":0.0,"relics_obtained":["alterego_mod:FleetingLove"]},{"damage_healed":0,"gold_gain":0,"player_choice":"Paid","damage_taken":0,"relics_obtained":["Red Mask"],"max_hp_gain":0,"max_hp_loss":0,"event_name":"Tomb of Lord Red Mask","floor":38,"gold_loss":69},{"damage_healed":0,"gold_gain":0,"player_choice":"Memory 1","damage_taken":0,"max_hp_gain":0,"max_hp_loss":0,"event_name":"SensoryStone","floor":45,"gold_loss":0}],"is_beta":false,"boss_relics":[{"not_picked":["Runic Dome","Runic Pyramid"],"picked":"Replay:Wanted Poster"},{"not_picked":["Sozu","Runesmith:UraniumAnvil"],"picked":"conspire:SpecialSausage"}],"items_purged_floors":[20,27,29,37],"is_endless":false,"potions_floor_spawned":[1,3,5,10,18,33,36,40,42],"ascension_level":0}}