{"host":"uonldg9uriwfhjjx","time":1610264662,"event":{"mods":["AchievementEnabler","BaseMod","Minty Spire (QoL Compilation)","Relic Stats"],"gold_per_floor":[115,190,207,156,156,156,185,195,222,222,222,233,248,258,258,353,353,371,381,306,306,326,352,352,352],"floor_reached":24,"playtime":624,"items_purged":[],"score":328,"play_id":"b828d89d-b198-45cd-9dce-e1ccd23d7cba","local_time":"20210110024422","is_ascension_mode":true,"campfire_choices":[{"data":"Eruption","floor":6,"key":"SMITH"},{"data":"FlurryOfBlows","floor":10,"key":"SMITH"},{"data":"ForeignInfluence","floor":15,"key":"SMITH"}],"circlet_count":0,"master_deck":["Eruption+1","Vigilance","FearNoEvil+1","FlurryOfBlows+1","ClearTheMind+1","FollowUp","Crescendo","MentalFortress","ForeignInfluence+1","Establishment","TalkToTheHand","Vengeance","Nirvana","Vengeance","Wireheading","Indignation","Establishment","ClearTheMind","Vengeance","Crescendo"],"relics":["PureWater","NeowsBlessing","Bag of Marbles","Oddly Smooth Stone","Pandora\u0027s Box","White Beast Statue"],"acts_visited":["Exordium","TheCity"],"potions_floor_usage":[24,24,24],"damage_taken":[{"damage":0,"enemies":"2 Louse","floor":1,"turns":1},{"damage":0,"enemies":"Small Slimes","floor":3,"turns":1},{"damage":0,"enemies":"3 Sentries","floor":7,"turns":1},{"damage":2,"enemies":"Jaw Worm","floor":8,"turns":2},{"damage":0,"enemies":"Exordium Thugs","floor":12,"turns":1},{"damage":4,"enemies":"3 Louse","floor":13,"turns":2},{"damage":10,"enemies":"2 Fungi Beasts","floor":14,"turns":3},{"damage":25,"enemies":"Hexaghost","floor":16,"turns":9},{"damage":13,"enemies":"2 Thieves","floor":18,"turns":3},{"damage":0,"enemies":"Shell Parasite","floor":19,"turns":1},{"damage":18,"enemies":"Snecko","floor":22,"turns":4},{"damage":14,"enemies":"Book of Stabbing","floor":23,"turns":3},{"damage":28,"enemies":"Centurion and Healer","floor":24,"turns":2}],"seed_played":"-1060155216146216346","potions_obtained":[{"floor":7,"key":"StancePotion"},{"floor":12,"key":"Ancient Potion"},{"floor":14,"key":"Energy Potion"}],"is_trial":false,"path_per_floor":["M","?","M","$","?","R","E","M","T","R","?","M","M","M","R","B",null,"M","M","?","?","M","E","M"],"character_chosen":"WATCHER","items_purchased":["ClearTheMind"],"campfire_rested":0,"item_purchase_floors":[4],"current_hp_per_floor":[65,54,54,54,40,40,40,38,38,38,56,56,52,42,42,17,58,45,45,45,45,27,13,0,0],"gold":352,"neow_bonus":"THREE_ENEMY_KILL","is_daily":false,"chose_seed":false,"campfire_upgraded":3,"win_rate":0.0,"timestamp":1610264662,"path_taken":["M","?","M","$","?","R","E","M","T","R","?","?","M","M","R","BOSS","M","M","?","?","M","E","M"],"items_purchased_type":["Card"],"build_version":"2020-12-22","purchased_purges":0,"victory":false,"max_hp_per_floor":[72,72,72,72,72,72,72,72,72,72,72,72,72,72,72,72,72,72,72,69,69,69,69,69,69],"relic_stats":{"counters":[13,33],"Pandora\u0027s Box":["TalkToTheHand","Vengeance","Nirvana","Vengeance","Wireheading","Indignation","Wallop","Establishment"],"obtain_stats":[{"NeowsBlessing":0,"Oddly Smooth Stone":9,"Pandora\u0027s Box":17,"Bag of Marbles":7,"PureWater":0,"White Beast Statue":23},{"NeowsBlessing":0,"Oddly Smooth Stone":4,"Pandora\u0027s Box":8,"Bag of Marbles":3,"PureWater":0,"White Beast Statue":12},{"NeowsBlessing":0,"Oddly Smooth Stone":5,"Pandora\u0027s Box":20,"Bag of Marbles":3,"PureWater":0,"White Beast Statue":31}]},"card_choices":[{"not_picked":["BowlingBash","Consecrate"],"picked":"FearNoEvil","floor":1},{"not_picked":["Protect","FlyingSleeves"],"picked":"FlurryOfBlows","floor":3},{"not_picked":["Protect","Scrawl"],"picked":"FollowUp","floor":7},{"not_picked":["Study","ClearTheMind"],"picked":"Crescendo","floor":8},{"not_picked":["BattleHymn","ClearTheMind"],"picked":"MentalFortress","floor":12},{"not_picked":["EmptyFist","FlyingSleeves"],"picked":"ForeignInfluence","floor":13},{"not_picked":["SignatureMove","DeceiveReality","Protect"],"picked":"SKIP","floor":14},{"not_picked":["Brilliance","LessonLearned"],"picked":"Establishment","floor":16},{"not_picked":["SashWhip","Conclude","CutThroughFate+1"],"picked":"SKIP","floor":18},{"not_picked":["FollowUp+1","EmptyMind"],"picked":"ClearTheMind","floor":19},{"not_picked":["ReachHeaven+1","FearNoEvil+1"],"picked":"Vengeance","floor":22},{"not_picked":["Halt","SashWhip+1"],"picked":"Crescendo","floor":23}],"player_experience":763951,"relics_obtained":[{"floor":7,"key":"Bag of Marbles"},{"floor":9,"key":"Oddly Smooth Stone"},{"floor":23,"key":"White Beast Statue"}],"event_choices":[{"damage_healed":0,"gold_gain":75,"player_choice":"Gather Gold","damage_taken":11,"max_hp_gain":0,"max_hp_loss":0,"event_name":"World of Goop","floor":2,"gold_loss":0},{"damage_healed":0,"gold_gain":0,"player_choice":"Entered Light","damage_taken":14,"max_hp_gain":0,"max_hp_loss":0,"event_name":"Shining Light","floor":5,"gold_loss":0,"cards_upgraded":["ClearTheMind","FearNoEvil"]},{"damage_healed":18,"gold_gain":0,"player_choice":"Healed and dodged fight","damage_taken":0,"max_hp_gain":0,"max_hp_loss":0,"event_name":"Mushrooms","floor":11,"gold_loss":0,"cards_obtained":["Parasite"]},{"cards_removed":["Parasite"],"damage_healed":0,"gold_gain":0,"player_choice":"Gave Gold","damage_taken":0,"max_hp_gain":0,"max_hp_loss":0,"event_name":"Beggar","floor":20,"gold_loss":75},{"cards_removed":["Wallop"],"damage_healed":0,"gold_gain":0,"player_choice":"Elegance","damage_taken":0,"max_hp_gain":0,"max_hp_loss":0,"event_name":"Back to Basics","floor":21,"gold_loss":0}],"is_beta":false,"boss_relics":[{"not_picked":["Velvet Choker","SlaversCollar"],"picked":"Pandora\u0027s Box"}],"items_purged_floors":[],"is_endless":false,"potions_floor_spawned":[7,12,14,16,22],"killed_by":"Centurion and Healer","ascension_level":7}}