{"host":"minbhrtlkaoly5f0","time":1610244505,"event":{"mods":["Act Like it!","BaseMod","Colored Map","Colored Powertips","Lobotomy","LobotomyExtend","Luminous","Minty Spire (QoL Compilation)","Quick Restart","StSLib"],"gold_per_floor":[112,122,122,47,58,58,89,39,39,55,80,92,92,102,102,207,207,219,239,257,270,284,314,314,314,314,314,314,374,374,374,374],"floor_reached":31,"playtime":1237,"items_purged":["Normality"],"score":269,"play_id":"7c727a70-9d23-4ab4-bfcd-ad5f3e432d7a","local_time":"20210110100825","is_ascension_mode":false,"campfire_choices":[],"circlet_count":0,"master_deck":["SpecialBullet","SpecialBullet","SpecialBullet","SpecialBullet","SpecialBullet","SpecialBullet","SpecialBullet","ControlCode","InformationCode","SecurityCode","Mimicry","UniverseFragment","RapturousDream+1","Scarecrow","Ecstasy","Spore+1","TrainingCode","LifeForTheDareDevil","OSAHOGD","Heaven","OldLady","Heaven","Justitia","CurseOfTheBell","WelfareCode","WallGazer","DisciplinaryCode","SilentOrchestra","Tough","Beak","GreedKing","MagicBullet+1"],"relics":["CogitoBucket","LetterFromLob","Strawberry","Kunai","War Paint","ChangeAnything","Calling Bell","Bag of Preparation","Shuriken","StoneCalendar","BackwardClock","RedMistMask","Matryoshka","InkBottle","Darkstone Periapt"],"acts_visited":["Exordium","TheCity"],"potions_floor_usage":[16,16,20,20,29],"damage_taken":[{"damage":0,"enemies":"Small Slimes","floor":1,"turns":3},{"damage":0,"enemies":"2 Louse","floor":2,"turns":3},{"damage":0,"enemies":"Cultist","floor":5,"turns":2},{"damage":6,"enemies":"Gremlin Nob","floor":7,"turns":4},{"damage":14,"enemies":"3 Louse","floor":10,"turns":3},{"damage":26,"enemies":"3 Sentries","floor":11,"turns":5},{"damage":12,"enemies":"Exordium Wildlife","floor":12,"turns":3},{"damage":1,"enemies":"Blue Slaver","floor":14,"turns":2},{"damage":13,"enemies":"The Guardian","floor":16,"turns":4},{"damage":17,"enemies":"3 Byrds","floor":18,"turns":3},{"damage":2,"enemies":"Chosen","floor":19,"turns":2},{"damage":0,"enemies":"Centurion and Healer","floor":20,"turns":2},{"damage":2,"enemies":"Snecko","floor":21,"turns":3},{"damage":6,"enemies":"Cultist and Chosen","floor":22,"turns":3},{"damage":2,"enemies":"3 Cultists","floor":23,"turns":2},{"damage":19,"enemies":"Book of Stabbing","floor":29,"turns":4},{"damage":79,"enemies":"Centurion and Healer","floor":31,"turns":4}],"seed_played":"-3398506842913874611","potions_obtained":[{"floor":7,"key":"SneckoOil"},{"floor":12,"key":"Swift Potion"},{"floor":18,"key":"FearPotion"},{"floor":19,"key":"SpeedPotion"},{"floor":23,"key":"Explosive Potion"}],"is_trial":false,"path_per_floor":["M","M","M","$","M","R","E","?","T","M","E","M","R","M","R","B",null,"M","M","M","M","M","M","R","?","T","R","T","E","R","M"],"character_chosen":"Angela","items_purchased":[],"campfire_rested":0,"item_purchase_floors":[],"current_hp_per_floor":[70,70,70,70,70,70,77,77,77,71,55,47,47,50,50,45,77,60,70,77,77,71,76,76,77,77,77,77,62,62,0,0],"gold":374,"neow_bonus":"THREE_RARE_CARDS","is_daily":false,"chose_seed":false,"campfire_upgraded":0,"win_rate":0.0,"timestamp":1610244505,"path_taken":["M","M","M","$","M","R","E","?","T","M","E","M","R","M","R","BOSS","M","M","M","?","M","M","R","?","T","R","?","E","R","M"],"items_purchased_type":[],"build_version":"2020-12-22","purchased_purges":1,"victory":false,"max_hp_per_floor":[70,70,70,70,70,70,77,77,77,77,77,77,77,77,77,77,77,77,77,77,77,77,77,77,77,77,77,77,77,77,77,77],"card_choices":[{"not_picked":["Adoration","GoldRush"],"picked":"Mimicry","floor":0},{"not_picked":["MeatLantern","DreamingCurrent"],"picked":"UniverseFragment","floor":1},{"not_picked":["FrostShard"],"picked":"RapturousDream","floor":1},{"not_picked":["Laetitia","VoidDream"],"picked":"Scarecrow","floor":2},{"not_picked":["CUTE"],"picked":"Ecstasy","floor":2},{"not_picked":["Penitence","Heaven"],"picked":"SKIP","floor":5},{"not_picked":["SomewhereSpear"],"picked":"Spore","floor":7},{"not_picked":["ScreamingWedge"],"picked":"LifeForTheDareDevil","floor":10},{"not_picked":["VoidDream","CherryBlossoms"],"picked":"OSAHOGD","floor":10},{"not_picked":["RedEyes"],"picked":"Heaven","floor":11},{"not_picked":["FieryBird","HappyTeddy"],"picked":"OldLady","floor":12},{"not_picked":["RapturousDream","Hypocrisy"],"picked":"SKIP","floor":12},{"not_picked":["Lantern"],"picked":"Heaven","floor":14},{"not_picked":["Pinks"],"picked":"Justitia","floor":16},{"not_picked":["Reverberation","GrinderMk4+1"],"picked":"SKIP","floor":18},{"not_picked":["Scorched","Yin"],"picked":"WallGazer","floor":19},{"not_picked":["Penitence","RedEyes"],"picked":"SKIP","floor":19},{"not_picked":["FourthMatchFlame","SomewhereSpear+1"],"picked":"SKIP","floor":20},{"not_picked":["Scorched","LittleHelper"],"picked":"SilentOrchestra","floor":21},{"not_picked":["Amita+1"],"picked":"Tough","floor":21},{"not_picked":["Regret_ego"],"picked":"Beak","floor":22},{"not_picked":["QueenBee","ShyLook"],"picked":"GreedKing","floor":23},{"not_picked":["FourthMatchFlame"],"picked":"MagicBullet+1","floor":23},{"not_picked":["Diffraction","SomewhereSpear"],"picked":"SKIP","floor":29}],"player_experience":37670,"relics_obtained":[{"floor":1,"key":"LetterFromLob"},{"floor":7,"key":"Strawberry"},{"floor":9,"key":"Kunai"},{"floor":11,"key":"War Paint"},{"floor":17,"key":"Bag of Preparation"},{"floor":17,"key":"Shuriken"},{"floor":17,"key":"StoneCalendar"},{"floor":23,"key":"RedMistMask"},{"floor":26,"key":"Matryoshka"},{"floor":28,"key":"InkBottle"},{"floor":29,"key":"Darkstone Periapt"}],"event_choices":[{"cards_removed":["SpecialBullet"],"damage_healed":0,"gold_gain":0,"player_choice":"Card Removal","damage_taken":0,"max_hp_gain":0,"max_hp_loss":0,"event_name":"The Cleric","floor":8,"gold_loss":50},{"damage_healed":25,"gold_gain":0,"player_choice":"Heal","damage_taken":0,"max_hp_gain":0,"max_hp_loss":0,"event_name":"The Library","floor":25,"gold_loss":0}],"is_beta":false,"boss_relics":[{"not_picked":["Runic Pyramid","Sozu"],"picked":"Calling Bell"}],"items_purged_floors":[4],"is_endless":false,"potions_floor_spawned":[7,12,18,19,23],"killed_by":"Centurion and Healer","ascension_level":0}}