{"host":"mydft8i2zzydgggw","time":1610290601,"event":{"mods":["AchievementEnabler","BaseMod","BetterRewards","Colored Map","Colored Powertips","DeckTracker","Keyboard Shortcuts","Minty Spire (QoL Compilation)","Quick Restart","Rare Cards Sparkle","StSLib","SuperFastMode","The Poker Player","everything is the same but u backflip on backflip"],"gold_per_floor":[118,43,58,75,88,120,120,137,137,157,182,182,198,210,210,306,306,323,12,111,125,125,125,141,141,141,170,182,212,224,224],"floor_reached":30,"playtime":778,"items_purged":["Defend_B"],"score":379,"play_id":"3281c871-ee3f-4ef4-b640-c170e21d9b39","local_time":"20210110235641","is_ascension_mode":true,"campfire_choices":[{"data":"Coolheaded","floor":7,"key":"SMITH"},{"data":"Coolheaded","floor":12,"key":"SMITH"},{"data":"Darkness","floor":15,"key":"SMITH"},{"floor":23,"key":"DIG"},{"floor":25,"key":"DIG"},{"floor":28,"key":"DIG"}],"circlet_count":0,"master_deck":["Strike_B","Strike_B+1","Defend_B","Defend_B","Defend_B","Zap","Dualcast","Skim","Doom and Gloom","Glacier","Genetic Algorithm","Turbo","Core Surge+1","Coolheaded+1","Darkness+1","Coolheaded+1","Go for the Eyes","Electrodynamics","Auto Shields+1","Recycle","Buffer"],"relics":["Cracked Core","Regal Pillow","Whetstone","Smiling Mask","Sozu","Shovel","Mercury Hourglass","Gremlin Horn","Darkstone Periapt","MawBank","Oddly Smooth Stone"],"acts_visited":["Exordium","TheCity"],"potions_floor_usage":[6,11,11,16,30,30],"damage_taken":[{"damage":1,"enemies":"Cultist","floor":1,"turns":3},{"damage":1,"enemies":"Jaw Worm","floor":3,"turns":3},{"damage":6,"enemies":"2 Louse","floor":4,"turns":3},{"damage":2,"enemies":"Blue Slaver","floor":5,"turns":4},{"damage":0,"enemies":"3 Sentries","floor":6,"turns":6},{"damage":7,"enemies":"Exordium Thugs","floor":8,"turns":4},{"damage":8,"enemies":"Gremlin Gang","floor":10,"turns":5},{"damage":16,"enemies":"Gremlin Nob","floor":11,"turns":3},{"damage":0,"enemies":"Large Slime","floor":13,"turns":4},{"damage":0,"enemies":"3 Louse","floor":14,"turns":2},{"damage":1,"enemies":"Slime Boss","floor":16,"turns":7},{"damage":3,"enemies":"3 Byrds","floor":18,"turns":4},{"damage":12,"enemies":"2 Thieves","floor":21,"turns":3},{"damage":0,"enemies":"Cultist and Chosen","floor":24,"turns":3},{"damage":0,"enemies":"Shelled Parasite and Fungi","floor":27,"turns":7},{"damage":9,"enemies":"3 Cultists","floor":29,"turns":3},{"damage":37,"enemies":"Book of Stabbing","floor":30,"turns":4}],"seed_played":"86229129132212443","potions_obtained":[{"floor":1,"key":"GamblersBrew"},{"floor":3,"key":"DistilledChaos"},{"floor":6,"key":"ColorlessPotion"},{"floor":10,"key":"SteroidPotion"},{"floor":14,"key":"SteroidPotion"},{"floor":16,"key":"SpeedPotion"}],"is_trial":false,"path_per_floor":["M","$","M","M","M","E","R","M","T","M","E","R","M","M","R","B",null,"M","$","?","M","T","R","M","R","T","M","R","M","E"],"character_chosen":"DEFECT","items_purchased":["Shovel"],"campfire_rested":0,"item_purchase_floors":[19],"current_hp_per_floor":[67,67,66,60,58,58,58,51,51,43,27,27,27,27,27,26,58,55,55,55,43,43,43,43,43,43,43,43,34,0,0],"gold":224,"neow_bonus":"TRANSFORM_TWO_CARDS","is_daily":false,"chose_seed":false,"campfire_upgraded":3,"win_rate":0.0,"timestamp":1610290601,"path_taken":["M","?","?","M","M","E","R","M","T","M","E","R","M","M","R","BOSS","M","$","?","M","?","R","M","R","T","M","R","M","E"],"items_purchased_type":["Relic"],"build_version":"2020-12-22","purchased_purges":1,"victory":false,"max_hp_per_floor":[68,68,68,68,68,68,68,68,68,68,68,68,68,68,68,68,68,68,68,68,68,68,68,68,68,68,68,68,68,68,68],"card_choices":[{"not_picked":["Chill","Redo"],"picked":"Glacier","floor":1},{"not_picked":["Hologram","Redo"],"picked":"Genetic Algorithm","floor":3},{"not_picked":["Chaos","Stack"],"picked":"Turbo","floor":4},{"not_picked":["Steam","Leap"],"picked":"Core Surge","floor":5},{"not_picked":["Rebound","Self Repair"],"picked":"Coolheaded","floor":6},{"not_picked":["White Noise","Capacitor"],"picked":"Darkness","floor":8},{"not_picked":["Reprogram","Self Repair","Turbo"],"picked":"SKIP","floor":10},{"not_picked":["Streamline","Aggregate"],"picked":"Coolheaded","floor":11},{"not_picked":["Glacier","Hologram"],"picked":"Go for the Eyes","floor":13},{"not_picked":["Streamline","Sweeping Beam","Go for the Eyes"],"picked":"SKIP","floor":14},{"not_picked":["Amplify","Core Surge"],"picked":"Electrodynamics","floor":16},{"not_picked":["Heatsinks","Streamline","Go for the Eyes"],"picked":"SKIP","floor":18},{"not_picked":["Tempest","Self Repair","Sweeping Beam+1"],"picked":"SKIP","floor":21},{"not_picked":["Steam+1","Rebound"],"picked":"Auto Shields+1","floor":24},{"not_picked":["Cold Snap","Stack"],"picked":"Recycle","floor":27},{"not_picked":["Coolheaded+1","Compile Driver"],"picked":"Buffer","floor":29}],"player_experience":164271,"relics_obtained":[{"floor":6,"key":"Regal Pillow"},{"floor":9,"key":"Whetstone"},{"floor":11,"key":"Smiling Mask"},{"floor":22,"key":"Mercury Hourglass"},{"floor":23,"key":"Gremlin Horn"},{"floor":25,"key":"Darkstone Periapt"},{"floor":26,"key":"MawBank"},{"floor":28,"key":"Oddly Smooth Stone"}],"event_choices":[{"damage_healed":0,"gold_gain":99,"player_choice":"Stole From Cult","damage_taken":0,"max_hp_gain":0,"max_hp_loss":0,"event_name":"Nest","floor":20,"gold_loss":0}],"is_beta":false,"boss_relics":[{"not_picked":["Snecko Eye","Velvet Choker"],"picked":"Sozu"}],"items_purged_floors":[2],"is_endless":false,"potions_floor_spawned":[1,3,6,10,14,16,24,27,29],"killed_by":"Book of Stabbing","ascension_level":8}}