{"host":"3y2rtlgteqp2nuo3","time":1610267090,"event":{"mods":["2.2 Compatiblity","AchievementEnabler","BaseMod","Colored Map","DeckTracker","Highlight Path","Keyboard Shortcuts","Minty Spire (QoL Compilation)","Permanent Neow","Quick Restart","StSLib","SuperFastMode","everything is the same but u backflip on backflip"],"gold_per_floor":[113,13,27,27,38,38,69,86,109,109,124,124,144,144,144,242,242,258,1,1,15,15,15,35,50,50,50,63,63,63,63,63,166,166,181,206,206,219,235,235,263,277,277,277,287,304,304,304],"floor_reached":47,"playtime":1395,"items_purged":["Strike_G","Strike_G"],"score":620,"play_id":"df5a92e1-a6ec-4e5b-9a00-4e5ef45d50c9","local_time":"20210110172450","is_ascension_mode":true,"campfire_choices":[{"data":"Poisoned Stab","floor":6.0,"key":"SMITH"},{"data":"Blade Dance","floor":10.0,"key":"SMITH"},{"data":"Phantasmal Killer","floor":12.0,"key":"SMITH"},{"data":"Calculated Gamble","floor":15.0,"key":"SMITH"},{"floor":23.0,"key":"REST"},{"floor":30.0,"key":"REST"},{"data":"Terror","floor":32.0,"key":"SMITH"},{"floor":40.0,"key":"REST"},{"floor":44.0,"key":"REST"}],"circlet_count":0,"master_deck":["Defend_G","Defend_G","Defend_G","Defend_G","Defend_G","Survivor","Neutralize+1","Finisher+1","Tactician+1","PiercingWail+1","Blade Dance+1","Poisoned Stab+1","Dodge and Roll","Escape Plan","Phantasmal Killer+1","Calculated Gamble+1","Envenom","Blade Dance+1","Dagger Spray","Backflip","Noxious Fumes","Backstab+1","Terror+1","Calculated Gamble","Adrenaline","Leg Sweep+1","After Image","Prepared+1","Corpse Explosion","Outmaneuver+1"],"relics":["Astrolabe","Dream Catcher","Potion Belt","WristBlade","Sling","Regal Pillow","Blue Candle","Philosopher\u0027s Stone","Pen Nib","Sundial","Darkstone Periapt","Tingsha"],"acts_visited":["Exordium","TheCity","TheBeyond"],"potions_floor_usage":[47],"damage_taken":[{"damage":1.0,"enemies":"2 Louse","floor":1.0,"turns":5.0},{"damage":1.0,"enemies":"Jaw Worm","floor":3.0,"turns":2.0},{"damage":4.0,"enemies":"Small Slimes","floor":5.0,"turns":4.0},{"damage":12.0,"enemies":"Gremlin Nob","floor":7.0,"turns":4.0},{"damage":4.0,"enemies":"Red Slaver","floor":8.0,"turns":4.0},{"damage":0.0,"enemies":"2 Fungi Beasts","floor":11.0,"turns":4.0},{"damage":0.0,"enemies":"Looter","floor":13.0,"turns":4.0},{"damage":39.0,"enemies":"Slime Boss","floor":16.0,"turns":9.0},{"damage":14.0,"enemies":"3 Byrds","floor":18.0,"turns":4.0},{"damage":1.0,"enemies":"Chosen","floor":21.0,"turns":3.0},{"damage":13.0,"enemies":"Centurion and Healer","floor":24.0,"turns":5.0},{"damage":5.0,"enemies":"Chosen and Byrds","floor":25.0,"turns":5.0},{"damage":27.0,"enemies":"Snake Plant","floor":28.0,"turns":4.0},{"damage":55.0,"enemies":"Collector","floor":33.0,"turns":8.0},{"damage":32.0,"enemies":"3 Darklings","floor":35.0,"turns":5.0},{"damage":11.0,"enemies":"Orb Walker","floor":38.0,"turns":3.0},{"damage":7.0,"enemies":"Sphere and 2 Shapes","floor":39.0,"turns":6.0},{"damage":1.0,"enemies":"Nemesis","floor":41.0,"turns":5.0},{"damage":14.0,"enemies":"Transient","floor":42.0,"turns":5.0},{"damage":4.0,"enemies":"3 Darklings","floor":45.0,"turns":3.0},{"damage":19.0,"enemies":"Writhing Mass","floor":46.0,"turns":4.0},{"damage":45,"enemies":"Reptomancer","floor":47,"turns":3}],"seed_played":"685749357757369664","potions_obtained":[{"floor":3.0,"key":"Fire Potion"},{"floor":8.0,"key":"ColorlessPotion"},{"floor":16.0,"key":"Dexterity Potion"},{"floor":21.0,"key":"Fire Potion"},{"floor":31.0,"key":"EssenceOfSteel"},{"floor":31.0,"key":"PowerPotion"},{"floor":31.0,"key":"GhostInAJar"},{"floor":33.0,"key":"AttackPotion"},{"floor":42.0,"key":"Fire Potion"},{"floor":45.0,"key":"BlessingOfTheForge"},{"floor":46.0,"key":"Fire Potion"}],"is_trial":false,"path_per_floor":["M","$","M","?","M","R","E","M","T","R","M","R","M","?","R","B",null,"M","$","?","M","$","R","M","M","T","?","M","?","R","?","R","B",null,"M","T","T","M","M","R","E","M","T","R","M","M","E"],"character_chosen":"THE_SILENT","items_purchased":["Poisoned Stab","Sling"],"campfire_rested":4,"item_purchase_floors":[2,19],"current_hp_per_floor":[62,62,61,61,57,57,45,41,41,41,41,41,41,46,46,7,58,44,44,44,43,43,75,62,57,57,57,30,30,67,67,67,12,59,27,27,27,16,9,46,45,31,31,68,64,45,0,0],"gold":304,"neow_bonus":"BOSS_RELIC","is_daily":false,"chose_seed":false,"campfire_upgraded":5,"win_rate":0.0,"timestamp":1610267090,"path_taken":["M","$","M","?","M","R","E","M","T","R","M","R","M","?","R","BOSS","M","$","?","?","$","R","M","M","T","?","M","?","R","?","R","BOSS","M","?","?","M","M","R","E","M","T","R","M","M","E"],"items_purchased_type":["Card","Relic"],"build_version":"2020-12-22","purchased_purges":2,"victory":false,"max_hp_per_floor":[70,70,70,70,70,70,70,70,70,70,70,70,70,75,75,75,75,75,75,75,75,75,75,75,75,75,75,75,75,75,75,75,75,75,75,75,75,75,75,75,75,75,75,75,75,75,75,75],"card_choices":[{"not_picked":["Backflip","Accuracy"],"picked":"Blade Dance","floor":1.0},{"not_picked":["Quick Slash","Caltrops","Prepared"],"picked":"SKIP","floor":3.0},{"not_picked":["Slice","Setup"],"picked":"Dodge and Roll","floor":5.0},{"not_picked":["Bane","Catalyst","Blur"],"picked":"SKIP","floor":7.0},{"not_picked":["Skewer","PiercingWail"],"picked":"Escape Plan","floor":8.0},{"not_picked":["Underhanded Strike","Acrobatics"],"picked":"Phantasmal Killer","floor":11.0},{"not_picked":["Bane","Backflip"],"picked":"Calculated Gamble","floor":13.0},{"not_picked":["Corpse Explosion","Adrenaline"],"picked":"Envenom","floor":16.0},{"not_picked":["Backflip","Eviscerate"],"picked":"Blade Dance+1","floor":18.0},{"not_picked":["Bouncing Flask","Quick Slash"],"picked":"Dagger Spray","floor":21.0},{"not_picked":["Sucker Punch","Poisoned Stab+1"],"picked":"Backflip","floor":23.0},{"not_picked":["Concentrate","Poisoned Stab","Setup"],"picked":"SKIP","floor":24.0},{"not_picked":["Quick Slash","Concentrate"],"picked":"Noxious Fumes","floor":25.0},{"not_picked":["Dagger Throw","Cloak And Dagger"],"picked":"Backstab+1","floor":28.0},{"not_picked":["Prepared","Deflect"],"picked":"Calculated Gamble","floor":30.0},{"not_picked":["Night Terror","Storm of Steel"],"picked":"Adrenaline","floor":33.0},{"not_picked":["Quick Slash+1","Slice"],"picked":"Leg Sweep+1","floor":35.0},{"not_picked":["Outmaneuver+1","Leg Sweep+1"],"picked":"After Image","floor":38.0},{"not_picked":["Backflip","Underhanded Strike+1","Flying Knee"],"picked":"SKIP","floor":39.0},{"not_picked":["Eviscerate","Expertise"],"picked":"Prepared+1","floor":40.0},{"not_picked":["Bouncing Flask+1","Quick Slash"],"picked":"Corpse Explosion","floor":41.0},{"not_picked":["Flechettes","Leg Sweep"],"picked":"Outmaneuver+1","floor":42.0},{"not_picked":["Deadly Poison","Deflect","Endless Agony+1"],"picked":"SKIP","floor":45.0},{"not_picked":["Flying Knee+1","Outmaneuver+1","Caltrops+1"],"picked":"SKIP","floor":46.0}],"player_experience":669654,"relics_obtained":[{"floor":7.0,"key":"Dream Catcher"},{"floor":9.0,"key":"Potion Belt"},{"floor":26.0,"key":"Blue Candle"},{"floor":36.0,"key":"Pen Nib"},{"floor":37.0,"key":"Sundial"},{"floor":41.0,"key":"Darkstone Periapt"},{"floor":43.0,"key":"Tingsha"}],"event_choices":[{"damage_healed":0.0,"max_hp_gain":0.0,"max_hp_loss":0.0,"gold_gain":0.0,"event_name":"Living Wall","player_choice":"Grow","floor":4.0,"gold_loss":0.0,"damage_taken":0.0,"cards_upgraded":["Neutralize"]},{"damage_healed":0.0,"max_hp_gain":5.0,"max_hp_loss":0.0,"gold_gain":0.0,"event_name":"Big Fish","player_choice":"Donut","floor":14.0,"gold_loss":0.0,"damage_taken":0.0},{"damage_healed":0.0,"max_hp_gain":0.0,"max_hp_loss":0.0,"gold_gain":0.0,"event_name":"WeMeetAgain","player_choice":"Gave Potion","floor":20.0,"gold_loss":0.0,"damage_taken":0.0,"relics_obtained":["Regal Pillow"]},{"damage_healed":0.0,"max_hp_gain":0.0,"max_hp_loss":0.0,"gold_gain":0.0,"event_name":"Cursed Tome","player_choice":"Ignored","floor":27.0,"gold_loss":0.0,"damage_taken":0.0},{"damage_healed":0.0,"max_hp_gain":0.0,"max_hp_loss":0.0,"gold_gain":0.0,"event_name":"The Library","player_choice":"Read","floor":29.0,"gold_loss":0.0,"damage_taken":0.0,"cards_obtained":["Terror"]},{"damage_healed":0.0,"max_hp_gain":0.0,"max_hp_loss":0.0,"gold_gain":0.0,"event_name":"Lab","player_choice":"Got Potions","floor":31.0,"gold_loss":0.0,"damage_taken":0.0}],"is_beta":false,"boss_relics":[{"not_picked":["HoveringKite","Runic Pyramid"],"picked":"WristBlade"},{"not_picked":["Runic Dome","Busted Crown"],"picked":"Philosopher\u0027s Stone"}],"items_purged_floors":[2,19],"is_endless":false,"potions_floor_spawned":[3,8,16,21,33,42,45,46],"killed_by":"Reptomancer","ascension_level":7}}