{"host":"dzit4ljil6490tuf","time":1610244440,"event":{"mods":["BaseMod","Downfall","Hermit","Hubris","Marisa????????","Minty Spire (QoL Compilation)","StSLib","The Cursed","The Runesmith","The Servant 0.9.4"],"gold_per_floor":[99,109,127,15,15,28,28,28,28,56,18,50,50,69,81,184,184,184,200,200,211,27,53,80,80,98,114,114,114,114,114,132,236,286,286,304,203,220,28,44,68,68,68,68,87,114,114,114,131,131],"floor_reached":51,"playtime":3495,"items_purged":["Guardian:Strike_Guardian","Guardian:Strike_Guardian"],"score":738,"play_id":"eea68ac1-0345-4dbb-8532-74e25a42131c","local_time":"20210110030720","is_ascension_mode":true,"campfire_choices":[{"floor":13,"key":"REST"},{"data":"Guardian:PrismaticBeam","floor":18,"key":"SMITH"},{"floor":29,"key":"REST"},{"data":"Guardian:BaubleBeam","floor":42,"key":"SMITH"},{"data":"Guardian:WalkerClaw","floor":47,"key":"SMITH"},{"floor":48,"key":"REST"}],"circlet_count":0,"master_deck":["Guardian:Strike_Guardian","Guardian:Strike_Guardian","Guardian:Defend_Guardian","Guardian:Defend_Guardian","Guardian:Defend_Guardian","Guardian:CurlUp","Guardian:TwinSlam","Guardian:PrismaticBarrier+1","Guardian:WalkerClaw+1","Guardian:Reroute","Guardian:GuardianWhirl","Guardian:CrystalBeam","Guardian:SentryBeam","Guardian:PrismaticBeam+1","Guardian:Clone","Guardian:BronzeOrb","Guardian:VentSteam+1","Guardian:ShieldCharger","Guardian:Orbwalk","Guardian:ChargeCore","Guardian:Incinerate","Guardian:ChargeUp","Guardian:RollAttack","Guardian:PiercingHide","Guardian:BaubleBeam+1","Guardian:BronzeArmor","Guardian:TemporalStrike","Guardian:TemporalShield+1","Guardian:WalkerClaw+1","Guardian:FierceBash","Guardian:TimeCapacitor+1"],"relics":["Guardian:ModeShifter","Guardian:PickAxe","Juzu Bracelet","hubris:OldNail","Anchor","Runic Pyramid","Blue Candle","Blood Vial","hubris:GlazedTorus","Tiny House","hubris:SphereOfDissonance","Pen Nib","Bag of Preparation","Centennial Puzzle","Bottled Tornado"],"acts_visited":["Exordium","TheCity","TheBeyond"],"potions_floor_usage":[12,22,23,37,37,46,46,50,50],"damage_taken":[{"damage":7,"enemies":"Jaw Worm","floor":2,"turns":4},{"damage":0,"enemies":"Cultist","floor":3,"turns":4},{"damage":4,"enemies":"downfall:FleeingMerchant","floor":4,"turns":4},{"damage":0,"enemies":"2 Louse","floor":6,"turns":2},{"damage":25,"enemies":"3 Sentries","floor":10,"turns":9},{"damage":15,"enemies":"downfall:FleeingMerchant","floor":11,"turns":4},{"damage":5,"enemies":"Lagavulin","floor":12,"turns":6},{"damage":0,"enemies":"Blue Slaver","floor":14,"turns":2},{"damage":0,"enemies":"Red Slaver","floor":15,"turns":2},{"damage":16,"enemies":"downfall:Watcher","floor":16,"turns":8},{"damage":0,"enemies":"3 Byrds","floor":19,"turns":3},{"damage":2,"enemies":"Shell Parasite","floor":21,"turns":5},{"damage":0,"enemies":"downfall:FleeingMerchant","floor":22,"turns":4},{"damage":10,"enemies":"Book of Stabbing","floor":23,"turns":4},{"damage":5,"enemies":"Snake Plant","floor":26,"turns":3},{"damage":15,"enemies":"Snecko","floor":27,"turns":4},{"damage":12,"enemies":"Centurion and Healer","floor":32,"turns":5},{"damage":18,"enemies":"downfall:Silent","floor":33,"turns":7},{"damage":6,"enemies":"3 Darklings","floor":36,"turns":4},{"damage":4,"enemies":"downfall:FleeingMerchant","floor":37,"turns":4},{"damage":13,"enemies":"3 Shapes","floor":38,"turns":3},{"damage":0,"enemies":"Maw","floor":40,"turns":5},{"damage":0,"enemies":"Jaw Worm Horde","floor":45,"turns":4},{"damage":15,"enemies":"Reptomancer","floor":46,"turns":7},{"damage":24,"enemies":"Spire Growth","floor":49,"turns":3},{"damage":24,"enemies":"downfall:Defect","floor":50,"turns":6}],"seed_played":"8739405802993673119","potions_obtained":[{"floor":2,"key":"SteroidPotion"},{"floor":3,"key":"SkillPotion"},{"floor":6,"key":"Guardian:AcceleratePotion"},{"floor":15,"key":"Weak Potion"},{"floor":19,"key":"DuplicationPotion"},{"floor":23,"key":"DistilledChaos"},{"floor":34,"key":"Guardian:BlockOnCardUsePotion"},{"floor":40,"key":"Weak Potion"},{"floor":46,"key":"EssenceOfSteel"}],"is_trial":false,"path_per_floor":["R","M","M","$","?","M","T","R","?","E","$","E","R","M","M","B",null,"R","M","?","M","$","E","T","?","M","M","?","R","?","?","M","B",null,"R","M","$","M","$","M","T","R","?","?","M","E","R","R","M","B",null],"character_chosen":"GUARDIAN","items_purchased":["Guardian:WalkerClaw","Guardian:Gem_Green","Guardian:CrystalBeam","Guardian:Orbwalk","Guardian:ChargeCore","hubris:SphereOfDissonance","Guardian:Gem_Cyan","Block Potion","Guardian:TemporalStrike","Pen Nib"],"campfire_rested":3,"item_purchase_floors":[4,4,11,22,22,37,37,37,39,39],"current_hp_per_floor":[80,73,73,69,69,69,69,69,69,44,29,24,48,48,48,32,80,80,80,80,78,78,68,68,68,65,52,52,76,76,76,66,50,85,85,79,77,66,66,68,68,68,71,74,76,63,63,85,61,39],"gold":131,"neow_bonus":"RANDOM_COMMON_RELIC","is_daily":false,"chose_seed":false,"campfire_upgraded":3,"win_rate":0.0,"timestamp":1610244440,"path_taken":["R","M","M","$","?","?","T","R","?","E","?","E","R","M","M","BOSS","R","M","?","M","$","E","T","?","M","M","?","R","?","?","M","BOSS","R","M","$","M","$","M","T","R","?","?","M","E","R","R","M","BOSS"],"items_purchased_type":["Card","Card","Card","Card","Card","Relic","Card","Potion","Card","Relic"],"build_version":"2020-12-22","purchased_purges":2,"victory":true,"max_hp_per_floor":[80,80,80,80,80,80,80,80,80,80,80,80,80,80,80,80,80,80,80,80,80,80,80,80,80,80,80,80,80,80,80,80,80,85,85,85,85,85,85,85,85,85,85,85,85,85,85,85,85,85],"card_choices":[{"not_picked":["Guardian:ChargeCore","Guardian:Gem_Fragmented"],"picked":"Guardian:Gem_Blue","floor":2},{"not_picked":["Guardian:Gem_Lightblue","Guardian:Clone"],"picked":"Guardian:Preprogram","floor":3},{"not_picked":["Guardian:Gem_Lightblue","Guardian:CrystalBeam"],"picked":"Guardian:PrismaticBarrier","floor":4},{"not_picked":["Guardian:Gem_Cyan","Guardian:TemporalShield"],"picked":"Guardian:Reroute","floor":6},{"not_picked":["Guardian:ArmoredProtocol","Guardian:TemporalShield"],"picked":"Guardian:Gem_Green","floor":10},{"not_picked":["Guardian:FastForward","Guardian:DonusPower"],"picked":"Guardian:GuardianWhirl","floor":11},{"not_picked":["Guardian:VentSteam","Guardian:PrismaticBarrier"],"picked":"Guardian:Gem_Crimson","floor":12},{"not_picked":["Guardian:Gem_Lightblue","Guardian:GuardianWhirl"],"picked":"Guardian:SentryBeam","floor":14},{"not_picked":["Guardian:CrystalBeam","Guardian:Gem_Red"],"picked":"Guardian:PrismaticBeam","floor":15},{"not_picked":["Guardian:GemFinder","Guardian:ExploitGems"],"picked":"Guardian:Gem_Synthetic","floor":16},{"not_picked":["Guardian:RefractedBeam","Guardian:RollAttack"],"picked":"Guardian:Clone","floor":19},{"not_picked":["Guardian:Gem_Green","Guardian:Reroute"],"picked":"Guardian:VentSteam+1","floor":21},{"not_picked":["Guardian:CrystalBeam","Guardian:GemFinder"],"picked":"Guardian:ShieldCharger","floor":22},{"not_picked":["Guardian:WalkerClaw","Guardian:CrystalBeam"],"picked":"Guardian:Incinerate","floor":23},{"not_picked":["Guardian:RollAttack+1","Guardian:Gem_Lightblue"],"picked":"Guardian:ChargeUp","floor":26},{"not_picked":["Guardian:DecasProtection","Guardian:Gem_Cyan"],"picked":"Guardian:RollAttack","floor":27},{"not_picked":["Guardian:Planning+1","Guardian:Incinerate"],"picked":"Guardian:PiercingHide","floor":32},{"not_picked":["Guardian:ExploitGems","Guardian:StasisField"],"picked":"Guardian:BaubleBeam","floor":33},{"not_picked":["Guardian:Planning","Guardian:ShieldCharger"],"picked":"Guardian:BronzeArmor","floor":34},{"not_picked":["Guardian:Reroute","Guardian:Gem_Cyan","Guardian:SphericShield"],"picked":"SKIP","floor":36},{"not_picked":["Guardian:Gem_Green","Guardian:RevengeProtocol"],"picked":"Guardian:Gem_Purple","floor":37},{"not_picked":["Guardian:EvasiveProtocol","Guardian:VentSteam+1"],"picked":"Guardian:Gem_Red","floor":38},{"not_picked":["Guardian:Recover+1","Guardian:Planning"],"picked":"Guardian:TemporalShield+1","floor":40},{"not_picked":["Guardian:Planning+1","Guardian:CrystalBeam+1"],"picked":"Guardian:WalkerClaw+1","floor":45},{"not_picked":["Guardian:Planning+1","Guardian:RollAttack"],"picked":"Guardian:FierceBash","floor":46},{"not_picked":["Guardian:RefractedBeam+1","Guardian:Reroute"],"picked":"Guardian:TimeCapacitor+1","floor":49}],"player_experience":566936,"relics_obtained":[{"floor":7,"key":"Juzu Bracelet"},{"floor":10,"key":"hubris:OldNail"},{"floor":12,"key":"Anchor"},{"floor":23,"key":"Blue Candle"},{"floor":24,"key":"Blood Vial"},{"floor":41,"key":"Bag of Preparation"},{"floor":44,"key":"Centennial Puzzle"},{"floor":46,"key":"Bottled Tornado"}],"event_choices":[{"damage_healed":0,"gold_gain":0,"player_choice":"Read","damage_taken":0,"max_hp_gain":0,"max_hp_loss":0,"event_name":"The Library","floor":20,"gold_loss":0,"cards_obtained":["Guardian:BronzeOrb"]},{"damage_healed":0,"gold_gain":0,"player_choice":"Stole Relic","damage_taken":0,"relics_obtained":["hubris:GlazedTorus"],"max_hp_gain":0,"max_hp_loss":0,"event_name":"Addict","floor":28,"gold_loss":0,"cards_obtained":["Shame"]},{"damage_healed":0,"gold_gain":0,"player_choice":"Ignored","damage_taken":0,"max_hp_gain":0,"max_hp_loss":0,"event_name":"Ghosts","floor":30,"gold_loss":0},{"damage_healed":0,"gold_gain":0,"player_choice":"Relic","damage_taken":0,"max_hp_gain":0,"max_hp_loss":0,"event_name":"Wheel of Change","floor":44,"gold_loss":0}],"is_beta":false,"boss_relics":[{"not_picked":["SacredBark","Coffee Dripper"],"picked":"Runic Pyramid"},{"not_picked":["Snecko Eye","hubris:Stopwatch"],"picked":"Tiny House"}],"items_purged_floors":[22,37],"is_endless":false,"potions_floor_spawned":[2,3,6,15,19,21,23,40,45,46],"ascension_level":1}}