{"host":"0vlubjftylzdr3ny","time":1610313050,"event":{"mods":["Always Whale","BaseMod","GifTheSpireLib","Minty Spire (QoL Compilation)","Relic Filter","StSLib","Stuff the Spire"],"gold_per_floor":[368,368,392,392,407,442,442,483,549,561,597,609,621,155,155,275,275,288,39,39,52,52,52,75,116,116,116,71,21,21,44,44,167,167,191,204,223,241,116,116,155,168,168,189,257,257,271,271,271,271],"floor_reached":51,"playtime":2112,"items_purged":["Strike_R","Strike_R","Strike_R"],"score":755,"play_id":"afcb9eb5-e005-4af2-bed9-31059fffa544","local_time":"20210110221050","is_ascension_mode":false,"campfire_choices":[{"data":"Bludgeon","floor":7,"key":"SMITH"},{"data":"Flame Barrier","floor":10,"key":"SMITH"},{"data":"Carnage","floor":13,"key":"SMITH"},{"data":"Bash","floor":15,"key":"SMITH"},{"data":"True Grit","floor":23,"key":"SMITH"},{"data":"RitualDagger","floor":30,"key":"SMITH"},{"data":"Disarm","floor":32,"key":"SMITH"},{"data":"Juggernaut","floor":40,"key":"SMITH"},{"data":"Strike_R","floor":46,"key":"PURGE"},{"data":"Clash","floor":49,"key":"PURGE"}],"circlet_count":0,"master_deck":["Strike_R","Defend_R","Defend_R","Defend_R","Defend_R","Bash+1","Carnage+1","Flame Barrier+1","Bludgeon+1","Headbutt","True Grit+1","RitualDagger+1","Shrug It Off","Disarm+1","Juggernaut+1","Shrug It Off+1"],"relics":["Burning Blood","Golden Idol","Magic Flower","Pen Nib","MawBank","Omamori","Ice Cream","Matryoshka","HandDrill","Busted Crown","Lantern","GremlinMask","StuffTheSpire:DarkSteelAnvil","StuffTheSpire:GrapeVine","FossilizedHelix","Sozu","Blue Candle","Dream Catcher","Pantograph","Peace Pipe"],"acts_visited":["Exordium","TheCity","TheBeyond"],"potions_floor_usage":[31,37,50],"damage_taken":[{"damage":5,"enemies":"Small Slimes","floor":1,"turns":4},{"damage":0,"enemies":"2 Louse","floor":3,"turns":2},{"damage":1,"enemies":"Jaw Worm","floor":5,"turns":6},{"damage":37,"enemies":"3 Sentries","floor":6,"turns":9},{"damage":8,"enemies":"Gremlin Nob","floor":8,"turns":3},{"damage":0,"enemies":"Large Slime","floor":11,"turns":4},{"damage":32,"enemies":"The Guardian","floor":16,"turns":9},{"damage":0,"enemies":"Shell Parasite","floor":18,"turns":2},{"damage":0,"enemies":"Spheric Guardian","floor":21,"turns":2},{"damage":11,"enemies":"Snake Plant","floor":24,"turns":2},{"damage":12,"enemies":"Book of Stabbing","floor":25,"turns":3},{"damage":5,"enemies":"Snecko","floor":31,"turns":6},{"damage":45,"enemies":"Champ","floor":33,"turns":11},{"damage":0,"enemies":"Orb Walker","floor":35,"turns":3},{"damage":0,"enemies":"3 Shapes","floor":36,"turns":7},{"damage":0,"enemies":"Spire Growth","floor":37,"turns":4},{"damage":12,"enemies":"4 Shapes","floor":38,"turns":5},{"damage":33,"enemies":"Nemesis","floor":41,"turns":7},{"damage":0,"enemies":"3 Darklings","floor":42,"turns":6},{"damage":15,"enemies":"Spire Growth","floor":44,"turns":4},{"damage":23,"enemies":"2 Orb Walkers","floor":45,"turns":6},{"damage":0,"enemies":"Transient","floor":47,"turns":5},{"damage":50,"enemies":"Donu and Deca","floor":50,"turns":11}],"seed_played":"-6799778608355343641","potions_obtained":[{"floor":5,"key":"GamblersBrew"},{"floor":16,"key":"BlessingOfTheForge"},{"floor":18,"key":"HeartOfIron"},{"floor":31,"key":"Weak Potion"}],"is_trial":false,"path_per_floor":["M","?","M","?","M","E","R","E","T","R","M","?","R","$","R","B",null,"M","$","?","M","$","R","M","E","T","?","$","?","R","M","R","B",null,"M","M","M","M","$","R","E","M","T","M","?","R","M","?","R","B",null],"character_chosen":"IRONCLAD","items_purchased":["Matryoshka","HandDrill","Lantern","Shrug It Off"],"campfire_rested":0,"item_purchase_floors":[14,14,19,28],"current_hp_per_floor":[72,54,60,53,61,33,33,34,34,34,43,43,43,43,43,20,72,72,72,72,72,72,72,70,67,67,61,61,61,61,65,65,29,72,72,72,72,69,69,69,45,54,54,48,34,34,43,23,23,20],"gold":271,"neow_bonus":"TWO_FIFTY_GOLD","is_daily":false,"chose_seed":false,"campfire_upgraded":8,"win_rate":0.0,"timestamp":1610313050,"path_taken":["M","?","M","?","M","E","R","E","T","R","?","?","R","$","R","BOSS","M","$","?","M","?","R","M","E","T","?","$","?","R","M","R","BOSS","M","M","M","?","$","R","E","M","T","M","?","R","M","?","R","BOSS"],"items_purchased_type":["Relic","Relic","Relic","Card"],"build_version":"2020-12-22","purchased_purges":3,"victory":true,"max_hp_per_floor":[72,72,72,72,72,72,72,72,72,72,72,72,72,72,72,72,72,72,72,72,72,72,72,72,72,72,72,72,72,72,72,72,72,72,72,72,72,72,72,72,72,72,72,72,72,72,72,72,72,72],"card_choices":[{"not_picked":["Cleave","Heavy Blade"],"picked":"Carnage","floor":1},{"not_picked":["StuffTheSpire:Slingshot","Shrug It Off"],"picked":"Flame Barrier","floor":3},{"not_picked":["StuffTheSpire:Slingshot","Pommel Strike"],"picked":"Clash","floor":5},{"not_picked":["Shrug It Off","Sword Boomerang"],"picked":"Bludgeon","floor":6},{"not_picked":["StuffTheSpire:Pyroclast","StuffTheSpire:Slingshot","Perfected Strike"],"picked":"SKIP","floor":8},{"not_picked":["Wild Strike","Clothesline","Iron Wave"],"picked":"SKIP","floor":11},{"not_picked":[],"picked":"Headbutt","floor":18},{"not_picked":[],"picked":"True Grit","floor":21},{"not_picked":["Second Wind"],"picked":"SKIP","floor":24},{"not_picked":["Thunderclap"],"picked":"SKIP","floor":25},{"not_picked":[],"picked":"Disarm","floor":31},{"not_picked":[],"picked":"Juggernaut","floor":33},{"not_picked":["Evolve"],"picked":"SKIP","floor":35},{"not_picked":["Armaments+1"],"picked":"SKIP","floor":36},{"not_picked":[],"picked":"Shrug It Off+1","floor":37},{"not_picked":["True Grit"],"picked":"SKIP","floor":38},{"not_picked":["Feed"],"picked":"SKIP","floor":41},{"not_picked":["Dual Wield+1"],"picked":"SKIP","floor":42},{"not_picked":["StuffTheSpire:RockThrow+1"],"picked":"SKIP","floor":44},{"not_picked":["StuffTheSpire:RockThrow+1"],"picked":"SKIP","floor":44},{"not_picked":["Burning Pact+1"],"picked":"SKIP","floor":47}],"player_experience":808317,"relics_obtained":[{"floor":6,"key":"Pen Nib"},{"floor":8,"key":"MawBank"},{"floor":9,"key":"Omamori"},{"floor":25,"key":"StuffTheSpire:DarkSteelAnvil"},{"floor":26,"key":"StuffTheSpire:GrapeVine"},{"floor":26,"key":"FossilizedHelix"},{"floor":41,"key":"Blue Candle"},{"floor":43,"key":"Dream Catcher"},{"floor":43,"key":"Pantograph"},{"floor":45,"key":"Peace Pipe"}],"event_choices":[{"damage_healed":0,"gold_gain":0,"player_choice":"Take Damage","damage_taken":18,"relics_obtained":["Golden Idol"],"max_hp_gain":0,"max_hp_loss":0,"event_name":"Golden Idol","floor":2,"gold_loss":0},{"damage_healed":0,"gold_gain":0,"player_choice":"Success","damage_taken":7,"relics_obtained":["Magic Flower"],"max_hp_gain":0,"max_hp_loss":0,"event_name":"Scrap Ooze","floor":4,"gold_loss":0},{"damage_healed":0,"gold_gain":0,"player_choice":"Searched \u00271\u0027 times","damage_taken":0,"relics_obtained":["Ice Cream"],"max_hp_gain":0,"max_hp_loss":0,"event_name":"Dead Adventurer","floor":12,"gold_loss":0},{"damage_healed":0,"gold_gain":0,"player_choice":"Trade","damage_taken":0,"relics_obtained":["GremlinMask"],"max_hp_gain":0,"max_hp_loss":0,"event_name":"FaceTrader","floor":20,"gold_loss":0},{"damage_healed":0,"gold_gain":0,"player_choice":"Joined the Cult","damage_taken":6,"max_hp_gain":0,"max_hp_loss":0,"event_name":"Nest","floor":27,"gold_loss":0,"cards_obtained":["RitualDagger"]},{"damage_healed":0,"gold_gain":0,"player_choice":"Bet on Owner","damage_taken":0,"max_hp_gain":0,"max_hp_loss":0,"event_name":"The Joust","floor":29,"gold_loss":50},{"damage_healed":0,"gold_gain":0,"player_choice":"Fight","damage_taken":0,"max_hp_gain":0,"max_hp_loss":0,"event_name":"Mysterious Sphere","floor":45,"gold_loss":0}],"is_beta":false,"boss_relics":[{"not_picked":["Runic Pyramid","Empty Cage"],"picked":"Busted Crown"},{"not_picked":["Coffee Dripper","Cursed Key"],"picked":"Sozu"}],"items_purged_floors":[14,19,39],"is_endless":false,"potions_floor_spawned":[5,16,18,31,38,41,44,45],"ascension_level":0}}