{"host":"dw8ij7emqco3quom","time":1610302962,"event":{"mods":["BaseMod","Minty Spire (QoL Compilation)"],"gold_per_floor":[214,214,214,226,115,149,149,164,164,164,63,96,96,114,114,213,213,225,140,140,140,100,100,117,117,117,144,144,39,51,64,64,64,64],"floor_reached":33,"playtime":2514,"items_purged":[],"score":339,"play_id":"3859cfcb-bb49-4521-9b93-8a15a0ef4357","local_time":"20210110192242","is_ascension_mode":true,"campfire_choices":[{"floor":7,"key":"REST"},{"data":"Blur","floor":13,"key":"SMITH"},{"data":"Cloak And Dagger","floor":15,"key":"SMITH"},{"data":"Bullet Time","floor":23,"key":"SMITH"},{"floor":25,"key":"REST"},{"floor":32,"key":"REST"}],"circlet_count":0,"master_deck":["Strike_G","Strike_G","Strike_G","Strike_G","Defend_G","Defend_G","Defend_G","Defend_G","Survivor","Neutralize","Blade Dance","Quick Slash","Finisher","Caltrops","Distraction","Infinite Blades","Blur+1","Blade Dance","Acrobatics","Cloak And Dagger+1","Bullet Time+1","CurseOfTheBell","Concentrate+1","Blur+1","Backflip+1","Flying Knee+1","Prepared+1","Accuracy","Outmaneuver+1","Underhanded Strike","Setup+1","Phantasmal Killer+1"],"relics":["Ring of the Snake","Ninja Scroll","Bottled Tornado","The Courier","Ornamental Fan","Calling Bell","Pen Nib","Toxic Egg 2","Unceasing Top","Prayer Wheel","Letter Opener","Peace Pipe","CaptainsWheel"],"acts_visited":["Exordium","TheCity"],"potions_floor_usage":[6,16,16,31],"damage_taken":[{"damage":0,"enemies":"Cultist","floor":1,"turns":4},{"damage":0,"enemies":"2 Louse","floor":4,"turns":2},{"damage":11,"enemies":"3 Sentries","floor":6,"turns":4},{"damage":0,"enemies":"Small Slimes","floor":8,"turns":1},{"damage":8,"enemies":"Gremlin Nob","floor":12,"turns":3},{"damage":0,"enemies":"Exordium Wildlife","floor":14,"turns":3},{"damage":27,"enemies":"The Guardian","floor":16,"turns":12},{"damage":0,"enemies":"3 Byrds","floor":18,"turns":4},{"damage":7,"enemies":"Spheric Guardian","floor":24,"turns":3},{"damage":31,"enemies":"Book of Stabbing","floor":27,"turns":5},{"damage":2,"enemies":"Snake Plant","floor":30,"turns":4},{"damage":0,"enemies":"Snecko","floor":31,"turns":3},{"damage":86,"enemies":"Champ","floor":33,"turns":10}],"seed_played":"4970326446012452309","potions_obtained":[{"floor":4,"key":"BlessingOfTheForge"},{"floor":12,"key":"GamblersBrew"},{"floor":14,"key":"Fire Potion"},{"floor":27,"key":"Ancient Potion"},{"floor":30,"key":"FearPotion"}],"is_trial":false,"path_per_floor":["M","?","?","M","$","E","R","M","T","?","$","E","R","M","R","B",null,"M","?","?","?","$","R","M","R","T","E","?","$","M","M","R","B"],"character_chosen":"THE_SILENT","items_purchased":["Caltrops","Distraction","Blur","Blade Dance","Backflip+1","Accuracy","Outmaneuver+1"],"campfire_rested":3,"item_purchase_floors":[5,5,11,11,22,29,29],"current_hp_per_floor":[70,70,63,63,63,52,70,70,70,70,70,62,62,62,62,35,61,61,61,61,61,61,61,54,70,70,39,39,39,37,37,58,0,0],"gold":64,"neow_bonus":"HUNDRED_GOLD","is_daily":false,"chose_seed":false,"campfire_upgraded":3,"win_rate":0.0,"timestamp":1610302962,"path_taken":["M","?","?","M","$","E","R","M","T","?","$","E","R","M","R","BOSS","M","?","?","?","$","R","?","R","T","E","?","$","M","M","R","BOSS"],"items_purchased_type":["Card","Card","Card","Card","Card","Card","Card"],"build_version":"2020-12-22","purchased_purges":0,"victory":false,"max_hp_per_floor":[70,70,70,70,70,70,70,70,70,70,70,70,70,70,70,70,70,70,70,70,70,70,70,70,70,70,70,70,70,70,70,70,70,70],"card_choices":[{"not_picked":["Masterful Stab","Quick Slash"],"picked":"Blade Dance","floor":1},{"not_picked":["PiercingWail","Acrobatics"],"picked":"Finisher","floor":4},{"not_picked":["PiercingWail","Malaise"],"picked":"Dagger Throw","floor":6},{"not_picked":["Slice","Concentrate"],"picked":"Infinite Blades","floor":8},{"not_picked":["Dagger Throw","Calculated Gamble"],"picked":"Acrobatics","floor":12},{"not_picked":["Slice","Dagger Spray"],"picked":"Cloak And Dagger","floor":14},{"not_picked":["A Thousand Cuts","Malaise"],"picked":"Bullet Time","floor":16},{"not_picked":["Deflect+1","Cloak And Dagger+1"],"picked":"Concentrate+1","floor":18},{"not_picked":["Crippling Poison+1","Heel Hook"],"picked":"Flying Knee+1","floor":24},{"not_picked":["Backflip+1","Blade Dance+1","Riddle With Holes"],"picked":"SKIP","floor":24},{"not_picked":["Backflip+1","Blade Dance+1","Riddle With Holes"],"picked":"SKIP","floor":24},{"not_picked":["Backflip+1","Poisoned Stab"],"picked":"Prepared+1","floor":27},{"not_picked":["Backflip+1","Outmaneuver+1"],"picked":"Underhanded Strike","floor":30},{"not_picked":["Dash","Dagger Throw"],"picked":"Setup+1","floor":30},{"not_picked":["Flying Knee","Deadly Poison+1"],"picked":"Phantasmal Killer+1","floor":31},{"not_picked":["Poisoned Stab","Outmaneuver+1","Calculated Gamble+1"],"picked":"SKIP","floor":31}],"player_experience":649031,"relics_obtained":[{"floor":6,"key":"Bottled Tornado"},{"floor":9,"key":"The Courier"},{"floor":12,"key":"Ornamental Fan"},{"floor":17,"key":"Pen Nib"},{"floor":17,"key":"Toxic Egg 2"},{"floor":17,"key":"Unceasing Top"},{"floor":26,"key":"Letter Opener"},{"floor":27,"key":"Peace Pipe"}],"event_choices":[{"damage_healed":0,"gold_gain":0,"cards_transformed":["Defend_G"],"player_choice":"Change","damage_taken":0,"max_hp_gain":0,"max_hp_loss":0,"event_name":"Living Wall","floor":2,"gold_loss":0,"cards_obtained":["Quick Slash"]},{"damage_healed":0,"gold_gain":0,"player_choice":"Success","damage_taken":7,"relics_obtained":["Ninja Scroll"],"max_hp_gain":0,"max_hp_loss":0,"event_name":"Scrap Ooze","floor":3,"gold_loss":0},{"damage_healed":0,"gold_gain":0,"player_choice":"0 cards matched","damage_taken":0,"max_hp_gain":0,"max_hp_loss":0,"event_name":"Match and Keep!","floor":10,"gold_loss":0,"cards_obtained":[]},{"damage_healed":0,"gold_gain":0,"player_choice":"Obtained Relic","damage_taken":0,"relics_obtained":["Prayer Wheel"],"max_hp_gain":0,"max_hp_loss":0,"event_name":"Addict","floor":19,"gold_loss":85},{"damage_healed":0,"gold_gain":0,"player_choice":"Read","damage_taken":0,"max_hp_gain":0,"max_hp_loss":0,"event_name":"The Library","floor":20,"gold_loss":0,"cards_obtained":["Blur"]},{"cards_removed":["Strike_G"],"damage_healed":0,"gold_gain":0,"player_choice":"Purged","damage_taken":0,"max_hp_gain":0,"max_hp_loss":0,"event_name":"Purifier","floor":21,"gold_loss":0},{"cards_removed":["Dagger Throw"],"damage_healed":0,"gold_gain":0,"player_choice":"Gave Card","damage_taken":0,"relics_obtained":["CaptainsWheel"],"max_hp_gain":0,"max_hp_loss":0,"event_name":"WeMeetAgain","floor":28,"gold_loss":0}],"is_beta":false,"boss_relics":[{"not_picked":["Fusion Hammer","Philosopher\u0027s Stone"],"picked":"Calling Bell"}],"items_purged_floors":[],"is_endless":false,"potions_floor_spawned":[4,12,14,27,30],"killed_by":"Champ","ascension_level":5}}