{"host":"cjhtzh7tp54jdfyv","time":1610322675,"event":{"mods":["AchievementEnabler","BaseMod","Colored Map","Colored Powertips","Curses Come First","DeckTracker","Filter the Spire","Minty Spire (QoL Compilation)","RNG Fix","Relic Sorter","Relic Stats","StSLib","UnlockEverythingMod","ojb\u0027s Better Paths Mod","ojb\u0027s Info Mod"],"gold_per_floor":[113,38,49,66,79,79,110,110,134,166,166,11,11,55,55,150,150,170,20,45,66,66,124,124,158,231,294,294,325,325,360,360,456,456,472,488,509,188,219,219,262,262,286,330,330,348,348,388,388,388,388,388,388,46,77,77],"floor_reached":57,"playtime":6510,"items_purged":["Defend_P","Defend_P","Strike_P","Conclude+1"],"score":3714,"play_id":"03114def-b63e-42f9-a1c6-37218f683c98","local_time":"20210110185115","is_ascension_mode":true,"campfire_choices":[{"data":"Eruption","floor":6.0,"key":"SMITH"},{"data":"Conclude","floor":11.0,"key":"SMITH"},{"data":"Tantrum","floor":15.0,"key":"SMITH"},{"data":"TalkToTheHand","floor":24.0,"key":"SMITH"},{"data":"Adaptation","floor":28.0,"key":"SMITH"},{"data":"InnerPeace","floor":32.0,"key":"SMITH"},{"floor":40.0,"key":"RECALL"},{"data":"JustLucky","floor":42.0,"key":"SMITH"},{"data":"Madness","floor":49.0,"key":"SMITH"},{"floor":53.0,"key":"REST"}],"circlet_count":0,"master_deck":["AscendersBane","Strike_P+1","Eruption+1","Vigilance+1","EmptyFist+1","FlurryOfBlows+1","CrushJoints+1","Tantrum+1","JustLucky+1","Vault+1","TalkToTheHand+1","ForeignInfluence+1","FlurryOfBlows+1","TalkToTheHand+1","Adaptation+1","Adaptation+1","InnerPeace+1","LessonLearned+1","Scrawl+1","FearNoEvil+1","WaveOfTheHand+1","JustLucky+1","Madness+1","Madness+1","InnerPeace+1"],"relics":["VioletLotus","MealTicket","Shuriken","Golden Idol","Whetstone","Astrolabe","War Paint","Singing Bowl","Blue Candle","Bottled Lightning","Red Mask","Pear","Empty Cage","Orrery","Lizard Tail","HornCleat","Omamori","PreservedInsect","Ice Cream","Turnip","Gambling Chip","Art of War"],"acts_visited":["Exordium","TheCity","TheBeyond","TheEnding"],"potions_floor_usage":[],"damage_taken":[{"damage":10.0,"enemies":"Small Slimes","floor":1.0,"turns":7.0},{"damage":0.0,"enemies":"Jaw Worm","floor":3.0,"turns":3.0},{"damage":2.0,"enemies":"2 Louse","floor":4.0,"turns":4.0},{"damage":24.0,"enemies":"Large Slime","floor":5.0,"turns":3.0},{"damage":12.0,"enemies":"3 Sentries","floor":7.0,"turns":5.0},{"damage":9.0,"enemies":"Lagavulin","floor":10.0,"turns":4.0},{"damage":0.0,"enemies":"Gremlin Nob","floor":14.0,"turns":2.0},{"damage":0.0,"enemies":"Hexaghost","floor":16.0,"turns":2.0},{"damage":14.0,"enemies":"Shell Parasite","floor":18.0,"turns":3.0},{"damage":15.0,"enemies":"3 Byrds","floor":20.0,"turns":3.0},{"damage":15.0,"enemies":"Shelled Parasite and Fungi","floor":21.0,"turns":3.0},{"damage":2.0,"enemies":"Gremlin Leader","floor":23.0,"turns":3.0},{"damage":0.0,"enemies":"Slavers","floor":25.0,"turns":2.0},{"damage":0.0,"enemies":"Book of Stabbing","floor":27.0,"turns":3.0},{"damage":0.0,"enemies":"Masked Bandits","floor":29.0,"turns":3.0},{"damage":0.0,"enemies":"Gremlin Leader","floor":31.0,"turns":3.0},{"damage":0.0,"enemies":"Collector","floor":33.0,"turns":3.0},{"damage":0.0,"enemies":"Orb Walker","floor":35.0,"turns":1.0},{"damage":0.0,"enemies":"3 Darklings","floor":36.0,"turns":3.0},{"damage":34.0,"enemies":"4 Shapes","floor":37.0,"turns":2.0},{"damage":0.0,"enemies":"Mind Bloom Boss Battle","floor":39.0,"turns":3.0},{"damage":0.0,"enemies":"Giant Head","floor":41.0,"turns":4.0},{"damage":0.0,"enemies":"Reptomancer","floor":44.0,"turns":2.0},{"damage":0.0,"enemies":"Transient","floor":46.0,"turns":4.0},{"damage":0.0,"enemies":"Giant Head","floor":48.0,"turns":3.0},{"damage":6.0,"enemies":"Donu and Deca","floor":50.0,"turns":3.0},{"damage":0.0,"enemies":"Awakened One","floor":51.0,"turns":4.0},{"damage":0.0,"enemies":"Shield and Spear","floor":55.0,"turns":2.0},{"damage":4,"enemies":"The Heart","floor":56,"turns":6}],"seed_played":"-1906412218161991943","potions_obtained":[{"floor":5.0,"key":"Explosive Potion"},{"floor":7.0,"key":"Fruit Juice"},{"floor":10.0,"key":"Regen Potion"},{"floor":14.0,"key":"Ancient Potion"},{"floor":16.0,"key":"LiquidBronze"},{"floor":21.0,"key":"EntropicBrew"},{"floor":27.0,"key":"Energy Potion"},{"floor":35.0,"key":"Swift Potion"},{"floor":39.0,"key":"SteroidPotion"},{"floor":48.0,"key":"DuplicationPotion"}],"is_trial":false,"path_per_floor":["M","$","M","M","M","R","E","?","T","E","R","$","?","E","R","B",null,"M","$","M","M","?","E","R","E","T","E","R","?","?","E","R","B",null,"M","M","M","$","?","R","E","R","T","E","?","M","T","E","R","B","B",null,"R","$","E","B",null],"character_chosen":"WATCHER","items_purchased":["SteroidPotion","FlurryOfBlows","Orrery","Gambling Chip"],"campfire_rested":1,"item_purchase_floors":[12,19,38,54],"current_hp_per_floor":[51,51,51,49,25,25,13,13,13,4,4,24,24,24,24,24,56,42,57,42,27,27,25,25,25,25,27,27,29,29,39,39,39,70,72,72,40,65,65,65,67,67,67,67,50,50,50,52,52,46,46,85,98,98,100,96],"gold":77,"neow_bonus":"BOSS_RELIC","is_daily":false,"chose_seed":false,"campfire_upgraded":8,"win_rate":0.0,"timestamp":1610322675,"path_taken":["M","$","M","M","M","R","E","?","T","E","R","$","?","E","R","BOSS","M","$","M","M","?","E","R","E","T","E","R","?","?","E","R","BOSS","M","M","M","$","?","R","E","R","T","E","?","M","?","E","R","BOSS","BOSS","R","$","E","BOSS"],"items_purchased_type":["Potion","Card","Relic","Relic"],"build_version":"2020-12-22","purchased_purges":4,"victory":true,"max_hp_per_floor":[68,68,68,68,68,68,68,68,68,68,68,73,66,66,66,66,66,66,66,66,66,66,66,66,66,66,68,68,70,70,80,80,80,80,82,82,84,94,94,94,96,96,96,96,96,96,96,98,98,98,98,98,98,98,100,100],"relic_stats":{"Singing Bowl":24,"counters":[29,93],"Golden Idol":215,"Astrolabe":["TalkToTheHand","ForeignInfluence","Conclude"],"Blue Candle":[2],"PreservedInsect":207,"Whetstone":["Strike_P","CrushJoints"],"War Paint":["Vigilance","Vault"],"Lizard Tail":0,"Shuriken":[178],"Gambling Chip":[6],"MealTicket":45,"VioletLotus":[88],"Turnip":[2],"Art of War":[0],"obtain_stats":[{"Ice Cream":47,"Pear":31,"Singing Bowl":25,"Golden Idol":13,"Astrolabe":17,"Blue Candle":26,"PreservedInsect":44,"Omamori":43,"Whetstone":14,"War Paint":23,"Empty Cage":34,"Lizard Tail":39,"HornCleat":41,"Shuriken":10,"Gambling Chip":54,"Orrery":38,"MealTicket":7,"VioletLotus":0,"Turnip":48,"Red Mask":29,"Art of War":55,"Bottled Lightning":27,"PureWater":0},{"Ice Cream":24,"Pear":16,"Singing Bowl":13,"Golden Idol":6,"Astrolabe":8,"Blue Candle":13,"PreservedInsect":23,"Omamori":22,"Whetstone":7,"War Paint":12,"Empty Cage":17,"Lizard Tail":21,"HornCleat":22,"Shuriken":6,"Gambling Chip":27,"Orrery":20,"MealTicket":5,"VioletLotus":0,"Turnip":25,"Red Mask":15,"Art of War":28,"Bottled Lightning":14,"PureWater":0},{"Ice Cream":75,"Pear":53,"Singing Bowl":44,"Golden Idol":26,"Astrolabe":30,"Blue Candle":44,"PreservedInsect":71,"Omamori":69,"Whetstone":28,"War Paint":42,"Empty Cage":56,"Lizard Tail":65,"HornCleat":69,"Shuriken":26,"Gambling Chip":85,"Orrery":62,"MealTicket":22,"VioletLotus":0,"Turnip":78,"Red Mask":50,"Art of War":87,"Bottled Lightning":47,"PureWater":0}]},"card_choices":[{"not_picked":["MentalFortress","ForeignInfluence"],"picked":"EmptyFist","floor":1.0},{"not_picked":["Prostrate","EmptyBody","ReachHeaven"],"picked":"SKIP","floor":3.0},{"not_picked":["FollowUp","Prostrate"],"picked":"FlurryOfBlows","floor":4.0},{"not_picked":["BowlingBash","FollowUp"],"picked":"Conclude","floor":5.0},{"not_picked":["ConjureBlade","Protect"],"picked":"CrushJoints","floor":7.0},{"not_picked":["ThirdEye","InnerPeace"],"picked":"Tantrum","floor":10.0},{"not_picked":["Protect","Halt"],"picked":"JustLucky","floor":14.0},{"not_picked":["MasterReality","ConjureBlade"],"picked":"Vault","floor":16.0},{"not_picked":["Protect","Consecrate","Halt"],"picked":"SKIP","floor":18.0},{"not_picked":["Indignation","PathToVictory"],"picked":"TalkToTheHand","floor":20.0},{"not_picked":["Swivel","EmptyFist","Crescendo"],"picked":"SKIP","floor":21.0},{"not_picked":["Evaluate","ConjureBlade"],"picked":"Adaptation","floor":23.0},{"not_picked":["Evaluate","EmptyBody+1"],"picked":"Adaptation+1","floor":25.0},{"not_picked":["Weave","Vengeance","Halt"],"picked":"Singing Bowl","floor":27.0},{"not_picked":["FollowUp","CarveReality","Pray"],"picked":"Singing Bowl","floor":29.0},{"not_picked":["Evaluate","ThirdEye+1"],"picked":"LessonLearned","floor":31.0},{"not_picked":["DevaForm","MasterReality"],"picked":"Scrawl","floor":33.0},{"not_picked":["WheelKick","FollowUp","FlurryOfBlows+1"],"picked":"Singing Bowl","floor":35.0},{"not_picked":["Wallop","Pray"],"picked":"FearNoEvil","floor":36.0},{"not_picked":["ReachHeaven+1","SignatureMove","FlurryOfBlows"],"picked":"Singing Bowl","floor":37.0},{"not_picked":["Halt","FlyingSleeves+1","EmptyFist"],"picked":"Singing Bowl","floor":38.0},{"not_picked":["Consecrate","FollowUp","EmptyBody+1"],"picked":"Singing Bowl","floor":38.0},{"not_picked":["Halt","Ragnarok","Nirvana+1"],"picked":"Singing Bowl","floor":38.0},{"not_picked":["WreathOfFlame","ThirdEye","CutThroughFate"],"picked":"Singing Bowl","floor":38.0},{"not_picked":["SashWhip","CutThroughFate","Devotion"],"picked":"Singing Bowl","floor":38.0},{"not_picked":["Collect","Halt+1"],"picked":"WaveOfTheHand","floor":39.0},{"not_picked":["SandsOfTime","Worship","Weave+1"],"picked":"Singing Bowl","floor":41.0},{"not_picked":["WaveOfTheHand","FlyingSleeves"],"picked":"JustLucky","floor":44.0},{"not_picked":["BowlingBash","Tantrum"],"picked":"InnerPeace","floor":46.0},{"not_picked":["Brilliance","Vengeance","EmptyBody"],"picked":"Singing Bowl","floor":48.0},{"not_picked":["ClearTheMind","EmptyMind","Establishment"],"picked":"Singing Bowl","floor":55.0}],"player_experience":4412580,"relics_obtained":[{"floor":7.0,"key":"MealTicket"},{"floor":10.0,"key":"Shuriken"},{"floor":14.0,"key":"Whetstone"},{"floor":23.0,"key":"War Paint"},{"floor":25.0,"key":"Singing Bowl"},{"floor":26.0,"key":"Blue Candle"},{"floor":27.0,"key":"Bottled Lightning"},{"floor":29.0,"key":"Red Mask"},{"floor":31.0,"key":"Pear"},{"floor":39.0,"key":"Lizard Tail"},{"floor":41.0,"key":"HornCleat"},{"floor":43.0,"key":"Omamori"},{"floor":44.0,"key":"PreservedInsect"},{"floor":47.0,"key":"Ice Cream"},{"floor":48.0,"key":"Turnip"},{"floor":55.0,"key":"Art of War"}],"event_choices":[{"damage_healed":0.0,"max_hp_gain":0.0,"max_hp_loss":0.0,"gold_gain":0.0,"event_name":"Liars Game","player_choice":"Ignored","floor":8.0,"gold_loss":0.0,"damage_taken":0.0},{"damage_healed":0.0,"max_hp_gain":0.0,"max_hp_loss":7.0,"gold_gain":0.0,"event_name":"Golden Idol","player_choice":"Lose Max HP","floor":13.0,"gold_loss":0.0,"damage_taken":0.0,"relics_obtained":["Golden Idol"]},{"damage_healed":0.0,"max_hp_gain":0.0,"max_hp_loss":0.0,"gold_gain":0.0,"event_name":"The Mausoleum","player_choice":"Ignored","floor":22.0,"gold_loss":0.0,"damage_taken":0.0},{"damage_healed":0.0,"max_hp_gain":0.0,"max_hp_loss":0.0,"gold_gain":0.0,"event_name":"Masked Bandits","player_choice":"Fought Bandits","floor":29.0,"gold_loss":0.0,"damage_taken":0.0},{"damage_healed":0.0,"max_hp_gain":0.0,"max_hp_loss":0.0,"gold_gain":0.0,"event_name":"The Library","player_choice":"Read","floor":30.0,"gold_loss":0.0,"damage_taken":0.0,"cards_obtained":["InnerPeace"]},{"damage_healed":0.0,"max_hp_gain":0.0,"max_hp_loss":0.0,"gold_gain":0.0,"event_name":"MindBloom","player_choice":"Fight","floor":39.0,"gold_loss":0.0,"damage_taken":0.0},{"damage_healed":0.0,"max_hp_gain":0.0,"max_hp_loss":0.0,"gold_gain":0.0,"event_name":"Winding Halls","player_choice":"Embrace Madness","floor":45.0,"gold_loss":0.0,"damage_taken":17.0,"cards_obtained":["Madness","Madness"]}],"is_beta":false,"boss_relics":[{"not_picked":["Cursed Key","Pandora\u0027s Box"],"picked":"Astrolabe"},{"not_picked":["Black Star","Sozu"],"picked":"Empty Cage"}],"items_purged_floors":[2,12,19,38],"is_endless":false,"potions_floor_spawned":[5,7,10,14,16,21,27,31,35,39,48,55],"ascension_level":20}}