{"host":"c97twqu0op5dg8i4","time":1610319834,"event":{"mods":["BaseMod","Minty Spire (QoL Compilation)","Permanent Neow"],"gold_per_floor":[118,118,142,160,235,235,235,235,284,298,154,192,211,54,54,177,177,191,191,191],"floor_reached":19,"playtime":1033,"items_purged":["Strike_G"],"score":209,"play_id":"7856f6f5-9e55-4a72-9fc4-5d673b314a96","local_time":"20210110180354","is_ascension_mode":true,"campfire_choices":[{"data":"Endless Agony","floor":6,"key":"SMITH"},{"floor":8,"key":"REST"},{"floor":15,"key":"REST"}],"circlet_count":0,"master_deck":["Strike_G","Strike_G","Strike_G","Strike_G","Defend_G","Defend_G","Defend_G","Defend_G","Defend_G","Survivor","Neutralize","Endless Agony+1","Sucker Punch+1","Backflip","Deadly Poison","Noxious Fumes","Poisoned Stab","Adrenaline","Slice+1"],"relics":["Philosopher\u0027s Stone","Golden Idol","Lantern","WingedGreaves","Happy Flower","Cursed Key","GremlinMask"],"acts_visited":["Exordium","TheCity"],"potions_floor_usage":[],"damage_taken":[{"damage":12,"enemies":"2 Louse","floor":1,"turns":3},{"damage":0,"enemies":"Jaw Worm","floor":3,"turns":3},{"damage":0,"enemies":"Small Slimes","floor":4,"turns":3},{"damage":12,"enemies":"Gremlin Gang","floor":10,"turns":7},{"damage":23,"enemies":"3 Sentries","floor":12,"turns":7},{"damage":6,"enemies":"Lots of Slimes","floor":13,"turns":4},{"damage":20,"enemies":"Hexaghost","floor":16,"turns":9},{"damage":39,"enemies":"3 Byrds","floor":18,"turns":5}],"seed_played":"8578446049177758768","potions_obtained":[{"floor":1,"key":"SteroidPotion"},{"floor":3,"key":"SneckoOil"},{"floor":12,"key":"PowerPotion"}],"is_trial":false,"path_per_floor":["M","?","M","M","?","R","?","R","T","M","$","E","M","$","R","B",null,"M","?"],"character_chosen":"THE_SILENT","items_purchased":["Noxious Fumes","Happy Flower"],"campfire_rested":2,"item_purchase_floors":[11,14],"current_hp_per_floor":[58,58,58,58,47,47,47,65,65,53,53,30,24,24,43,23,55,16,16,16],"gold":191,"neow_bonus":"BOSS_RELIC","is_daily":false,"chose_seed":false,"campfire_upgraded":1,"win_rate":0.0,"timestamp":1610319834,"path_taken":["M","?","M","M","?","R","?","R","T","?","$","E","M","?","R","BOSS","M","?"],"items_purchased_type":["Card","Relic"],"build_version":"2020-12-22","purchased_purges":1,"victory":false,"max_hp_per_floor":[70,65,65,65,65,65,65,65,65,65,65,65,65,65,65,65,65,65,65,65],"card_choices":[{"not_picked":["Terror","All Out Attack"],"picked":"Endless Agony","floor":1},{"not_picked":["Reflex","Bane"],"picked":"Sucker Punch","floor":3},{"not_picked":["Sucker Punch","Blade Dance"],"picked":"Backflip","floor":4},{"not_picked":["Tactician","Blade Dance"],"picked":"Deadly Poison","floor":10},{"not_picked":["Riddle With Holes","Cloak And Dagger","Quick Slash"],"picked":"SKIP","floor":12},{"not_picked":["Riddle With Holes","Cloak And Dagger","Quick Slash"],"picked":"SKIP","floor":12},{"not_picked":["Riddle With Holes","Masterful Stab"],"picked":"Poisoned Stab","floor":13},{"not_picked":["Burst","A Thousand Cuts"],"picked":"Adrenaline","floor":16},{"not_picked":["Concentrate","Blade Dance+1"],"picked":"Slice+1","floor":18}],"player_experience":294892,"relics_obtained":[{"floor":9,"key":"Lantern"},{"floor":12,"key":"WingedGreaves"}],"event_choices":[{"damage_healed":0,"gold_gain":0,"player_choice":"Lose Max HP","damage_taken":0,"relics_obtained":["Golden Idol"],"max_hp_gain":0,"max_hp_loss":5,"event_name":"Golden Idol","floor":2,"gold_loss":0},{"damage_healed":0,"gold_gain":75,"player_choice":"Gather Gold","damage_taken":11,"max_hp_gain":0,"max_hp_loss":0,"event_name":"World of Goop","floor":5,"gold_loss":0},{"damage_healed":0,"gold_gain":0,"player_choice":"Upgraded","damage_taken":0,"max_hp_gain":0,"max_hp_loss":0,"event_name":"Upgrade Shrine","floor":7,"gold_loss":0,"cards_upgraded":["Sucker Punch"]},{"damage_healed":0,"gold_gain":0,"player_choice":"Trade","damage_taken":0,"relics_obtained":["GremlinMask"],"max_hp_gain":0,"max_hp_loss":0,"event_name":"FaceTrader","floor":19,"gold_loss":0}],"is_beta":false,"boss_relics":[{"not_picked":["Fusion Hammer","Sozu"],"picked":"Cursed Key"}],"items_purged_floors":[11],"is_endless":false,"potions_floor_spawned":[1,3,12],"ascension_level":5}}