{"host":"ta9mufxydm4vkknf","time":1610289025,"event":{"mods":["AchievementEnabler","BaseMod","Minty Spire (QoL Compilation)","Quick Restart"],"gold_per_floor":[119,132,132,232,250,250,284,313,371,402,414,426,453,498,510,522,522],"floor_reached":16,"playtime":481,"items_purged":[],"score":137,"play_id":"23015339-385d-4e99-ab53-cef1b3b86242","local_time":"20210110153025","is_ascension_mode":true,"campfire_choices":[{"data":"Redo","floor":6,"key":"SMITH"},{"floor":11,"key":"REST"},{"data":"Zap","floor":15,"key":"SMITH"}],"circlet_count":0,"master_deck":["Strike_B","Strike_B","Strike_B","Strike_B","Defend_B","Defend_B","Defend_B","Defend_B","Zap+1","Dualcast","Redo+1","Ball Lightning","Undo","Coolheaded","Sweeping Beam","Cold Snap","Conserve Battery","Compile Driver"],"relics":["Cracked Core","NeowsBlessing","MawBank","Toy Ornithopter","Gremlin Horn","Nunchaku"],"acts_visited":["Exordium"],"potions_floor_usage":[],"damage_taken":[{"damage":0,"enemies":"2 Louse","floor":1,"turns":1},{"damage":0,"enemies":"Cultist","floor":2,"turns":1},{"damage":0,"enemies":"Jaw Worm","floor":3,"turns":1},{"damage":16,"enemies":"3 Louse","floor":5,"turns":3},{"damage":24,"enemies":"Gremlin Nob","floor":7,"turns":4},{"damage":10,"enemies":"Lots of Slimes","floor":8,"turns":4},{"damage":0,"enemies":"Exordium Wildlife","floor":10,"turns":2},{"damage":7,"enemies":"2 Fungi Beasts","floor":13,"turns":3},{"damage":9,"enemies":"3 Sentries","floor":14,"turns":7},{"damage":34,"enemies":"Slime Boss","floor":16,"turns":8}],"seed_played":"7877050274440217487","potions_obtained":[{"floor":2,"key":"BlessingOfTheForge"},{"floor":5,"key":"SteroidPotion"},{"floor":7,"key":"LiquidBronze"},{"floor":8,"key":"EssenceOfDarkness"},{"floor":14,"key":"GamblersBrew"}],"is_trial":false,"path_per_floor":["M","M","M","?","M","R","E","M","T","M","R","?","M","E","R","B"],"character_chosen":"DEFECT","items_purchased":[],"campfire_rested":1,"item_purchase_floors":[],"current_hp_per_floor":[75,75,75,75,59,59,35,25,25,25,47,47,40,31,31,0,0],"gold":522,"neow_bonus":"THREE_ENEMY_KILL","is_daily":false,"chose_seed":false,"campfire_upgraded":2,"win_rate":0.0,"timestamp":1610289025,"path_taken":["M","M","M","?","M","R","E","M","T","?","R","?","?","E","R","BOSS"],"items_purchased_type":[],"build_version":"2020-12-22","purchased_purges":0,"victory":false,"max_hp_per_floor":[75,75,75,75,75,75,75,75,75,75,75,75,75,75,75,75,75],"card_choices":[{"not_picked":["Undo","Coolheaded"],"picked":"Redo","floor":1},{"not_picked":["Fusion","Conserve Battery"],"picked":"Ball Lightning","floor":2},{"not_picked":["Darkness","Streamline","Compile Driver"],"picked":"SKIP","floor":3},{"not_picked":["Stack","Ball Lightning"],"picked":"Undo","floor":5},{"not_picked":["Static Discharge","Redo"],"picked":"Coolheaded","floor":7},{"not_picked":["Gash","Hologram"],"picked":"Sweeping Beam","floor":8},{"not_picked":["All For One","Rebound"],"picked":"Cold Snap","floor":10},{"not_picked":["Turbo","Melter"],"picked":"Conserve Battery","floor":13},{"not_picked":["Steam","Gash"],"picked":"Compile Driver","floor":14}],"player_experience":265474,"relics_obtained":[{"floor":7,"key":"MawBank"},{"floor":9,"key":"Toy Ornithopter"},{"floor":14,"key":"Nunchaku"}],"event_choices":[{"damage_healed":0,"gold_gain":100,"player_choice":"Pray","damage_taken":0,"max_hp_gain":0,"max_hp_loss":0,"event_name":"Golden Shrine","floor":4,"gold_loss":0},{"damage_healed":0,"gold_gain":0,"player_choice":"Gave Potion","damage_taken":0,"relics_obtained":["Gremlin Horn"],"max_hp_gain":0,"max_hp_loss":0,"event_name":"WeMeetAgain","floor":12,"gold_loss":0}],"is_beta":false,"boss_relics":[],"items_purged_floors":[],"is_endless":false,"potions_floor_spawned":[2,5,7,8,14],"killed_by":"Slime Boss","ascension_level":4}}