{"host":"w2kjv12xyhtt0cv2","time":1610295006,"event":{"mods":["Act Like it!","BaseMod","Colored Map","Friendly Minions","Gensokyo","Highlight Path","Hubris","Kiyohime（清姬）","Marisa（F雨　魔理沙）","Minty Spire (QoL Compilation)","Quick Restart","Reimu（博丽灵梦）","Relic Stats","Replay The Spire","RumiaBox-露米娅的神秘盒子","Shop Mod","Spicy Shops","StSLib","The Cursed","The Servant 0.9.4","UnlockEverythingMod","Waifu the Spire","[功能]功能增强和修复MOD","vexMod","【功能Mod】Neow奖励","【遗物卡牌】REMEMod","没有小屋子和绿帽子啦"],"gold_per_floor":[111,111,129,129,61,90,90,124,124,124,150,150,178,196,196,294,294,308,308,20,20,34,64,84,84,111,143,155,183,183,183,183,286,286,299,299,299,317,317,346,296,324,376,376,316,343,343,354,354,354,354,354,338,367,367],"floor_reached":56,"playtime":5618,"items_purged":["Pain","KiyohimeMod:Defend","Gensokyo:FourOfAKind+1","Decay"],"score":2088,"play_id":"e530bc13-2436-4b4b-8c87-7a780d1222d4","local_time":"20210111001006","is_ascension_mode":true,"campfire_choices":[{"data":"KiyohimeMod:EatSoul","floor":7.0,"key":"SMITH"},{"data":"KiyohimeMod:Track","floor":10.0,"key":"SMITH"},{"data":"KiyohimeMod:FlameKiss","floor":15.0,"key":"SMITH"},{"data":"Gensokyo:FourOfAKind","floor":32.0,"key":"SMITH"},{"data":"Gensokyo:FourOfAKind","floor":44.0,"key":"SMITH"},{"floor":49,"key":"RECALL"},{"data":"KiyohimeMod:Grimoire","floor":52,"key":"SMITH"}],"circlet_count":0,"master_deck":["KiyohimeMod:Strike","KiyohimeMod:Strike","KiyohimeMod:Strike","KiyohimeMod:Strike","KiyohimeMod:Track+1","KiyohimeMod:FlameKiss+1","KiyohimeMod:Shapeshift","CurseOfTheBell","KiyohimeMod:EatSoul+1","KiyohimeMod:Servant_TamamoNoMae","KiyohimeMod:ImaginaryNumberMagecraft","KiyohimeMod:CommandCard_Buster+1","Gensokyo:AllTheWorldsEvil","Gensokyo:FourOfAKind+1","Gensokyo:FourOfAKind","Gensokyo:FourOfAKind","KiyohimeMod:SteelTraining+1","KiyohimeMod:AVerseOfBurningLoveStory","KiyohimeMod:AndSoTheShipConquers+1","KiyohimeMod:FacelessMoon","Gensokyo:CustomPotion","KiyohimeMod:Servant_Osakabehime","KiyohimeMod:Grimoire+1","KiyohimeMod:BeastOfBillows+1"],"relics":["REME_ComplimentaryCards","Calling Bell","Akabeko","Blue Candle","Replay:Towering Pillar of Hats","Gensokyo:LunaticRedEyes","Bag of Preparation","PreservedInsect","Snack Pack","REME_LimitBreaker","ReplayTheSpireMod:Ring of Collecting","MagicDraw3","KiyohimeMod:Bond","hubris:TinFlute","REME_HandOfSuture","REME_HourglassOfDeath","ReplayTheSpireMod:Ring of Challenge","vexMod:FocusSash","Letter Opener","Iron Hammer","hubris:Icosahedron","Ring of Searing","Potion Belt","vexMod:BigBerry","Gensokyo:DualWield","Smiling Mask","Mastiff:ReiMu","Prayer Wheel","Boot","MagicDraw4","hubris:NiceRug","Chameleon Ring","ReplayTheSpireMod:TigerMarble","Lee\u0027s Waffle","hubris:Metronome","Cauldron","KiyohimeMod:HolyShroudOfMagdalene"],"acts_visited":[],"potions_floor_usage":[50,50,55,55,55,55,55,55,55,55,55],"damage_taken":[{"damage":0.0,"enemies":"Gensokyo:2_Kodama","floor":1.0,"turns":3.0},{"damage":1.0,"enemies":"Gensokyo:3_Fairies","floor":3.0,"turns":3.0},{"damage":1.0,"enemies":"Gensokyo:Mamizou","floor":6.0,"turns":5.0},{"damage":4.0,"enemies":"Gensokyo:Aya","floor":8.0,"turns":3.0},{"damage":3.0,"enemies":"Gensokyo:Cirno","floor":11.0,"turns":4.0},{"damage":0.0,"enemies":"Gensokyo:Mamizou","floor":13.0,"turns":3.0},{"damage":0.0,"enemies":"Gensokyo:Python","floor":14.0,"turns":2.0},{"damage":21.0,"enemies":"Gensokyo:Yukari","floor":16.0,"turns":4.0},{"damage":0.0,"enemies":"Gensokyo:Chomper","floor":18.0,"turns":1.0},{"damage":0.0,"enemies":"Gensokyo:CosmicMonolith","floor":22.0,"turns":2.0},{"damage":0.0,"enemies":"Gensokyo:Koishi","floor":23.0,"turns":1.0},{"damage":2.0,"enemies":"Gensokyo:3_Gloops","floor":24.0,"turns":2.0},{"damage":0.0,"enemies":"Gensokyo:Tenshi","floor":27.0,"turns":1.0},{"damage":15.0,"enemies":"Gensokyo:Mirror_and_Dog","floor":28.0,"turns":2.0},{"damage":0.0,"enemies":"Gensokyo:Koishi","floor":29.0,"turns":1.0},{"damage":1.0,"enemies":"Gensokyo:Eternal_Rivals","floor":33.0,"turns":1.0},{"damage":0.0,"enemies":"Gensokyo:AncientGuardian","floor":35.0,"turns":1.0},{"damage":0.0,"enemies":"Gensokyo:3_Bats","floor":38.0,"turns":1.0},{"damage":11.0,"enemies":"Gensokyo:Kasen","floor":40.0,"turns":3.0},{"damage":7.0,"enemies":"Gensokyo:Doremy","floor":42.0,"turns":2.0},{"damage":15.0,"enemies":"Gensokyo:Marisa","floor":46.0,"turns":3.0},{"damage":0,"enemies":"Gensokyo:AtlasGolem","floor":48,"turns":2},{"damage":55,"enemies":"Gensokyo:Shinki","floor":50,"turns":7},{"damage":10,"enemies":"hubris:Merchant","floor":53,"turns":3},{"damage":0,"enemies":"Shield and Spear","floor":54,"turns":1},{"damage":31,"enemies":"The Heart","floor":55,"turns":5}],"seed_played":"-2813903587864621926","potions_obtained":[{"floor":1.0,"key":"Milkshake"},{"floor":3.0,"key":"SteroidPotion"},{"floor":13.0,"key":"MagicPotion:ReiMu"},{"floor":16.0,"key":"DistilledChaos"},{"floor":18.0,"key":"GrandPatriotsElixir:ReiMu"},{"floor":29.0,"key":"GrandPatriotsElixir:ReiMu"},{"floor":33.0,"key":"BlessingOfTheForge"},{"floor":42.0,"key":"ColorlessPotion"},{"floor":46.0,"key":"SpeedPotion"},{"floor":53,"key":"GrandPatriotsElixir:ReiMu"},{"floor":53,"key":"Toxic Potion"},{"floor":53,"key":"Swift Potion"},{"floor":53,"key":"EntropicBrew"},{"floor":54,"key":"Venom Potion"}],"is_trial":false,"path_per_floor":["M","?","M","?","$","E","R","E","T","R","E","?","E","M","R","B",null,"M","?","$","?","M","E","M","?","T","E","M","E","?","T","R","B",null,"M","?","?","M","?","E","$","E","T","R","?","E","?","M","R","B",null,"R","$","E","B",null],"character_chosen":"Kiyohime","items_purchased":["hubris:TinFlute","REME_HandOfSuture","MagicDraw4"],"campfire_rested":0,"item_purchase_floors":[20,20,53],"current_hp_per_floor":[54,30,29,29,29,28,28,24,24,24,33,33,45,47,47,42,56,56,56,56,42,42,42,42,42,42,42,30,30,30,30,30,31,69,71,71,71,71,71,66,66,61,61,61,61,48,48,48,48,5,55,55,79,79,52],"gold":367,"neow_bonus":"BOSS_RELIC","is_daily":false,"chose_seed":false,"campfire_upgraded":6,"win_rate":0.0,"timestamp":1610295006,"path_taken":["M","?","?","?","$","E","R","E","T","R","E","?","E","?","R","BOSS","M","?","$","?","M","E","M","?","T","E","?","E","?","?","R","BOSS","M","?","?","M","?","E","$","E","T","R","?","E","?","?","R","BOSS","R","$","E","BOSS"],"items_purchased_type":["Relic","Relic","Relic"],"build_version":"2020-12-22","purchased_purges":4,"victory":true,"max_hp_per_floor":[60,60,60,60,60,60,60,60,60,60,60,60,60,60,60,60,60,60,60,60,42,42,42,42,42,42,42,42,42,42,42,42,42,72,72,72,72,72,72,72,72,72,72,72,72,72,72,72,72,72,72,72,79,79,79],"relic_stats":{"Lee\u0027s Waffle":28,"counters":[26,66],"Blue Candle":[16],"Prayer Wheel":1,"PreservedInsect":497,"Bag of Preparation":[45],"Letter Opener":[120],"Smiling Mask":225,"Boot":[0],"obtain_stats":[{"hubris:Metronome":53,"Bag of Preparation":6,"KiyohimeMod:HolyShroudOfMagdalene":54,"MagicDraw4":53,"MagicDraw3":13,"Smiling Mask":37,"Boot":46,"Gensokyo:LunaticRedEyes":4,"Gensokyo:DualWield":36,"Ring of Searing":31,"KiyohimeMod:FireDragon":0,"Frozen Eye":23,"hubris:Icosahedron":30,"Chameleon Ring":53,"Mastiff:ReiMu":40,"Prayer Wheel":42,"Iron Hammer":29,"hubris:TinFlute":20,"Potion Belt":31,"Lee\u0027s Waffle":53,"Replay:Towering Pillar of Hats":0,"Blue Candle":0,"PreservedInsect":8,"vexMod:FocusSash":26,"Letter Opener":27,"REME_LimitBreaker":11,"Akabeko":0,"Calling Bell":0,"Cauldron":53,"REME_HourglassOfDeath":23,"ReplayTheSpireMod:Ring of Collecting":12,"KiyohimeMod:Bond":17,"REME_HandOfSuture":20,"Snack Pack":9,"ReplayTheSpireMod:TigerMarble":53,"ReplayTheSpireMod:Ring of Challenge":26,"REME_ComplimentaryCards":0,"vexMod:BigBerry":34,"hubris:NiceRug":53},{"hubris:Metronome":24,"Bag of Preparation":3,"KiyohimeMod:HolyShroudOfMagdalene":25,"MagicDraw4":23,"MagicDraw3":6,"Smiling Mask":17,"Boot":21,"Gensokyo:LunaticRedEyes":2,"Gensokyo:DualWield":17,"Ring of Searing":15,"KiyohimeMod:FireDragon":0,"Frozen Eye":10,"hubris:Icosahedron":15,"Chameleon Ring":24,"Mastiff:ReiMu":19,"Prayer Wheel":20,"Iron Hammer":15,"hubris:TinFlute":9,"Potion Belt":15,"Lee\u0027s Waffle":24,"Replay:Towering Pillar of Hats":0,"Blue Candle":0,"PreservedInsect":4,"vexMod:FocusSash":12,"Letter Opener":13,"REME_LimitBreaker":5,"Akabeko":0,"Calling Bell":0,"Cauldron":24,"REME_HourglassOfDeath":11,"ReplayTheSpireMod:Ring of Collecting":5,"KiyohimeMod:Bond":8,"REME_HandOfSuture":9,"Snack Pack":4,"ReplayTheSpireMod:TigerMarble":24,"ReplayTheSpireMod:Ring of Challenge":12,"REME_ComplimentaryCards":0,"vexMod:BigBerry":16,"hubris:NiceRug":24},{"hubris:Metronome":60,"Bag of Preparation":11,"KiyohimeMod:HolyShroudOfMagdalene":61,"MagicDraw4":57,"MagicDraw3":21,"Smiling Mask":39,"Boot":48,"Gensokyo:LunaticRedEyes":6,"Gensokyo:DualWield":39,"Ring of Searing":37,"KiyohimeMod:FireDragon":0,"Frozen Eye":30,"hubris:Icosahedron":37,"Chameleon Ring":60,"Mastiff:ReiMu":43,"Prayer Wheel":45,"Iron Hammer":37,"hubris:TinFlute":28,"Potion Belt":37,"Lee\u0027s Waffle":60,"Replay:Towering Pillar of Hats":0,"Blue Candle":0,"PreservedInsect":14,"vexMod:FocusSash":33,"Letter Opener":34,"REME_LimitBreaker":18,"Akabeko":0,"Calling Bell":0,"Cauldron":60,"REME_HourglassOfDeath":31,"ReplayTheSpireMod:Ring of Collecting":18,"KiyohimeMod:Bond":27,"REME_HandOfSuture":28,"Snack Pack":14,"ReplayTheSpireMod:TigerMarble":60,"ReplayTheSpireMod:Ring of Challenge":33,"REME_ComplimentaryCards":0,"vexMod:BigBerry":38,"hubris:NiceRug":60}]},"card_choices":[{"not_picked":["KiyohimeMod:Preemptive","KiyohimeMod:LimitedZeroOver","KiyohimeMod:EatSoul"],"picked":"SKIP","floor":1.0},{"not_picked":["KiyohimeMod:Tenacious","KiyohimeMod:BeastOfBillows","KiyohimeMod:GreenBlackKey"],"picked":"SKIP","floor":3.0},{"not_picked":["KiyohimeMod:Berserker","KiyohimeMod:Projection"],"picked":"KiyohimeMod:EatSoul","floor":6.0},{"not_picked":["KiyohimeMod:ImaginaryAround","KiyohimeMod:RealityMarble"],"picked":"KiyohimeMod:Servant_TamamoNoMae","floor":8.0},{"not_picked":["KiyohimeMod:SteelTraining","KiyohimeMod:Preemptive","KiyohimeMod:FormalCraft"],"picked":"SKIP","floor":11.0},{"not_picked":["KiyohimeMod:DivineConstruct","KiyohimeMod:SteelTraining","KiyohimeMod:Fragarach"],"picked":"SKIP","floor":13.0},{"not_picked":["KiyohimeMod:RedBlackKey","KiyohimeMod:GreenBlackKey","KiyohimeMod:AndSoTheShipConquers"],"picked":"SKIP","floor":14.0},{"not_picked":["KiyohimeMod:Barrier","KiyohimeMod:HeroCreation"],"picked":"KiyohimeMod:ImaginaryNumberMagecraft","floor":16.0},{"not_picked":["KiyohimeMod:Preemptive","KiyohimeMod:EatSoul"],"picked":"KiyohimeMod:CommandCard_Buster+1","floor":18.0},{"not_picked":["KiyohimeMod:RedBlackKey","KiyohimeMod:BeElegant","KiyohimeMod:Preemptive"],"picked":"SKIP","floor":22.0},{"not_picked":["KiyohimeMod:HotSpringOfTheMoon+1","KiyohimeMod:DivineConstruct","KiyohimeMod:SteelTraining"],"picked":"SKIP","floor":23.0},{"not_picked":["KiyohimeMod:AndSoTheShipConquers","KiyohimeMod:GreenBlackKey"],"picked":"KiyohimeMod:SteelTraining+1","floor":24.0},{"not_picked":["KiyohimeMod:Fragarach","KiyohimeMod:SteelTraining","KiyohimeMod:Berserker"],"picked":"SKIP","floor":27.0},{"not_picked":["KiyohimeMod:GreenBlackKey","KiyohimeMod:LimitedZeroOver","KiyohimeMod:AndSoTheShipConquers"],"picked":"SKIP","floor":28.0},{"not_picked":["KiyohimeMod:Preemptive","KiyohimeMod:BlueBlackKey"],"picked":"KiyohimeMod:AVerseOfBurningLoveStory","floor":29.0},{"not_picked":["KiyohimeMod:Fragarach+1","KiyohimeMod:SteelTraining+1","KiyohimeMod:BlueBlackKey"],"picked":"SKIP","floor":35.0},{"not_picked":["KiyohimeMod:BeastOfBillows","KiyohimeMod:Berserker+1"],"picked":"KiyohimeMod:AndSoTheShipConquers+1","floor":38.0},{"not_picked":["KiyohimeMod:Preemptive+1","KiyohimeMod:Berserker+1"],"picked":"KiyohimeMod:FacelessMoon","floor":40.0},{"not_picked":["KiyohimeMod:DragonVein","KiyohimeMod:RedBlackKey+1","KiyohimeMod:Preemptive+1"],"picked":"SKIP","floor":42.0},{"not_picked":["KiyohimeMod:Preemptive","KiyohimeMod:EatSoul+1"],"picked":"KiyohimeMod:Servant_Osakabehime","floor":46.0},{"not_picked":["KiyohimeMod:Berserker","KiyohimeMod:GreenBlackKey"],"picked":"KiyohimeMod:Grimoire","floor":48},{"not_picked":["KiyohimeMod:EatSoul+1","KiyohimeMod:Berserker+1"],"picked":"KiyohimeMod:BeastOfBillows+1","floor":48},{"not_picked":["KiyohimeMod:Fragarach"],"picked":"SKIP","floor":53},{"not_picked":["KiyohimeMod:GreenBlackKey"],"picked":"SKIP","floor":53},{"not_picked":["KiyohimeMod:SteelTraining"],"picked":"SKIP","floor":53},{"not_picked":["KiyohimeMod:WaterTurn"],"picked":"SKIP","floor":53},{"not_picked":["KiyohimeMod:PrismaCosmos"],"picked":"SKIP","floor":53},{"not_picked":["Replay:Sssssssssstrike"],"picked":"SKIP","floor":53},{"not_picked":["REME_AllRoundStrike"],"picked":"SKIP","floor":53},{"not_picked":["KiyohimeMod:CommandCard_Quick+1","KiyohimeMod:Fragarach","KiyohimeMod:FirstPremonition"],"picked":"SKIP","floor":54}],"player_experience":129657,"relics_obtained":[{"floor":0.0,"key":"Akabeko"},{"floor":0.0,"key":"Blue Candle"},{"floor":0.0,"key":"Replay:Towering Pillar of Hats"},{"floor":6.0,"key":"Bag of Preparation"},{"floor":8.0,"key":"PreservedInsect"},{"floor":9.0,"key":"Snack Pack"},{"floor":11.0,"key":"REME_LimitBreaker"},{"floor":12.0,"key":"ReplayTheSpireMod:Ring of Collecting"},{"floor":13.0,"key":"MagicDraw3"},{"floor":23.0,"key":"REME_HourglassOfDeath"},{"floor":26.0,"key":"ReplayTheSpireMod:Ring of Challenge"},{"floor":26.0,"key":"vexMod:FocusSash"},{"floor":27.0,"key":"Letter Opener"},{"floor":29.0,"key":"Iron Hammer"},{"floor":31.0,"key":"Ring of Searing"},{"floor":31.0,"key":"Potion Belt"},{"floor":40.0,"key":"Mastiff:ReiMu"},{"floor":42.0,"key":"Prayer Wheel"},{"floor":46.0,"key":"Boot"},{"floor":53,"key":"Chameleon Ring"},{"floor":53,"key":"ReplayTheSpireMod:TigerMarble"},{"floor":53,"key":"Lee\u0027s Waffle"},{"floor":53,"key":"hubris:Metronome"},{"floor":53,"key":"Cauldron"},{"floor":54,"key":"KiyohimeMod:HolyShroudOfMagdalene"}],"event_choices":[],"is_beta":false,"boss_relics":[{"not_picked":["REME_DemonsWealth","Velvet Choker"],"picked":"KiyohimeMod:Bond"},{"not_picked":["hubris:Stopwatch","Painkiller Herb"],"picked":"vexMod:BigBerry"}],"items_purged_floors":[5,41,53,53],"is_endless":false,"potions_floor_spawned":[1,3,13,16,18,18,23,27,29,33,42,46,54],"ascension_level":9}}