{"host":"fjaupvxe7fzqrf4j","time":1610280499,"event":{"mods":["ATMod(°¢èªMod)","BaseMod","Minty Spire (QoL Compilation)","StSLib"],"gold_per_floor":[114,114,189,199,124,157,188,230,268,314,361,373,414,455,467,555,567,594,606,618,15,41,75,103,131,131,160,190,90,124,159,159,236,236,251,251,276,109,109,136,170,202,227,262,296,327,375,375,375,375,375,375,375,27,57,57],"floor_reached":57,"playtime":1382,"items_purged":["ClearTheMind","Conclude+1"],"score":4591,"play_id":"7ac79754-6fb7-41f4-b801-9a700848fada","local_time":"20210110200819","daily_mods":["SealedDeck","Heirloom","Time Dilation","Flight","Elite Swarm"],"is_ascension_mode":true,"campfire_choices":[{"data":"Blasphemy","floor":12.0,"key":"SMITH"},{"data":"Scrawl","floor":15.0,"key":"SMITH"},{"data":"AT_ChampionStep","floor":32.0,"key":"SMITH"},{"floor":49.0,"key":"RECALL"},{"data":"AT_OneInchPunch+1","floor":53,"key":"PURGE"}],"circlet_count":0,"master_deck":["AscendersBane","ClearTheMind+1","TalkToTheHand+1","Adaptation+1","Wallop+1","Indignation+1","TalkToTheHand+1","AT_ChampionStep+1","FearNoEvil+1","Fasting2+1","Blasphemy+1","LessonLearned+1","Ragnarok+1","DevaForm+1","Scrawl+1","Tantrum+1","FlurryOfBlows+1","Tantrum+1","Omniscience+1","DeusExMachina+1","Vault+1","Scrawl+1","Omniscience+1"],"relics":["PureWater","AT_ATBox","Prayer Wheel","Blood Vial","MawBank","Blue Candle","Whetstone","AT_RedNoBalance","Ice Cream","AT_ArchangelStaff","Sozu","Enchiridion","MutagenicStrength","Lee\u0027s Waffle","PreservedInsect","HornCleat","Red Mask","Peace Pipe","AT_ForceNature","War Paint","Toxic Egg 2","Art of War","FossilizedHelix","MealTicket","Runic Pyramid","Lizard Tail","AT_BladeRuinedKing","Mummified Hand","The Courier","Shovel","Bag of Marbles","Nunchaku","AT_SilvercatRing","GoldenEye","AT_GoldPhoenixTree","Damaru","Ornamental Fan","AT_ChloranthyRing"],"acts_visited":["Exordium","TheCity","TheBeyond","TheEnding"],"potions_floor_usage":[56],"damage_taken":[{"damage":0.0,"enemies":"Small Slimes","floor":1.0,"turns":1.0},{"damage":0.0,"enemies":"2 Louse","floor":4.0,"turns":2.0},{"damage":0.0,"enemies":"Lagavulin","floor":6.0,"turns":3.0},{"damage":0.0,"enemies":"3 Sentries","floor":7.0,"turns":1.0},{"damage":0.0,"enemies":"Gremlin Nob","floor":8.0,"turns":2.0},{"damage":0.0,"enemies":"3 Sentries","floor":10.0,"turns":1.0},{"damage":18.0,"enemies":"Lagavulin","floor":11.0,"turns":5.0},{"damage":0.0,"enemies":"Gremlin Nob","floor":13.0,"turns":1.0},{"damage":0.0,"enemies":"Lagavulin","floor":14.0,"turns":3.0},{"damage":0.0,"enemies":"Slime Boss","floor":16.0,"turns":3.0},{"damage":11.0,"enemies":"2 Thieves","floor":18.0,"turns":2.0},{"damage":0.0,"enemies":"Masked Bandits","floor":22.0,"turns":2.0},{"damage":10.0,"enemies":"Book of Stabbing","floor":23.0,"turns":2.0},{"damage":12.0,"enemies":"Slavers","floor":24.0,"turns":2.0},{"damage":0.0,"enemies":"Book of Stabbing","floor":25.0,"turns":1.0},{"damage":0.0,"enemies":"Slavers","floor":27.0,"turns":1.0},{"damage":0.0,"enemies":"Book of Stabbing","floor":28.0,"turns":1.0},{"damage":0.0,"enemies":"Slavers","floor":30.0,"turns":1.0},{"damage":0.0,"enemies":"Gremlin Leader","floor":31.0,"turns":1.0},{"damage":0.0,"enemies":"Champ","floor":33.0,"turns":3.0},{"damage":0.0,"enemies":"3 Darklings","floor":35.0,"turns":2.0},{"damage":0.0,"enemies":"Mind Bloom Boss Battle","floor":37.0,"turns":3.0},{"damage":0.0,"enemies":"Reptomancer","floor":40.0,"turns":2.0},{"damage":0.0,"enemies":"Giant Head","floor":41.0,"turns":2.0},{"damage":0.0,"enemies":"Reptomancer","floor":42.0,"turns":1.0},{"damage":0.0,"enemies":"Nemesis","floor":44.0,"turns":1.0},{"damage":0.0,"enemies":"Giant Head","floor":45.0,"turns":2.0},{"damage":0.0,"enemies":"Nemesis","floor":46.0,"turns":1.0},{"damage":0.0,"enemies":"2 Orb Walkers","floor":47.0,"turns":1.0},{"damage":0.0,"enemies":"Awakened One","floor":50.0,"turns":3.0},{"damage":0.0,"enemies":"Time Eater","floor":51.0,"turns":2.0},{"damage":0,"enemies":"Shield and Spear","floor":55,"turns":2},{"damage":0,"enemies":"The Heart","floor":56,"turns":5}],"seed_played":"-9048139882785454677","potions_obtained":[{"floor":1.0,"key":"Explosive Potion"},{"floor":4.0,"key":"Swift Potion"},{"floor":10.0,"key":"Weak Potion"},{"floor":11.0,"key":"BlessingOfTheForge"},{"floor":16.0,"key":"Energy Potion"}],"is_trial":true,"path_per_floor":["M","?","?","M","$","E","E","E","T","E","E","R","E","E","R","B",null,"M","?","?","$","?","E","E","E","T","E","E","$","E","E","R","B",null,"M","?","?","$","?","E","E","E","T","E","E","E","?","?","R","B","B",null,"R","$","E","B",null],"character_chosen":"WATCHER","items_purchased":["Lee\u0027s Waffle","PreservedInsect","HornCleat","AT_BladeRuinedKing","Damaru","Ornamental Fan"],"campfire_rested":0,"item_purchase_floors":[21,21,21,38,54,54],"current_hp_per_floor":[61,61,50,50,50,50,52,54,54,56,40,40,36,36,36,36,60,25,4,4,75,39,31,21,23,23,25,27,27,29,31,31,33,65,67,65,67,75,71,71,71,71,71,71,71,71,71,71,71,71,71,71,71,71,71,71],"gold":57,"neow_bonus":"","is_daily":false,"chose_seed":false,"campfire_upgraded":3,"win_rate":0.0,"timestamp":1610280499,"path_taken":["M","?","?","M","$","E","E","E","T","E","E","R","E","E","R","BOSS","M","?","?","$","?","E","E","E","T","E","E","$","E","E","R","BOSS","M","?","?","$","?","E","E","E","T","E","E","E","?","?","R","BOSS","BOSS","R","$","E","BOSS"],"items_purchased_type":["Relic","Relic","Relic","Relic","Relic","Relic"],"build_version":"2020-12-22","purchased_purges":2,"victory":true,"max_hp_per_floor":[68,68,68,68,68,68,68,68,68,68,68,68,68,68,68,68,68,68,68,68,75,75,75,75,75,75,75,75,75,75,75,75,75,75,75,75,75,75,71,71,71,71,71,71,71,71,71,71,71,71,71,71,71,71,71,71],"card_choices":[{"not_picked":["JustLucky","EmptyFist"],"picked":"FearNoEvil","floor":1.0},{"not_picked":["BattleHymn","AT_DivineConfetti","Conclude"],"picked":"SKIP","floor":1.0},{"not_picked":["FlurryOfBlows","Crescendo"],"picked":"Fasting2","floor":4.0},{"not_picked":["EmptyMind","PathToVictory","ForeignInfluence"],"picked":"SKIP","floor":4.0},{"not_picked":["Alpha","DevaForm"],"picked":"Blasphemy","floor":6.0},{"not_picked":["SpiritShield","Blasphemy"],"picked":"LessonLearned","floor":7.0},{"not_picked":["DeusExMachina","Establishment"],"picked":"Ragnarok","floor":8.0},{"not_picked":["LessonLearned","AT_IrregularMenstruation","ConjureBlade"],"picked":"SKIP","floor":10.0},{"not_picked":["MasterReality","Devotion"],"picked":"DevaForm","floor":11.0},{"not_picked":["Brilliance","Ragnarok"],"picked":"Scrawl","floor":13.0},{"not_picked":["MasterReality","DevaForm","Devotion"],"picked":"SKIP","floor":14.0},{"not_picked":["Crescendo","SashWhip"],"picked":"Tantrum","floor":18.0},{"not_picked":["SashWhip","Protect"],"picked":"FlurryOfBlows","floor":18.0},{"not_picked":["CarveReality","Halt+1"],"picked":"Tantrum","floor":22.0},{"not_picked":["ConjureBlade","Devotion","Establishment"],"picked":"SKIP","floor":23.0},{"not_picked":["Judgement","ConjureBlade","Establishment"],"picked":"SKIP","floor":24.0},{"not_picked":["ConjureBlade","Brilliance"],"picked":"Omniscience","floor":25.0},{"not_picked":["Ragnarok","MasterReality","LessonLearned"],"picked":"SKIP","floor":27.0},{"not_picked":["Brilliance","AT_RealColorLess"],"picked":"DeusExMachina+1","floor":28.0},{"not_picked":["AT_ChampionKick","AT_IrregularMenstruation+1","ConjureBlade+1"],"picked":"SKIP","floor":30.0},{"not_picked":["AT_RealColorLess","AT_MachinaRedman+1","DeusExMachina+1"],"picked":"SKIP","floor":31.0},{"not_picked":["Blasphemy+1","Ragnarok"],"picked":"Vault+1","floor":33.0},{"not_picked":["PathToVictory+1","Sanctity+1","Protect+1"],"picked":"SKIP","floor":35.0},{"not_picked":["EmptyBody+1","Fasting2+1","FearNoEvil+1"],"picked":"SKIP","floor":35.0},{"not_picked":["AT_CelerityRune","Chrysalis+1"],"picked":"Purity+1","floor":36.0},{"not_picked":["Vault+1","Blasphemy+1","ConjureBlade+1"],"picked":"SKIP","floor":40.0},{"not_picked":["Wish+1","Judgement+1"],"picked":"Scrawl+1","floor":41.0},{"not_picked":["LessonLearned","Wish+1","ConjureBlade+1"],"picked":"SKIP","floor":42.0},{"not_picked":["Wish+1","AT_ChampionKick","Judgement+1"],"picked":"SKIP","floor":44.0},{"not_picked":["Vault+1","AT_ChampionKick","DevaForm"],"picked":"SKIP","floor":45.0},{"not_picked":["AT_MachinaRedman+1","Ragnarok"],"picked":"Omniscience+1","floor":46.0},{"not_picked":["AT_RealColorLess","Wish+1","Alpha+1"],"picked":"SKIP","floor":55}],"player_experience":379486,"relics_obtained":[{"floor":6.0,"key":"Blood Vial"},{"floor":7.0,"key":"MawBank"},{"floor":8.0,"key":"Blue Candle"},{"floor":9.0,"key":"Whetstone"},{"floor":11.0,"key":"AT_SilverBalance"},{"floor":13.0,"key":"Ice Cream"},{"floor":14.0,"key":"AT_ArchangelStaff"},{"floor":19.0,"key":"Enchiridion"},{"floor":22.0,"key":"Red Mask"},{"floor":23.0,"key":"Peace Pipe"},{"floor":24.0,"key":"AT_ForceNature"},{"floor":25.0,"key":"War Paint"},{"floor":27.0,"key":"Toxic Egg 2"},{"floor":28.0,"key":"Art of War"},{"floor":30.0,"key":"FossilizedHelix"},{"floor":31.0,"key":"MealTicket"},{"floor":37.0,"key":"Lizard Tail"},{"floor":40.0,"key":"Mummified Hand"},{"floor":41.0,"key":"The Courier"},{"floor":42.0,"key":"Shovel"},{"floor":43.0,"key":"Bag of Marbles"},{"floor":44.0,"key":"Nunchaku"},{"floor":45.0,"key":"AT_SilvercatRing"},{"floor":46.0,"key":"GoldenEye"},{"floor":47.0,"key":"AT_GoldPhoenixTree"},{"floor":55,"key":"AT_ChloranthyRing"}],"event_choices":[{"damage_healed":0.0,"max_hp_gain":0.0,"max_hp_loss":0.0,"gold_gain":0.0,"event_name":"Living Wall","player_choice":"Grow","floor":2.0,"gold_loss":0.0,"damage_taken":0.0,"cards_upgraded":["AT_OneInchPunch"]},{"damage_healed":0.0,"max_hp_gain":0.0,"max_hp_loss":0.0,"gold_gain":75.0,"event_name":"World of Goop","player_choice":"Gather Gold","floor":3.0,"gold_loss":0.0,"damage_taken":11.0},{"damage_healed":0.0,"max_hp_gain":0.0,"max_hp_loss":0.0,"gold_gain":0.0,"event_name":"Cursed Tome","player_choice":"Obtained Book","floor":19.0,"gold_loss":0.0,"damage_taken":21.0},{"damage_healed":0.0,"max_hp_gain":0.0,"max_hp_loss":0.0,"gold_gain":0.0,"event_name":"Drug Dealer","player_choice":"Inject Mutagens","floor":20.0,"gold_loss":0.0,"damage_taken":0.0,"relics_obtained":["MutagenicStrength"]},{"damage_healed":0.0,"max_hp_gain":0.0,"max_hp_loss":0.0,"gold_gain":0.0,"event_name":"Masked Bandits","player_choice":"Fought Bandits","floor":22.0,"gold_loss":0.0,"damage_taken":0.0},{"damage_healed":0.0,"max_hp_gain":0.0,"max_hp_loss":0.0,"gold_gain":0.0,"event_name":"SensoryStone","player_choice":"Memory 2","floor":36.0,"gold_loss":0.0,"damage_taken":5.0},{"damage_healed":0.0,"max_hp_gain":0.0,"max_hp_loss":0.0,"gold_gain":0.0,"event_name":"MindBloom","player_choice":"Fight","floor":37.0,"gold_loss":0.0,"damage_taken":0.0},{"damage_healed":0.0,"max_hp_gain":0.0,"max_hp_loss":4.0,"gold_gain":0.0,"event_name":"Winding Halls","player_choice":"Max HP","floor":39.0,"gold_loss":0.0,"damage_taken":0.0},{"damage_healed":0.0,"max_hp_gain":0.0,"max_hp_loss":0.0,"gold_gain":0.0,"event_name":"Mysterious Sphere","player_choice":"Fight","floor":47.0,"gold_loss":0.0,"damage_taken":0.0},{"cards_removed":["Purity"],"damage_healed":0.0,"max_hp_gain":0.0,"max_hp_loss":0.0,"gold_gain":0.0,"event_name":"Falling","player_choice":"Removed Skill","floor":48.0,"gold_loss":0.0,"damage_taken":0.0}],"is_beta":false,"boss_relics":[{"not_picked":["Tiny House","Empty Cage"],"picked":"Sozu"},{"not_picked":["Coffee Dripper","Philosopher\u0027s Stone"],"picked":"Runic Pyramid"}],"items_purged_floors":[5,29],"is_endless":false,"potions_floor_spawned":[1,4,10,11,13,16,18,22,28,30,37,41,46,55],"ascension_level":20}}