{"host":"Qube","time":1610245494,"event":{"mods":["AchievementEnabler","BaseMod","Colored Map","Colored Powertips","Minty Spire (QoL Compilation)","Quick Restart","Random Character Button","StSLib"],"gold_per_floor":[116,127,127,139,149,149,45,45,45,45,75,93,119,137,137,214,214,214,214,61,111,127,127,141,160,213,213,213,239,239,289,289,289,289],"floor_reached":33,"playtime":1162,"items_purged":["Writhe"],"score":536,"play_id":"ece8ab3a-8da5-4faa-a867-28647a0578e7","local_time":"20210109182454","is_ascension_mode":true,"campfire_choices":[{"floor":6.0,"key":"REST"},{"floor":10.0,"key":"REST"},{"floor":15.0,"key":"REST"},{"data":"Zap","floor":23.0,"key":"SMITH"},{"data":"Dualcast","floor":27.0,"key":"SMITH"},{"data":"Coolheaded","floor":30,"key":"SMITH"},{"floor":32,"key":"REST"}],"circlet_count":0,"master_deck":["AscendersBane","Zap+1","Dualcast+1","Cold Snap+1","Barrage","Genetic Algorithm+1","Coolheaded","Coolheaded","Skim","Gash","Doom and Gloom","Glacier","All For One","All For One","Auto Shields","Rebound","Sweeping Beam","Coolheaded+1","Beam Cell","Go for the Eyes","Steam","Chill","Beam Cell","Beam Cell"],"relics":["Cracked Core","The Courier","Oddly Smooth Stone","Bag of Preparation","Pandora\u0027s Box","HornCleat","PreservedInsect","Question Card"],"acts_visited":["Exordium","TheCity"],"potions_floor_usage":[29],"damage_taken":[{"damage":9.0,"enemies":"Jaw Worm","floor":1.0,"turns":4.0},{"damage":5.0,"enemies":"Small Slimes","floor":2.0,"turns":3.0},{"damage":0.0,"enemies":"Cultist","floor":4.0,"turns":3.0},{"damage":6.0,"enemies":"Exordium Wildlife","floor":5.0,"turns":3.0},{"damage":2.0,"enemies":"Lagavulin","floor":11.0,"turns":7.0},{"damage":1.0,"enemies":"Looter","floor":12.0,"turns":4.0},{"damage":11.0,"enemies":"3 Sentries","floor":13.0,"turns":4.0},{"damage":8.0,"enemies":"Lots of Slimes","floor":14.0,"turns":3.0},{"damage":22.0,"enemies":"Slime Boss","floor":16.0,"turns":11.0},{"damage":0.0,"enemies":"Chosen","floor":18.0,"turns":1.0},{"damage":4.0,"enemies":"Spheric Guardian","floor":22.0,"turns":4.0},{"damage":0.0,"enemies":"Snake Plant","floor":24.0,"turns":3.0},{"damage":0.0,"enemies":"Snecko","floor":25.0,"turns":3.0},{"damage":3,"enemies":"Slavers","floor":29,"turns":3},{"damage":39,"enemies":"Automaton","floor":33,"turns":10}],"seed_played":"-5008181255882297118","potions_obtained":[{"floor":2.0,"key":"FocusPotion"},{"floor":5.0,"key":"AttackPotion"},{"floor":13.0,"key":"SmokeBomb"},{"floor":16.0,"key":"AttackPotion"},{"floor":25.0,"key":"ColorlessPotion"}],"is_trial":false,"path_per_floor":["M","M","?","M","M","R","$","?","T","R","E","M","E","M","R","B",null,"M","?","$","?","M","R","M","M","T","R","?","E","R","?","R","B"],"character_chosen":"DEFECT","items_purchased":["Coolheaded","Skim","Go for the Eyes","Steam"],"campfire_rested":4,"item_purchase_floors":[7,7,20,20],"current_hp_per_floor":[37,32,11,11,5,26,26,26,26,47,45,44,33,25,46,24,59,59,59,59,59,55,55,55,55,55,55,35,32,32,32,54,15,15],"gold":289,"neow_bonus":"REMOVE_TWO","is_daily":false,"chose_seed":false,"campfire_upgraded":3,"win_rate":0.0,"timestamp":1610245494,"path_taken":["M","M","?","M","M","R","$","?","T","R","E","M","E","?","R","BOSS","M","?","$","?","?","R","M","M","T","R","?","E","R","?","R","BOSS"],"items_purchased_type":["Card","Card","Card","Card"],"build_version":"2020-12-18","purchased_purges":1,"victory":false,"max_hp_per_floor":[71,71,71,71,71,71,71,71,71,71,71,71,71,71,71,71,71,71,71,71,71,71,71,71,71,71,71,76,76,76,76,76,76,76],"card_choices":[{"not_picked":["Sweeping Beam","Reprogram"],"picked":"Cold Snap","floor":1.0},{"not_picked":["Reprogram","Go for the Eyes"],"picked":"Barrage","floor":2.0},{"not_picked":["Conserve Battery","Loop"],"picked":"Genetic Algorithm","floor":4.0},{"not_picked":["Consume","Go for the Eyes"],"picked":"Coolheaded","floor":5.0},{"not_picked":["Redo","Aggregate"],"picked":"Gash","floor":11.0},{"not_picked":["Buffer","Redo"],"picked":"Doom and Gloom","floor":12.0},{"not_picked":["Sweeping Beam","Genetic Algorithm","Redo"],"picked":"SKIP","floor":13.0},{"not_picked":["Streamline","Coolheaded"],"picked":"Glacier","floor":14.0},{"not_picked":["Seek","Multi-Cast"],"picked":"All For One","floor":16.0},{"not_picked":["Redo","Sweeping Beam"],"picked":"Chill","floor":22.0},{"not_picked":["Conserve Battery","Undo","Loop"],"picked":"SKIP","floor":24.0},{"not_picked":["Compile Driver","Blizzard"],"picked":"Beam Cell","floor":25.0},{"not_picked":["Double Energy","Rebound"],"picked":"Beam Cell","floor":29}],"player_experience":871032,"relics_obtained":[{"floor":9.0,"key":"The Courier"},{"floor":11.0,"key":"Oddly Smooth Stone"},{"floor":13.0,"key":"Bag of Preparation"},{"floor":26.0,"key":"PreservedInsect"},{"floor":29,"key":"Question Card"}],"event_choices":[{"damage_healed":0.0,"max_hp_gain":0.0,"max_hp_loss":0.0,"gold_gain":0.0,"event_name":"Shining Light","player_choice":"Entered Light","floor":3.0,"gold_loss":0.0,"damage_taken":21.0,"cards_upgraded":["Cold Snap","Defend_B"]},{"damage_healed":0.0,"max_hp_gain":0.0,"max_hp_loss":0.0,"gold_gain":0.0,"event_name":"Living Wall","player_choice":"Grow","floor":8.0,"gold_loss":0.0,"damage_taken":0.0,"cards_upgraded":["Genetic Algorithm"]},{"damage_healed":0.0,"max_hp_gain":0.0,"max_hp_loss":0.0,"gold_gain":0.0,"event_name":"The Mausoleum","player_choice":"Opened","floor":19.0,"gold_loss":0.0,"damage_taken":0.0,"relics_obtained":["HornCleat"],"cards_obtained":["Writhe"]},{"damage_healed":0.0,"max_hp_gain":0.0,"max_hp_loss":0.0,"gold_gain":100.0,"event_name":"The Joust","player_choice":"Bet on Murderer","floor":21.0,"gold_loss":50.0,"damage_taken":0.0},{"damage_healed":0.0,"max_hp_gain":5.0,"max_hp_loss":0.0,"gold_gain":0.0,"event_name":"Forgotten Altar","player_choice":"Shed Blood","floor":28.0,"gold_loss":0.0,"damage_taken":25.0},{"damage_healed":0,"gold_gain":50,"player_choice":"Pray","damage_taken":0,"max_hp_gain":0,"max_hp_loss":0,"event_name":"Golden Shrine","floor":31,"gold_loss":0}],"is_beta":true,"boss_relics":[{"not_picked":["Fusion Hammer","Cursed Key"],"picked":"Pandora\u0027s Box"}],"items_purged_floors":[20],"is_endless":false,"potions_floor_spawned":[2,5,13,16,25],"killed_by":"Automaton","ascension_level":19}}