{"host":"lvhfn8l5bvc4nolx","time":1610248718,"event":{"mods":["AchievementEnabler","BaseMod","Colored Map","Keyboard Shortcuts","Minty Spire (QoL Compilation)","Permanent Neow","Quick Restart","SuperFastMode"],"gold_per_floor":[109,109,284,297,312,312,312,312,337,337,337,157,107,123,123,213,213,238,238,238,259,34,77,77,115,161,86,86,86,86],"floor_reached":29,"playtime":571,"items_purged":["Strike_R"],"score":505,"play_id":"42b20a12-6c2b-4c77-a140-6d936b114ab7","local_time":"20210110121838","is_ascension_mode":true,"campfire_choices":[{"floor":6.0,"key":"REST"},{"data":"Pommel Strike","floor":8.0,"key":"SMITH"},{"data":"Evolve","floor":11.0,"key":"SMITH"},{"data":"Body Slam","floor":15.0,"key":"SMITH"},{"floor":24.0,"key":"REST"}],"circlet_count":0,"master_deck":["AscendersBane","Strike_R","Strike_R","Defend_R+1","Defend_R","Defend_R","Defend_R+1","Bash","Injury","Impervious","Pommel Strike+1","Doubt","Power Through","Evolve+1","Sever Soul","Fire Breathing","Shrug It Off","Body Slam+1","Bloodletting","Offering+1","Burning Pact+1","Dual Wield","Evolve"],"relics":["Burning Blood","Golden Idol","War Paint","Blue Candle","Mark of Pain","ClockworkSouvenir","Juzu Bracelet","Thread and Needle","Pen Nib"],"acts_visited":["Exordium","TheCity"],"potions_floor_usage":[25,29],"damage_taken":[{"damage":16.0,"enemies":"Cultist","floor":1.0,"turns":4.0},{"damage":9.0,"enemies":"Small Slimes","floor":4.0,"turns":7.0},{"damage":29.0,"enemies":"Jaw Worm","floor":5.0,"turns":6.0},{"damage":0.0,"enemies":"Large Slime","floor":14.0,"turns":5.0},{"damage":3.0,"enemies":"Slime Boss","floor":16.0,"turns":7.0},{"damage":10.0,"enemies":"Chosen","floor":18.0,"turns":4.0},{"damage":19.0,"enemies":"Spheric Guardian","floor":21.0,"turns":5.0},{"damage":35.0,"enemies":"Slavers","floor":23.0,"turns":4.0},{"damage":39,"enemies":"Gremlin Leader","floor":25,"turns":4},{"damage":15,"enemies":"Snake Plant","floor":29,"turns":3}],"seed_played":"-7954257522501417382","potions_obtained":[{"floor":5.0,"key":"Block Potion"},{"floor":19.0,"key":"BlessingOfTheForge"},{"floor":21.0,"key":"Block Potion"}],"is_trial":false,"path_per_floor":["M","?","?","M","M","R","?","R","T","?","R","$","?","M","R","B",null,"M","?","$","M","$","E","R","E","T","$","?","M"],"character_chosen":"IRONCLAD","items_purchased":["Fire Breathing","Shrug It Off","Body Slam","ClockworkSouvenir","Dual Wield"],"campfire_rested":2,"item_purchase_floors":[12,12,12,22,22],"current_hp_per_floor":[58,40,40,37,14,36,36,36,36,29,29,29,29,35,35,38,66,62,62,62,49,49,20,42,9,9,9,9,0,0],"gold":86,"neow_bonus":"THREE_RARE_CARDS","is_daily":false,"chose_seed":false,"campfire_upgraded":3,"win_rate":0.0,"timestamp":1610248718,"path_taken":["M","?","?","M","M","R","?","R","T","?","R","$","?","M","R","BOSS","M","?","$","M","$","E","R","E","T","?","?","M"],"items_purchased_type":["Card","Card","Card","Relic","Card"],"build_version":"2020-12-22","purchased_purges":1,"victory":false,"max_hp_per_floor":[75,75,75,75,75,75,75,75,75,75,75,75,75,75,75,75,75,75,75,75,75,75,75,75,75,75,75,75,75,75],"card_choices":[{"not_picked":["Corruption","Berserk"],"picked":"Impervious","floor":0.0},{"not_picked":["Havoc","Fire Breathing"],"picked":"Pommel Strike","floor":1.0},{"not_picked":["Dual Wield","Flex"],"picked":"Power Through","floor":4.0},{"not_picked":["Headbutt","Exhume"],"picked":"Evolve","floor":5.0},{"not_picked":["Sever Soul","Warcry"],"picked":"Bloodletting","floor":14.0},{"not_picked":["Impervious","Immolate"],"picked":"Offering","floor":16.0},{"not_picked":["Infernal Blade","Wild Strike","True Grit"],"picked":"SKIP","floor":18.0},{"not_picked":["Flex","Iron Wave"],"picked":"Burning Pact+1","floor":21.0},{"not_picked":["Rupture","Flex"],"picked":"Evolve","floor":23.0},{"not_picked":["Cleave","Havoc","Searing Blow"],"picked":"SKIP","floor":25}],"player_experience":374301,"relics_obtained":[{"floor":9.0,"key":"War Paint"},{"floor":23.0,"key":"Juzu Bracelet"},{"floor":25,"key":"Thread and Needle"},{"floor":26,"key":"Pen Nib"}],"event_choices":[{"damage_healed":0.0,"max_hp_gain":0.0,"max_hp_loss":0.0,"gold_gain":0.0,"event_name":"Golden Idol","player_choice":"Take Damage","floor":2.0,"gold_loss":0.0,"damage_taken":18.0,"relics_obtained":["Golden Idol"]},{"damage_healed":0.0,"max_hp_gain":0.0,"max_hp_loss":0.0,"gold_gain":175.0,"event_name":"Liars Game","player_choice":"AGREE","floor":3.0,"gold_loss":0.0,"damage_taken":0.0,"cards_obtained":["Doubt"]},{"damage_healed":0.0,"max_hp_gain":0.0,"max_hp_loss":0.0,"gold_gain":0.0,"cards_transformed":["Strike_R"],"event_name":"Living Wall","player_choice":"Change","floor":7.0,"gold_loss":0.0,"damage_taken":0.0,"cards_obtained":["Sever Soul"]},{"damage_healed":0.0,"max_hp_gain":0.0,"max_hp_loss":0.0,"gold_gain":0.0,"event_name":"Scrap Ooze","player_choice":"Success","floor":10.0,"gold_loss":0.0,"damage_taken":7.0,"relics_obtained":["Blue Candle"]},{"cards_removed":["Strike_R"],"damage_healed":0.0,"max_hp_gain":0.0,"max_hp_loss":0.0,"gold_gain":0.0,"event_name":"The Cleric","player_choice":"Card Removal","floor":13.0,"gold_loss":50.0,"damage_taken":0.0},{"damage_healed":0.0,"max_hp_gain":0.0,"max_hp_loss":0.0,"gold_gain":0.0,"event_name":"Lab","player_choice":"Got Potions","floor":19.0,"gold_loss":0.0,"damage_taken":0.0},{"damage_healed":0,"gold_gain":0,"player_choice":"Forge","damage_taken":0,"max_hp_gain":0,"max_hp_loss":0,"event_name":"Accursed Blacksmith","floor":28,"gold_loss":0,"cards_upgraded":["Offering"]}],"is_beta":false,"boss_relics":[{"not_picked":["Black Star","Busted Crown"],"picked":"Mark of Pain"}],"items_purged_floors":[27],"is_endless":false,"potions_floor_spawned":[5,21,23],"killed_by":"Snake Plant","ascension_level":14}}