{"host":"3b5lda25ezqra65h","time":1610288674,"event":{"mods":["BaseMod","BetterRewards","Colored Map","Colored Powertips","Marisa????????","Minty Spire (QoL Compilation)","Shop Mod","StSLib","The Animator","The Cursed","The Disciple","The Senshi","The Servant 0.9.4","Yuri Mod"],"gold_per_floor":[114,114,114,11,27,27,27,58,58,58,58,58,58],"floor_reached":12,"playtime":348,"items_purged":[],"score":66,"play_id":"b4f54e0e-2705-4f53-a1b7-8322214254c1","local_time":"20210110152434","is_ascension_mode":false,"campfire_choices":[{"floor":6,"key":"RECALL"}],"circlet_count":0,"master_deck":["animator:Strike_Konosuba","animator:Defend_Konosuba+1","animator:Strike","animator:Strike","animator:Strike","animator:Defend","animator:Defend","animator:Defend+1","animator:Kazuma","animator:Aqua","animator:Vanir"],"relics":["animator:LivingPicture","animator:TheMissingPiece","NeowsBlessing","Golden Idol"],"acts_visited":["Exordium"],"potions_floor_usage":[12,12,12],"damage_taken":[{"damage":0,"enemies":"2 Louse","floor":1,"turns":1},{"damage":0,"enemies":"Jaw Worm","floor":5,"turns":1},{"damage":0,"enemies":"Cultist","floor":8,"turns":1},{"damage":46,"enemies":"Gremlin Nob","floor":12,"turns":5}],"seed_played":"-2021517899852956097","potions_obtained":[{"floor":8,"key":"Weak Potion"}],"is_trial":false,"path_per_floor":["M","$","?","$","M","R","$","M","T","?","?","E"],"character_chosen":"THE_ANIMATOR","items_purchased":["EntropicBrew"],"campfire_rested":0,"item_purchase_floors":[4],"current_hp_per_floor":[66,66,50,50,52,52,52,52,52,39,39,0,0],"gold":58,"neow_bonus":"THREE_ENEMY_KILL","is_daily":false,"chose_seed":false,"campfire_upgraded":0,"win_rate":0.0,"timestamp":1610288674,"path_taken":["M","$","?","?","M","R","$","M","T","?","?","E"],"items_purchased_type":["Potion"],"build_version":"2020-12-22","purchased_purges":0,"victory":false,"max_hp_per_floor":[66,66,66,66,66,66,66,66,66,66,66,66,66],"card_choices":[{"not_picked":["animator:Rider","animator:Kuribayashi","animator:TukaLunaMarceau"],"picked":"SKIP","floor":1},{"not_picked":["animator:Verdia","animator:LizardPriest","animator:Berserker"],"picked":"SKIP","floor":5},{"not_picked":["animator:Chung","animator:Sonic"],"picked":"animator:Vanir","floor":8}],"player_experience":262214,"relics_obtained":[],"event_choices":[{"damage_healed":0,"gold_gain":0,"player_choice":"Take Damage","damage_taken":16,"relics_obtained":["Golden Idol"],"max_hp_gain":0,"max_hp_loss":0,"event_name":"Golden Idol","floor":3,"gold_loss":0},{"damage_healed":0,"gold_gain":0,"player_choice":"Entered Light","damage_taken":13,"max_hp_gain":0,"max_hp_loss":0,"event_name":"Shining Light","floor":10,"gold_loss":0,"cards_upgraded":["animator:Defend","animator:Defend_Konosuba"]},{"damage_healed":0,"gold_gain":0,"player_choice":"Ignored","damage_taken":0,"max_hp_gain":0,"max_hp_loss":0,"event_name":"NoteForYourself","floor":11,"gold_loss":0}],"is_beta":false,"boss_relics":[],"items_purged_floors":[],"is_endless":false,"potions_floor_spawned":[8],"killed_by":"Gremlin Nob","ascension_level":0}}