{"host":"2apb6gwm2fj4theg","time":1610289092,"event":{"mods":["2.2 Compatiblity","AlwaysNeverKeys","Ascension Reborn","BaseMod","ChefMod","Halation","Hubris","Infinite Spire","Ironclad Rager","Marked Mod","Minty Spire (QoL Compilation)","Replay The Spire","Shop Mod","Small Relic Pack","StSLib","The Animator","Unceasing Turn Reminder"],"gold_per_floor":[113,192,203,216,230,256,266,296,350,30,41,41,41,66,66,171,171,191,210,210,47,47,47,64,82,82,82,108,108,108,141,141,246,246,262,262,282,327,327,355,355,355,378,394,424,230,230,230,230,230],"floor_reached":51,"playtime":4199,"items_purged":[],"score":867,"play_id":"6c51a596-e270-4f79-a234-1144d899aeb4","local_time":"20210110163132","is_ascension_mode":true,"campfire_choices":[{"data":"Infernal Blade","floor":13,"key":"SMITH"},{"data":"ReplayTheSpireMod:Strike From Hell","floor":15,"key":"SMITH"},{"floor":23,"key":"REST"},{"data":"Limit Break","floor":27,"key":"SMITH"},{"floor":30,"key":"REST"},{"data":"Eclipse","floor":41,"key":"SMITH"},{"floor":47,"key":"REST"},{"data":"ReplayTheSpireMod:Limb From Limb","floor":49,"key":"SMITH"}],"circlet_count":0,"master_deck":["Strike_R+1","Strike_R+1","Strike_R+1","Strike_R+1","Strike_R+1","Defend_R+1","Defend_R+1","Defend_R+1","Defend_R+1","Bash","Hemogenesis","Infernal Blade+1","Anger","Rage","ReplayTheSpireMod:Strike From Hell","Headbutt","Second Wind","ReplayTheSpireMod:Strike From Hell+1","Wild Strike","Intimidate","Anger","Limit Break+1","animator:Curse_Nutcracker","Eclipse+1","Deep Breath","infinitespire:Starlight","True Grit+1","Dark Embrace+1","Defy Death","Power Through","Thunderclap","ReplayTheSpireMod:Limb From Limb+1","Flex","Eclipse","RitualDagger","Armaments+1","Warcry","Berserk+1","Life Link+1","Infernal Blade+1","Twin Strike","Berserk+1","Rupture+1","ReplayTheSpireMod:Muscle Training+1","Panache+1","Pommel Strike"],"relics":["Burning Blood","halation:PromiseList","infinitespire:Lucky Rock","Orichalcum","Replay:Baseball","Champion Belt","Frozen Egg 2","ReplayTheSpireMod:SealedPack","infinitespire:WardingShard","Replay:Rubber Ducky","Bag of Preparation","Replay:Bronze Core","halation:SwordOfLegend","Pantograph","hubris:Icosahedron","Pen Nib","Magic Flower"],"acts_visited":["Exordium","TheCity","TheBeyond"],"potions_floor_usage":[6,6,8,16,20,33,33,44,45,48,50,50],"damage_taken":[{"damage":20,"enemies":"Jaw Worm","floor":1,"turns":6},{"damage":0,"enemies":"Small Slimes","floor":3,"turns":3},{"damage":16,"enemies":"infinitespire:Voidling","floor":4,"turns":4},{"damage":3,"enemies":"Exordium Wildlife","floor":5,"turns":3},{"damage":13,"enemies":"Lagavulin","floor":6,"turns":5},{"damage":0,"enemies":"Large Slime","floor":7,"turns":3},{"damage":27,"enemies":"3 Sentries","floor":8,"turns":6},{"damage":6,"enemies":"Looter","floor":11,"turns":2},{"damage":0,"enemies":"Replay:BlueRogue","floor":14,"turns":2},{"damage":15,"enemies":"Fading Forest","floor":16,"turns":11},{"damage":20,"enemies":"Shell Parasite","floor":18,"turns":4},{"damage":34,"enemies":"3 Byrds","floor":19,"turns":6},{"damage":23,"enemies":"Sentry and Sphere","floor":20,"turns":5},{"damage":8,"enemies":"Centurion and Healer","floor":24,"turns":4},{"damage":12,"enemies":"Snake Plant","floor":25,"turns":4},{"damage":12,"enemies":"Gremlin Leader","floor":28,"turns":4},{"damage":21,"enemies":"Slavers","floor":31,"turns":5},{"damage":69,"enemies":"Collector","floor":33,"turns":8},{"damage":41,"enemies":"3 Darklings","floor":35,"turns":8},{"damage":43,"enemies":"infinitespire:Three Voidlings","floor":36,"turns":5},{"damage":0,"enemies":"3 Shapes","floor":37,"turns":4},{"damage":7,"enemies":"2 Orb Walkers","floor":38,"turns":3},{"damage":24,"enemies":"Nemesis","floor":40,"turns":5},{"damage":50,"enemies":"Maw","floor":44,"turns":6},{"damage":5,"enemies":"Giant Head","floor":45,"turns":5},{"damage":0,"enemies":"4 Shapes","floor":48,"turns":1},{"damage":104,"enemies":"Time Eater","floor":50,"turns":10}],"seed_played":"2081674383562590437","potions_obtained":[{"floor":2,"key":"Milkshake"},{"floor":2,"key":"Reflective Coating"},{"floor":3,"key":"SteroidPotion"},{"floor":4,"key":"ColorlessPotion"},{"floor":8,"key":"Strength Potion"},{"floor":11,"key":"DuplicationPotion"},{"floor":19,"key":"SmokeBomb"},{"floor":28,"key":"GamblersBrew"},{"floor":33,"key":"PowerPotion"},{"floor":40,"key":"Ancient Potion"},{"floor":44,"key":"SmokeBomb"},{"floor":45,"key":"FearPotion"}],"is_trial":false,"path_per_floor":["M","?","M","M","M","E","M","E","T","$","M","?","R","E","R","B",null,"M","M","M","$","?","R","M","M","T","R","E","?","R","E","R","B",null,"M","?","M","?","?","E","R","?","T","M","E","$","R","M","R","B",null],"character_chosen":"IRONCLAD","items_purchased":["Champion Belt","Wild Strike","Defy Death","Power Through","Thunderclap","Panache+1","Pommel Strike"],"campfire_rested":3,"item_purchase_floors":[10,10,21,21,21,46,46],"current_hp_per_floor":[69,69,80,77,80,78,80,64,64,64,64,69,69,75,75,76,85,71,53,46,46,46,71,79,79,79,79,73,67,85,80,80,17,85,65,57,78,82,82,64,67,67,67,43,54,54,85,85,85,16],"gold":230,"neow_bonus":"ONE_RANDOM_RARE_CARD","is_daily":false,"chose_seed":false,"campfire_upgraded":5,"win_rate":0.0,"timestamp":1610289092,"path_taken":["M","?","?","M","M","E","M","E","T","$","M","?","R","E","R","BOSS","M","M","M","$","?","R","M","M","T","R","E","?","R","E","R","BOSS","M","?","M","?","?","E","R","?","T","M","E","$","R","M","R","BOSS"],"items_purchased_type":["Relic","Card","Card","Card","Card","Card","Card"],"build_version":"2020-12-22","purchased_purges":0,"victory":true,"max_hp_per_floor":[80,80,80,80,80,80,80,80,80,80,80,85,85,85,85,85,85,85,85,85,85,85,85,85,85,85,85,85,85,85,85,85,85,85,85,85,85,85,85,85,85,85,85,85,85,85,85,85,85,85],"card_choices":[{"not_picked":["Wild Strike","ReplayTheSpireMod:Strike From Hell"],"picked":"Infernal Blade","floor":1},{"not_picked":["Replay:Undeath\u0027s Touch","Inflame"],"picked":"Anger","floor":2},{"not_picked":["Metallicize","Shrug It Off"],"picked":"Rage","floor":3},{"not_picked":["Armaments","Heavy Blade"],"picked":"ReplayTheSpireMod:Strike From Hell","floor":4},{"not_picked":["Replay:Undeath\u0027s Touch","ReplayTheSpireMod:Stacked"],"picked":"Headbutt","floor":5},{"not_picked":["Clothesline","Wild Strike"],"picked":"Second Wind","floor":6},{"not_picked":["Run Through","Flex"],"picked":"ReplayTheSpireMod:Strike From Hell","floor":7},{"not_picked":["Perfected Strike","Barricade","Body Slam"],"picked":"SKIP","floor":8},{"not_picked":["Headbutt","ReplayTheSpireMod:Stacked"],"picked":"Intimidate","floor":11},{"not_picked":["Dropkick","Entrench"],"picked":"Anger","floor":14},{"not_picked":["Corruption+1","Demon Form+1"],"picked":"Limit Break","floor":16},{"not_picked":["chefmod:TodaysSpecial","Eruption"],"picked":"chefmod:QuickThaw","floor":17},{"not_picked":["hubris:StunningStrike","Juggernaut"],"picked":"Eclipse","floor":17},{"not_picked":["ReplayTheSpireMod:Trickstab","PanicButton"],"picked":"Deep Breath","floor":17},{"not_picked":["infinitespire:DeathsTouch","infinitespire:SevenWalls"],"picked":"infinitespire:Starlight","floor":17},{"not_picked":["Blood for Blood","Reckless Charge"],"picked":"True Grit+1","floor":18},{"not_picked":["Whirlwind+1","Abandon+1"],"picked":"Dark Embrace+1","floor":19},{"not_picked":["Twin Strike","Seeing Red+1"],"picked":"ReplayTheSpireMod:Limb From Limb","floor":24},{"not_picked":["Headbutt","Flame Barrier"],"picked":"Flex","floor":25},{"not_picked":["Shockwave","Entrench"],"picked":"Eclipse","floor":28},{"not_picked":["Replay:Undeath\u0027s Touch+1","Anger+1"],"picked":"Armaments+1","floor":31},{"not_picked":["Feed","Exhume"],"picked":"Berserk+1","floor":33},{"not_picked":["Warcry","Cleave"],"picked":"Life Link+1","floor":35},{"not_picked":["Flex+1","Armaments+1"],"picked":"Infernal Blade+1","floor":37},{"not_picked":["Clash+1","Anger"],"picked":"Twin Strike","floor":38},{"not_picked":["ReplayTheSpireMod:Strike From Hell+1","Twin Strike+1"],"picked":"Berserk+1","floor":40},{"not_picked":["Anger","True Grit"],"picked":"Rupture+1","floor":44},{"not_picked":["Warcry","ReplayReversal"],"picked":"ReplayTheSpireMod:Muscle Training+1","floor":45}],"player_experience":609802,"relics_obtained":[{"floor":2,"key":"halation:PromiseList"},{"floor":6,"key":"infinitespire:Lucky Rock"},{"floor":8,"key":"Orichalcum"},{"floor":9,"key":"Replay:Baseball"},{"floor":14,"key":"Frozen Egg 2"},{"floor":26,"key":"infinitespire:WardingShard"},{"floor":28,"key":"Replay:Rubber Ducky"},{"floor":31,"key":"Bag of Preparation"},{"floor":38,"key":"halation:SwordOfLegend"},{"floor":40,"key":"Pantograph"},{"floor":43,"key":"Pen Nib"},{"floor":45,"key":"Magic Flower"}],"event_choices":[{"damage_healed":0,"gold_gain":0,"player_choice":"Donut","damage_taken":0,"max_hp_gain":5,"max_hp_loss":0,"event_name":"Big Fish","floor":12,"gold_loss":0},{"damage_healed":0,"gold_gain":0,"player_choice":"Simplicity","damage_taken":0,"max_hp_gain":0,"max_hp_loss":0,"event_name":"Back to Basics","floor":22,"gold_loss":0,"cards_upgraded":["Strike_R","Strike_R","Strike_R","Strike_R","Strike_R","Defend_R","Defend_R","Defend_R","Defend_R"]},{"damage_healed":0,"gold_gain":0,"player_choice":"Joined the Cult","damage_taken":6,"max_hp_gain":0,"max_hp_loss":0,"event_name":"Nest","floor":29,"gold_loss":0,"cards_obtained":["RitualDagger"]},{"damage_healed":0,"gold_gain":0,"player_choice":"Fight","damage_taken":0,"max_hp_gain":0,"max_hp_loss":0,"event_name":"Mysterious Sphere","floor":38,"gold_loss":0},{"damage_healed":0,"gold_gain":0,"player_choice":"Ignored","damage_taken":0,"max_hp_gain":0,"max_hp_loss":0,"event_name":"Tomb of Lord Red Mask","floor":39,"gold_loss":0}],"is_beta":false,"boss_relics":[{"not_picked":["Runic Cube","Sozu"],"picked":"ReplayTheSpireMod:SealedPack"},{"not_picked":["Electric Blood","halation:ForbiddenBikini"],"picked":"Replay:Bronze Core"}],"items_purged_floors":[],"is_endless":false,"potions_floor_spawned":[3,4,8,11,19,28,33,37,40,44,45],"ascension_level":2}}