{"host":"oiw60b5ins9fyx34","time":1610288500,"event":{"mods":["BaseMod","Colored Map","Colored Powertips","Minty Spire (QoL Compilation)","Permanent Neow","Quick Restart","Relic Stats","StSLib"],"gold_per_floor":[109,57,57,70,46,72,72,103,151,151,151,168,168,200,200,304,304,319,336,336,350,360,360,390,390,390,425,204,219,238,238,238,341,341,357,357,403,144,156,191,191,191,191,191,209,229,229,240,240,240,240],"floor_reached":50,"playtime":2519,"items_purged":["Strike_G","Strike_G"],"score":583,"play_id":"f21943c5-5644-410c-8112-0ede8818c994","local_time":"20210110232140","is_ascension_mode":false,"campfire_choices":[{"data":"Well Laid Plans","floor":7,"key":"SMITH"},{"data":"Burst","floor":10,"key":"SMITH"},{"data":"Storm of Steel","floor":15,"key":"SMITH"},{"data":"Venomology","floor":23,"key":"SMITH"},{"data":"Blade Dance","floor":25,"key":"SMITH"},{"floor":32,"key":"REST"},{"data":"A Thousand Cuts","floor":42,"key":"SMITH"},{"data":"A Thousand Cuts","floor":44,"key":"SMITH"},{"floor":49,"key":"REST"}],"circlet_count":0,"master_deck":["Strike_G+1","Defend_G","Defend_G","Defend_G","Defend_G","Defend_G","Survivor","Neutralize","Blade Dance+1","Burst+1","Blade Dance","Blade Dance","Well Laid Plans+1","Backstab+1","Acrobatics","Storm of Steel+1","Venomology+1","Cloak And Dagger","Sucker Punch+1","Dagger Spray+1","Dodge and Roll+1","Dagger Spray+1","A Thousand Cuts+1","Accuracy","A Thousand Cuts+1","Infinite Blades+1","Dodge and Roll+1","Regret","Dodge and Roll+1"],"relics":["Ring of the Serpent","Du-Vu Doll","Boot","Toy Ornithopter","Whetstone","FaceOfCleric","Nunchaku","Cursed Key","Red Mask","Bottled Tornado","Membership Card","Girya","Shuriken","Pen Nib","Singing Bowl"],"acts_visited":["Exordium","TheCity","TheBeyond"],"potions_floor_usage":[21,22,24,27,29,30,33,33,33,37,39,40,45,45,48,50,50,50],"damage_taken":[{"damage":0,"enemies":"2 Louse","floor":1,"turns":3},{"damage":0,"enemies":"Small Slimes","floor":4,"turns":2},{"damage":8,"enemies":"Gremlin Nob","floor":6,"turns":3},{"damage":14,"enemies":"3 Sentries","floor":8,"turns":5},{"damage":0,"enemies":"Cultist","floor":12,"turns":1},{"damage":4,"enemies":"Gremlin Nob","floor":14,"turns":3},{"damage":19,"enemies":"Slime Boss","floor":16,"turns":6},{"damage":0,"enemies":"Shell Parasite","floor":18,"turns":1},{"damage":0,"enemies":"Spheric Guardian","floor":19,"turns":1},{"damage":22,"enemies":"Cultist and Chosen","floor":21,"turns":5},{"damage":1,"enemies":"3 Cultists","floor":22,"turns":3},{"damage":0,"enemies":"Masked Bandits","floor":24,"turns":3},{"damage":19,"enemies":"Slavers","floor":27,"turns":4},{"damage":8,"enemies":"Sentry and Sphere","floor":29,"turns":4},{"damage":12,"enemies":"Shelled Parasite and Fungi","floor":30,"turns":5},{"damage":54,"enemies":"Collector","floor":33,"turns":8},{"damage":34,"enemies":"3 Shapes","floor":35,"turns":3},{"damage":23,"enemies":"2 Orb Walkers","floor":37,"turns":5},{"damage":3,"enemies":"3 Darklings","floor":39,"turns":3},{"damage":22,"enemies":"Reptomancer","floor":40,"turns":5},{"damage":14,"enemies":"Writhing Mass","floor":45,"turns":4},{"damage":17,"enemies":"4 Shapes","floor":46,"turns":3},{"damage":5,"enemies":"3 Darklings","floor":48,"turns":4},{"damage":54,"enemies":"Awakened One","floor":50,"turns":3}],"seed_played":"-9189612725030967276","potions_obtained":[{"floor":8,"key":"Poison Potion"},{"floor":12,"key":"PowerPotion"},{"floor":19,"key":"CunningPotion"},{"floor":22,"key":"Energy Potion"},{"floor":24,"key":"Fire Potion"},{"floor":33,"key":"LiquidBronze"},{"floor":35,"key":"Block Potion"},{"floor":39,"key":"DistilledChaos"},{"floor":46,"key":"AttackPotion"},{"floor":48,"key":"Block Potion"}],"is_trial":false,"path_per_floor":["M","$","?","M","$","E","R","E","T","R","?","M","?","E","R","B",null,"M","M","T","M","M","R","?","R","T","E","$","M","M","?","R","B",null,"M","?","?","$","M","E","?","R","T","R","M","M","T","M","R","B"],"character_chosen":"THE_SILENT","items_purchased":["Dagger Spray","Blade Dance","Membership Card","Accuracy","Shuriken","Pen Nib"],"campfire_rested":2,"item_purchase_floors":[2,5,28,28,38,38],"current_hp_per_floor":[63,63,63,63,63,55,55,41,41,41,46,46,46,43,43,25,70,71,72,72,52,57,57,63,63,63,50,50,48,42,27,51,13,84,51,51,34,34,37,23,23,23,23,23,22,8,8,9,38,0,0],"gold":240,"neow_bonus":"ONE_RARE_RELIC","is_daily":false,"chose_seed":false,"campfire_upgraded":7,"win_rate":0.0,"timestamp":1610288500,"path_taken":["M","$","?","M","$","E","R","E","T","R","?","M","?","E","R","BOSS","M","?","?","M","M","R","?","R","T","E","?","M","M","?","R","BOSS","M","?","?","?","?","E","?","R","T","R","?","M","?","M","R","BOSS"],"items_purchased_type":["Card","Card","Relic","Card","Relic","Relic"],"build_version":"2020-12-22","purchased_purges":2,"victory":false,"max_hp_per_floor":[63,63,63,63,63,63,63,63,63,63,68,68,68,69,69,70,70,71,72,72,73,74,74,75,75,75,76,76,77,78,83,83,84,84,85,85,86,86,87,90,90,90,90,90,93,96,96,97,97,97,97],"relic_stats":{"Nunchaku":[31],"FaceOfCleric":18,"Singing Bowl":6,"counters":[24,87],"Shuriken":[20],"Pen Nib":[8],"Whetstone":["Backstab","Strike_G"],"Boot":[253],"Cursed Key":1,"obtain_stats":[{"Girya":37,"Singing Bowl":40,"Pen Nib":38,"Whetstone":9,"Bottled Tornado":27,"Boot":6,"Cursed Key":17,"Du-Vu Doll":0,"Nunchaku":14,"FaceOfCleric":13,"Shuriken":38,"Red Mask":24,"Membership Card":28,"Toy Ornithopter":8,"Ring of the Serpent":34,"Ring of the Snake":0},{"Girya":18,"Singing Bowl":20,"Pen Nib":18,"Whetstone":4,"Bottled Tornado":13,"Boot":3,"Cursed Key":7,"Du-Vu Doll":0,"Nunchaku":6,"FaceOfCleric":5,"Shuriken":18,"Red Mask":12,"Membership Card":13,"Toy Ornithopter":4,"Ring of the Serpent":16,"Ring of the Snake":0},{"Girya":65,"Singing Bowl":73,"Pen Nib":65,"Whetstone":13,"Bottled Tornado":40,"Boot":8,"Cursed Key":23,"Du-Vu Doll":0,"Nunchaku":17,"FaceOfCleric":14,"Shuriken":65,"Red Mask":36,"Membership Card":40,"Toy Ornithopter":13,"Ring of the Serpent":57,"Ring of the Snake":0}],"Toy Ornithopter":86},"card_choices":[{"not_picked":["Quick Slash","Poisoned Stab"],"picked":"Blade Dance","floor":1},{"not_picked":["Deflect","After Image"],"picked":"Blade Dance","floor":4},{"not_picked":["Skewer","Dagger Throw"],"picked":"Well Laid Plans","floor":6},{"not_picked":["Deflect","Quick Slash"],"picked":"Backstab","floor":8},{"not_picked":["Catalyst","Prepared"],"picked":"Acrobatics","floor":12},{"not_picked":["Flechettes","Underhanded Strike"],"picked":"Storm of Steel","floor":14},{"not_picked":["Doppelganger","Envenom"],"picked":"Venomology","floor":16},{"not_picked":["Slice","Bane+1"],"picked":"Cloak And Dagger","floor":18},{"not_picked":["Deadly Poison","Prepared"],"picked":"Sucker Punch+1","floor":19},{"not_picked":["Distraction","Outmaneuver+1"],"picked":"Dagger Spray+1","floor":21},{"not_picked":["All Out Attack","Bouncing Flask"],"picked":"Dodge and Roll+1","floor":22},{"not_picked":["Acrobatics","Outmaneuver+1"],"picked":"Dagger Spray+1","floor":24},{"not_picked":["Dodge and Roll","Dagger Throw"],"picked":"A Thousand Cuts","floor":27},{"not_picked":["Acrobatics","Poisoned Stab","Slice"],"picked":"SKIP","floor":29},{"not_picked":["Predator+1","Acrobatics","Bouncing Flask+1"],"picked":"SKIP","floor":30},{"not_picked":["Burst","Corpse Explosion"],"picked":"A Thousand Cuts","floor":33},{"not_picked":["Outmaneuver","Deflect","Deadly Poison+1"],"picked":"SKIP","floor":35},{"not_picked":["Flechettes+1","Prepared+1"],"picked":"Infinite Blades+1","floor":37},{"not_picked":["Infinite Blades+1","Crippling Poison+1"],"picked":"Dodge and Roll+1","floor":39},{"not_picked":["Bane+1","Crippling Poison+1","Catalyst"],"picked":"Singing Bowl","floor":40},{"not_picked":["Envenom","Cloak And Dagger","Poisoned Stab+1"],"picked":"Singing Bowl","floor":45},{"not_picked":["Quick Slash","Underhanded Strike+1","Sucker Punch+1"],"picked":"Singing Bowl","floor":46},{"not_picked":["Deflect","Prepared+1"],"picked":"Dodge and Roll+1","floor":48}],"player_experience":609271,"relics_obtained":[{"floor":6,"key":"Boot"},{"floor":8,"key":"Toy Ornithopter"},{"floor":9,"key":"Whetstone"},{"floor":14,"key":"Nunchaku"},{"floor":24,"key":"Red Mask"},{"floor":27,"key":"Bottled Tornado"},{"floor":37,"key":"Girya"},{"floor":40,"key":"Singing Bowl"}],"event_choices":[{"damage_healed":0,"gold_gain":0,"cards_transformed":["Strike_G"],"player_choice":"Change","damage_taken":0,"max_hp_gain":0,"max_hp_loss":0,"event_name":"Living Wall","floor":3,"gold_loss":0,"cards_obtained":["Burst"]},{"damage_healed":0,"gold_gain":0,"player_choice":"Donut","damage_taken":0,"max_hp_gain":5,"max_hp_loss":0,"event_name":"Big Fish","floor":11,"gold_loss":0},{"damage_healed":0,"gold_gain":0,"player_choice":"Trade","damage_taken":0,"relics_obtained":["FaceOfCleric"],"max_hp_gain":0,"max_hp_loss":0,"event_name":"FaceTrader","floor":13,"gold_loss":0},{"damage_healed":0,"gold_gain":0,"player_choice":"Fought Bandits","damage_taken":0,"max_hp_gain":0,"max_hp_loss":0,"event_name":"Masked Bandits","floor":24,"gold_loss":0},{"damage_healed":0,"gold_gain":0,"player_choice":"Shed Blood","damage_taken":20,"max_hp_gain":5,"max_hp_loss":0,"event_name":"Forgotten Altar","floor":31,"gold_loss":0},{"cards_removed":["Strike_G"],"damage_healed":0,"gold_gain":0,"player_choice":"Removed Attack","damage_taken":0,"max_hp_gain":0,"max_hp_loss":0,"event_name":"Falling","floor":36,"gold_loss":0},{"damage_healed":0,"gold_gain":0,"player_choice":"Fight","damage_taken":0,"max_hp_gain":0,"max_hp_loss":0,"event_name":"Mysterious Sphere","floor":37,"gold_loss":0},{"cards_removed":["Dagger Spray"],"damage_healed":0,"gold_gain":0,"player_choice":"Purged","damage_taken":0,"max_hp_gain":0,"max_hp_loss":0,"event_name":"Purifier","floor":41,"gold_loss":0}],"is_beta":false,"boss_relics":[{"not_picked":["Velvet Choker","Empty Cage"],"picked":"Cursed Key"},{"not_picked":["Fusion Hammer","Sozu"],"picked":"Ring of the Serpent"}],"items_purged_floors":[28,38],"is_endless":false,"potions_floor_spawned":[8,12,19,22,24,33,35,39,46,48],"killed_by":"Awakened One","ascension_level":0}}