{"host":"5apxsqgkueisybsc","time":1610311909,"event":{"mods":["BaseMod","Hunter ??","Mimic Mod","Minty Spire (QoL Compilation)","Replay The Spire","Shade Mod","StSLib","The Bladedancer","The Bug Knight","The Cursed","The Druid","The Exalted","The Forsaken","The Valiant","The Witch"],"gold_per_floor":[114,114,39,50,50,80,80,95,95,115,146,163,163,192,192,192,192],"floor_reached":16,"playtime":691,"items_purged":[],"score":145,"play_id":"97907833-6b20-4226-87e6-9deff54c8c00","local_time":"20210110155149","is_ascension_mode":false,"campfire_choices":[{"data":"theDruid:NaturalAgility","floor":7,"key":"SMITH"},{"data":"theDruid:SurvivalInstincts","floor":13,"key":"SMITH"},{"floor":15,"key":"REST"}],"circlet_count":0,"master_deck":["theDruid:Strike_O","theDruid:Strike_O","theDruid:Strike_O","theDruid:Strike_O","theDruid:Defend_O","theDruid:Defend_O","theDruid:Defend_O","theDruid:Defend_O","theDruid:BriarArmor","theDruid:WildSlash","theDruid:Prowl","theDruid:NaturalAgility+1","theDruid:Gore","theDruid:Starfall","theDruid:ThornStrike","theDruid:SurvivalInstincts+1","theDruid:ForestsSoul","theDruid:BristlingDefense","theDruid:ExposingSlash"],"relics":["theDruid:CrownOfTheWilds","NeowsBlessing","Bromod:ArcaneAegis","Replay:WaspNest","The Courier","Garlic","Centennial Puzzle"],"acts_visited":["Exordium"],"potions_floor_usage":[11,11,11],"damage_taken":[{"damage":0,"enemies":"2 Louse","floor":1,"turns":1},{"damage":0,"enemies":"Cultist","floor":4,"turns":1},{"damage":0,"enemies":"Gremlin Nob","floor":6,"turns":1},{"damage":11,"enemies":"Jaw Worm","floor":8,"turns":3},{"damage":4,"enemies":"Looter","floor":10,"turns":3},{"damage":26,"enemies":"3 Sentries","floor":11,"turns":8},{"damage":0,"enemies":"3 Louse","floor":12,"turns":2},{"damage":11,"enemies":"Lagavulin","floor":14,"turns":8},{"damage":45,"enemies":"The Guardian","floor":16,"turns":6}],"seed_played":"2400217555564564756","potions_obtained":[{"floor":1,"key":"Swift Potion"},{"floor":8,"key":"Milkshake"},{"floor":10,"key":"FearPotion"}],"is_trial":false,"path_per_floor":["M","?","$","M","?","E","R","M","T","M","E","M","R","E","R","B"],"character_chosen":"DRUID","items_purchased":["theDruid:NaturalAgility"],"campfire_rested":1,"item_purchase_floors":[3],"current_hp_per_floor":[75,75,75,75,72,72,72,61,61,57,31,31,31,20,42,0,0],"gold":192,"neow_bonus":"THREE_ENEMY_KILL","is_daily":false,"chose_seed":false,"campfire_upgraded":2,"win_rate":0.0,"timestamp":1610311909,"path_taken":["M","?","?","?","?","E","R","M","T","M","E","M","R","E","R","BOSS"],"items_purchased_type":["Card"],"build_version":"2020-12-22","purchased_purges":0,"victory":false,"max_hp_per_floor":[75,75,75,75,75,75,75,75,75,75,75,75,75,75,75,75,75],"card_choices":[{"not_picked":["theDruid:ThornStrike","theDruid:Swipe"],"picked":"theDruid:Prowl","floor":1},{"not_picked":["theDruid:BloodiedFur","theDruid:FullMoon"],"picked":"theDruid:Gore","floor":4},{"not_picked":["theDruid:AstralShield","theDruid:ForestsSoul"],"picked":"theDruid:Starfall","floor":6},{"not_picked":["theDruid:BloodiedFur","theDruid:Gore"],"picked":"theDruid:ThornStrike","floor":8},{"not_picked":["theDruid:FuriousSlash","theDruid:MysticBarrier"],"picked":"theDruid:SurvivalInstincts","floor":10},{"not_picked":["theDruid:FaerieFire","theDruid:Recoil"],"picked":"theDruid:ForestsSoul","floor":11},{"not_picked":["theDruid:ForestsSoul","theDruid:TakeShelter"],"picked":"theDruid:BristlingDefense","floor":12},{"not_picked":["theDruid:Resupply","theDruid:MysticBarrier"],"picked":"theDruid:ExposingSlash","floor":14}],"player_experience":101482,"relics_obtained":[{"floor":6,"key":"Replay:WaspNest"},{"floor":9,"key":"The Courier"},{"floor":11,"key":"Garlic"},{"floor":14,"key":"Centennial Puzzle"}],"event_choices":[{"damage_healed":0,"gold_gain":0,"player_choice":"Full Heal","damage_taken":0,"max_hp_gain":0,"max_hp_loss":0,"event_name":"Wheel of Change","floor":2,"gold_loss":0},{"damage_healed":0,"gold_gain":0,"player_choice":"Success","damage_taken":3,"relics_obtained":["Bromod:ArcaneAegis"],"max_hp_gain":0,"max_hp_loss":0,"event_name":"Scrap Ooze","floor":5,"gold_loss":0}],"is_beta":false,"boss_relics":[],"items_purged_floors":[],"is_endless":false,"potions_floor_spawned":[1,8,10],"killed_by":"The Guardian","ascension_level":0}}