{"host":"sav7uxregyirlf69","time":1610268832,"event":{"mods":["AchievementEnabler","BaseMod","Colored Map","DeckTracker","Keyboard Shortcuts","Minty Spire (QoL Compilation)","READ ME - Guardian Mod","StSLib","SuperFastMode"],"gold_per_floor":[113,128,78,78,94,94,94,122,122,122,122,134,167,185,185,286,286,304,318,417,430,443,443,470,470,470,490,521,521,521,521,521,622,622,639,650,423,435,435,435,435,435],"floor_reached":41,"playtime":993,"items_purged":["Glass Knife"],"score":662,"play_id":"9ee774b0-cf8f-4ad1-b37a-9f6fd0f5390f","local_time":"20210110175352","is_ascension_mode":true,"campfire_choices":[{"data":"Deadly Poison","floor":7,"key":"SMITH"},{"floor":10,"key":"REST"},{"data":"Dagger Spray","floor":15,"key":"SMITH"},{"data":"Well Laid Plans","floor":23,"key":"SMITH"},{"data":"PiercingWail","floor":25,"key":"SMITH"},{"data":"Calculated Gamble","floor":29,"key":"SMITH"},{"data":"Acrobatics","floor":32,"key":"SMITH"},{"data":"Neutralize","floor":40,"key":"SMITH"}],"circlet_count":0,"master_deck":["AscendersBane","Survivor+1","Neutralize+1","Masterful Stab","Deadly Poison+1","Dagger Spray+1","Well Laid Plans+1","PiercingWail+1","Quick Slash","Crippling Poison+1","Grand Finale","Escape Plan+1","Calculated Gamble+1","Acrobatics+1"],"relics":["Ring of the Snake","Centennial Puzzle","Kunai","Boot","Blood Vial","Anchor","Pandora\u0027s Box","Art of War","War Paint","Eternal Feather","Empty Cage","Omamori"],"acts_visited":["Exordium","TheCity","TheBeyond"],"potions_floor_usage":[8,13,16,41],"damage_taken":[{"damage":0,"enemies":"Jaw Worm","floor":1,"turns":5},{"damage":1,"enemies":"2 Louse","floor":2,"turns":4},{"damage":0,"enemies":"Small Slimes","floor":5,"turns":2},{"damage":40,"enemies":"Gremlin Nob","floor":8,"turns":4},{"damage":1,"enemies":"3 Louse","floor":12,"turns":4},{"damage":14,"enemies":"Lagavulin","floor":13,"turns":6},{"damage":0,"enemies":"2 Fungi Beasts","floor":14,"turns":2},{"damage":25,"enemies":"Slime Boss","floor":16,"turns":12},{"damage":11,"enemies":"Spheric Guardian","floor":18,"turns":4},{"damage":9,"enemies":"2 Thieves","floor":19,"turns":4},{"damage":0,"enemies":"Sentry and Sphere","floor":21,"turns":2},{"damage":0,"enemies":"3 Cultists","floor":22,"turns":2},{"damage":3,"enemies":"Gremlin Leader","floor":24,"turns":4},{"damage":0,"enemies":"Chosen and Byrds","floor":27,"turns":2},{"damage":6,"enemies":"Book of Stabbing","floor":28,"turns":5},{"damage":28,"enemies":"Champ","floor":33,"turns":10},{"damage":12,"enemies":"3 Shapes","floor":35,"turns":2},{"damage":1,"enemies":"Orb Walker","floor":36,"turns":3},{"damage":0,"enemies":"Transient","floor":38,"turns":5},{"damage":82,"enemies":"Nemesis","floor":41,"turns":8}],"seed_played":"-4122902663654190395","potions_obtained":[{"floor":1,"key":"PowerPotion"},{"floor":2,"key":"Regen Potion"},{"floor":5,"key":"LiquidMemories"},{"floor":12,"key":"LiquidMemories"},{"floor":19,"key":"Fire Potion"},{"floor":24,"key":"Strength Potion"}],"is_trial":false,"path_per_floor":["M","M","?","?","M","?","R","E","T","R","?","M","E","M","R","B",null,"M","M","?","M","M","R","E","R","T","M","E","R","?","?","R","B",null,"M","M","$","M","?","R","E"],"character_chosen":"THE_SILENT","items_purchased":["Omamori"],"campfire_rested":1,"item_purchase_floors":[37],"current_hp_per_floor":[63,62,62,67,67,60,60,20,20,42,42,43,31,33,33,10,59,50,43,43,45,47,47,46,46,46,48,44,53,53,53,62,36,65,55,56,56,58,58,64,0,0],"gold":435,"neow_bonus":"RANDOM_COMMON_RELIC","is_daily":false,"chose_seed":false,"campfire_upgraded":7,"win_rate":0.0,"timestamp":1610268832,"path_taken":["M","M","?","?","M","?","R","E","T","R","?","M","E","M","R","BOSS","M","M","?","M","M","R","E","R","T","M","E","R","?","?","R","BOSS","M","M","$","M","?","R","E"],"items_purchased_type":["Relic"],"build_version":"2020-12-22","purchased_purges":1,"victory":false,"max_hp_per_floor":[70,70,70,75,75,75,75,75,75,75,75,75,75,75,75,75,75,75,75,75,75,75,75,75,75,75,75,75,75,75,75,75,75,75,75,75,75,75,75,75,75,75],"card_choices":[{"not_picked":["Bane","Finisher"],"picked":"Masterful Stab","floor":1},{"not_picked":["Acrobatics","Poisoned Stab"],"picked":"Deadly Poison","floor":2},{"not_picked":["Dagger Throw","Blur","Cloak And Dagger"],"picked":"SKIP","floor":5},{"not_picked":["Deflect","Masterful Stab","Slice"],"picked":"SKIP","floor":8},{"not_picked":["Setup","Bane","Underhanded Strike"],"picked":"SKIP","floor":12},{"not_picked":["Deadly Poison","Accuracy"],"picked":"Dagger Spray","floor":13},{"not_picked":["Outmaneuver","Masterful Stab","Flying Knee"],"picked":"SKIP","floor":14},{"not_picked":["Flechettes","Dagger Spray+1","Backstab"],"picked":"SKIP","floor":18},{"not_picked":["Deflect","Blur","Deadly Poison"],"picked":"SKIP","floor":19},{"not_picked":["Caltrops","Underhanded Strike+1"],"picked":"Escape Plan+1","floor":21},{"not_picked":["Eviscerate+1","Well Laid Plans+1","Outmaneuver"],"picked":"SKIP","floor":22},{"not_picked":["PiercingWail","Underhanded Strike","Backflip"],"picked":"SKIP","floor":24},{"not_picked":["Setup+1","Predator","Choke+1"],"picked":"SKIP","floor":27},{"not_picked":["Sucker Punch","Corpse Explosion"],"picked":"Calculated Gamble","floor":28},{"not_picked":["Terror","Outmaneuver+1","Footwork"],"picked":"SKIP","floor":35},{"not_picked":["Backstab","Poisoned Stab+1","Acrobatics"],"picked":"SKIP","floor":36},{"not_picked":["Blade Dance+1","Poisoned Stab","Flying Knee+1"],"picked":"SKIP","floor":38}],"player_experience":1230272,"relics_obtained":[{"floor":8,"key":"Boot"},{"floor":9,"key":"Blood Vial"},{"floor":13,"key":"Anchor"},{"floor":24,"key":"Art of War"},{"floor":26,"key":"War Paint"},{"floor":28,"key":"Eternal Feather"}],"event_choices":[{"cards_removed":["Strike_G"],"damage_healed":0,"gold_gain":0,"player_choice":"Card Removal","damage_taken":0,"max_hp_gain":0,"max_hp_loss":0,"event_name":"The Cleric","floor":3,"gold_loss":50},{"damage_healed":0,"gold_gain":0,"player_choice":"Donut","damage_taken":0,"max_hp_gain":5,"max_hp_loss":0,"event_name":"Big Fish","floor":4,"gold_loss":0},{"damage_healed":0,"gold_gain":0,"player_choice":"Success","damage_taken":7,"relics_obtained":["Kunai"],"max_hp_gain":0,"max_hp_loss":0,"event_name":"Scrap Ooze","floor":6,"gold_loss":0},{"damage_healed":0,"gold_gain":0,"player_choice":"Ignored","damage_taken":0,"max_hp_gain":0,"max_hp_loss":0,"event_name":"Liars Game","floor":11,"gold_loss":0},{"damage_healed":0,"gold_gain":99,"player_choice":"Stole From Cult","damage_taken":0,"max_hp_gain":0,"max_hp_loss":0,"event_name":"Nest","floor":20,"gold_loss":0},{"damage_healed":0,"gold_gain":0,"player_choice":"Ignored","damage_taken":0,"max_hp_gain":0,"max_hp_loss":0,"event_name":"Cursed Tome","floor":30,"gold_loss":0},{"damage_healed":0,"gold_gain":0,"player_choice":"Read","damage_taken":0,"max_hp_gain":0,"max_hp_loss":0,"event_name":"The Library","floor":31,"gold_loss":0,"cards_obtained":["Acrobatics"]},{"cards_removed":["Backflip"],"damage_healed":0,"gold_gain":0,"player_choice":"Removed Skill","damage_taken":0,"max_hp_gain":0,"max_hp_loss":0,"event_name":"Falling","floor":39,"gold_loss":0}],"is_beta":false,"boss_relics":[{"not_picked":["Sozu","SlaversCollar"],"picked":"Pandora\u0027s Box"},{"not_picked":["Ring of the Serpent","Fusion Hammer"],"picked":"Empty Cage"}],"items_purged_floors":[37],"is_endless":false,"potions_floor_spawned":[1,2,5,12,19,24,35,36],"killed_by":"Nemesis","ascension_level":10}}