{"host":"tb138zs7vhci6g1j","time":1610319699,"event":{"mods":["2.2 Compatiblity","Aspiration","BaseMod","Better Note","Friendly Minions","Minty Spire (QoL Compilation)","RNG Fix","Rare Cards Sparkle","StSLib","The Marked"],"gold_per_floor":[114,289,289,303,313,338,338,371,371,371,400,400,500,511,511,609,609,621,621,151,170,190,190,190],"floor_reached":23,"playtime":1101,"items_purged":[],"score":282,"play_id":"8fff4228-1cae-43f9-8549-9251d776e290","local_time":"20210111010139","is_ascension_mode":true,"campfire_choices":[{"data":"theMarked:SoldierOfQuellstein","floor":7,"key":"SMITH"},{"floor":10,"key":"REST"},{"data":"theMarked:ParalyzingBlade","floor":12,"key":"SMITH"},{"data":"theMarked:TwofoldDefense","floor":15,"key":"SMITH"}],"circlet_count":0,"master_deck":["theMarked:Strike","theMarked:Strike","theMarked:Strike","theMarked:Defend","theMarked:Defend","theMarked:Defend","theMarked:SoldierOfQuellstein+1","theMarked:TakeCover","theMarked:WastefulAttack","theMarked:EternalStudent","theMarked:MaelstromOfLightning","theMarked:ParalyzingBlade+1","theMarked:TwofoldDefense+1","theMarked:MuscleMemory","theMarked:Challenge+1","theMarked:SummonStrength+1","theMarked:RepellingDischarge+1","theMarked:ChainLightning","theMarked:SoldierOfQuellstein+1","theMarked:Panic","Good Instincts","theMarked:EmpowerWeapon+1","theMarked:LightningStrikesTwice+1"],"relics":["theMarked:ArtifactOfAir","NeowsBlessing","theMarked:Gun","Thread and Needle","StoneCalendar","Meat on the Bone","Astrolabe","aspiration:Nostalgia","Burning Blood","Dream Catcher"],"acts_visited":["Exordium","TheCity"],"potions_floor_usage":[8,23,23],"damage_taken":[{"damage":0,"enemies":"2 Louse","floor":1,"turns":1},{"damage":0,"enemies":"Cultist","floor":4,"turns":1},{"damage":0,"enemies":"Small Slimes","floor":5,"turns":1},{"damage":10,"enemies":"3 Sentries","floor":6,"turns":9},{"damage":27,"enemies":"Lagavulin","floor":8,"turns":6},{"damage":11,"enemies":"3 Sentries","floor":11,"turns":7},{"damage":2,"enemies":"Looter","floor":14,"turns":2},{"damage":6,"enemies":"The Guardian","floor":16,"turns":9},{"damage":0,"enemies":"Chosen","floor":18,"turns":4},{"damage":0,"enemies":"Shell Parasite","floor":21,"turns":5},{"damage":38,"enemies":"Snecko","floor":22,"turns":7},{"damage":54,"enemies":"Slavers","floor":23,"turns":4}],"seed_played":"7889838335056579681","potions_obtained":[{"floor":4,"key":"Block Potion"},{"floor":11,"key":"SpeedPotion"},{"floor":16,"key":"Swift Potion"},{"floor":18,"key":"Dexterity Potion"}],"is_trial":false,"path_per_floor":["M","?","?","M","M","E","R","E","T","R","E","R","?","M","R","B",null,"M","?","$","M","M","E"],"character_chosen":"THE_DEFAULT","items_purchased":["aspiration:Nostalgia","Dream Catcher","theMarked:Panic","Good Instincts"],"campfire_rested":1,"item_purchase_floors":[20,20,20,20],"current_hp_per_floor":[63,63,63,63,63,53,53,26,26,47,36,36,36,46,46,40,63,63,63,63,69,49,0,0],"gold":190,"neow_bonus":"THREE_ENEMY_KILL","is_daily":false,"chose_seed":false,"campfire_upgraded":3,"win_rate":0.0,"timestamp":1610319699,"path_taken":["M","?","?","M","M","E","R","E","T","R","E","R","?","M","R","BOSS","M","?","$","?","M","E"],"items_purchased_type":["Relic","Relic","Card","Card"],"build_version":"2020-12-22","purchased_purges":0,"victory":false,"max_hp_per_floor":[70,70,70,70,70,70,70,70,70,70,70,70,70,70,70,70,70,70,70,70,70,70,70,70],"card_choices":[{"not_picked":["theMarked:Parkour","theMarked:WastefulAttack"],"picked":"theMarked:TakeCover","floor":1},{"not_picked":["theMarked:WardOff","theMarked:HeritageOfTheMarked","theMarked:Reabsorb"],"picked":"SKIP","floor":4},{"not_picked":["theMarked:SwordAndMagic","theMarked:EmpowerWeapon"],"picked":"theMarked:WastefulAttack","floor":5},{"not_picked":["theMarked:DeterminationOfTheMarked","theMarked:KeepCalmAndFightOn"],"picked":"theMarked:EternalStudent","floor":6},{"not_picked":["theMarked:ChainLightning","theMarked:SwordAndMagic"],"picked":"theMarked:MaelstromOfLightning","floor":8},{"not_picked":["theMarked:RogueSparks","theMarked:KeepCalmAndFightOn"],"picked":"theMarked:ParalyzingBlade","floor":11},{"not_picked":["theMarked:SwordAndMagic","theMarked:BindingBlade"],"picked":"theMarked:TwofoldDefense","floor":14},{"not_picked":["theMarked:Defy","theMarked:BindingBlade"],"picked":"theMarked:MuscleMemory","floor":16},{"not_picked":["theMarked:TwofoldDefense","theMarked:Improvise"],"picked":"theMarked:ChainLightning","floor":18},{"not_picked":["theMarked:WardOff","theMarked:Aftermath"],"picked":"theMarked:EmpowerWeapon+1","floor":21},{"not_picked":["theMarked:Aftermath+1","theMarked:WastefulAttack"],"picked":"theMarked:LightningStrikesTwice+1","floor":22}],"player_experience":1723996,"relics_obtained":[{"floor":6,"key":"theMarked:Gun"},{"floor":8,"key":"Thread and Needle"},{"floor":9,"key":"StoneCalendar"},{"floor":11,"key":"Meat on the Bone"}],"event_choices":[{"damage_healed":0,"gold_gain":175,"player_choice":"AGREE","damage_taken":0,"max_hp_gain":0,"max_hp_loss":0,"event_name":"Liars Game","floor":2,"gold_loss":0,"cards_obtained":["Doubt"]},{"cards_removed":["Doubt"],"damage_healed":0,"gold_gain":0,"player_choice":"Purged","damage_taken":0,"max_hp_gain":0,"max_hp_loss":0,"event_name":"Purifier","floor":3,"gold_loss":0},{"damage_healed":0,"gold_gain":100,"player_choice":"Pray","damage_taken":0,"max_hp_gain":0,"max_hp_loss":0,"event_name":"Golden Shrine","floor":13,"gold_loss":0},{"cards_removed":["theMarked:SoldierOfQuellstein"],"damage_healed":0,"gold_gain":0,"player_choice":"Take \u0026 Give","damage_taken":0,"max_hp_gain":0,"max_hp_loss":0,"event_name":"betterNote:BetterNote","floor":19,"gold_loss":0,"cards_obtained":["theMarked:SoldierOfQuellstein"]}],"is_beta":false,"boss_relics":[{"not_picked":["aspiration:WatcherSkillbook","Fusion Hammer"],"picked":"Astrolabe"}],"items_purged_floors":[],"is_endless":false,"potions_floor_spawned":[4,11,16,18],"killed_by":"Slavers","ascension_level":7}}