{"host":"tnsigirk6wurdark","time":1610322036,"event":{"mods":["BaseMod","Colored Map","Colored Powertips","DeckTracker","Highlight Path","Minty Spire (QoL Compilation)","Quick Restart","Relic Sorter","StSLib","SuperFastMode","Synergy Search"],"gold_per_floor":[118,26,38,48,48,78,78,96,96,96,130,141,43,77,77,155,155,169,181,78,78,78,78,78],"floor_reached":23,"playtime":1629,"items_purged":["Strike_G","Strike_G"],"score":398,"play_id":"5ee5eeb1-ad8f-4280-b382-940851a441a2","local_time":"20210110234036","is_ascension_mode":true,"campfire_choices":[{"data":"Terror","floor":7,"key":"SMITH"},{"floor":10,"key":"REST"},{"data":"Noxious Fumes","floor":15,"key":"SMITH"}],"circlet_count":0,"master_deck":["AscendersBane","Strike_G","Strike_G","Defend_G","Defend_G","Defend_G","Defend_G","Survivor","Neutralize","Terror+1","Swift Strike","Noxious Fumes+1","Cloak And Dagger","Crippling Poison","Die Die Die","Quick Slash","Burst","Bane","Backflip","Doppelganger","Slice","Dagger Spray","Backflip","Masterful Stab","RitualDagger"],"relics":["Ring of the Snake","Juzu Bracelet","Tiny Chest","Ninja Scroll","Smiling Mask","SlaversCollar"],"acts_visited":["Exordium","TheCity"],"potions_floor_usage":[6,8,14,16,18],"damage_taken":[{"damage":6,"enemies":"Small Slimes","floor":1,"turns":6},{"damage":6,"enemies":"Jaw Worm","floor":3,"turns":5},{"damage":0,"enemies":"Cultist","floor":4,"turns":3},{"damage":26,"enemies":"Lagavulin","floor":6,"turns":7},{"damage":0,"enemies":"3 Louse","floor":8,"turns":4},{"damage":8,"enemies":"3 Sentries","floor":11,"turns":6},{"damage":0,"enemies":"Looter","floor":12,"turns":3},{"damage":0,"enemies":"Gremlin Nob","floor":14,"turns":2},{"damage":13,"enemies":"The Guardian","floor":16,"turns":10},{"damage":7,"enemies":"Spheric Guardian","floor":18,"turns":5},{"damage":18,"enemies":"2 Thieves","floor":19,"turns":4},{"damage":51,"enemies":"Book of Stabbing","floor":23,"turns":5}],"seed_played":"8695081410350593434","potions_obtained":[{"floor":3,"key":"EssenceOfSteel"},{"floor":6,"key":"SkillPotion"},{"floor":12,"key":"DistilledChaos"},{"floor":14,"key":"BlessingOfTheForge"},{"floor":16,"key":"Poison Potion"}],"is_trial":false,"path_per_floor":["M","$","M","M","?","E","R","M","T","R","E","M","$","E","R","B",null,"M","M","$","?","?","E"],"character_chosen":"THE_SILENT","items_purchased":["Swift Strike","Bane","Backflip"],"campfire_rested":1,"item_purchase_floors":[2,13,20],"current_hp_per_floor":[59,59,53,53,46,20,20,20,20,41,33,33,33,33,33,20,59,52,34,34,34,28,0,0],"gold":78,"neow_bonus":"TEN_PERCENT_HP_BONUS","is_daily":false,"chose_seed":false,"campfire_upgraded":2,"win_rate":0.0,"timestamp":1610322036,"path_taken":["M","$","M","M","?","E","R","M","T","R","E","M","$","E","R","BOSS","M","M","$","?","?","E"],"items_purchased_type":["Card","Card","Card"],"build_version":"2020-12-22","purchased_purges":2,"victory":false,"max_hp_per_floor":[72,72,72,72,72,72,72,72,72,72,72,72,72,72,72,72,72,72,72,72,72,72,72,72],"card_choices":[{"not_picked":["Poisoned Stab","All Out Attack"],"picked":"Terror","floor":1},{"not_picked":["Underhanded Strike","Bane"],"picked":"Noxious Fumes","floor":3},{"not_picked":["Dagger Throw","Finisher"],"picked":"Cloak And Dagger","floor":4},{"not_picked":["Catalyst","Concentrate"],"picked":"Crippling Poison","floor":6},{"not_picked":["Blade Dance","Prepared"],"picked":"Die Die Die","floor":8},{"not_picked":["Endless Agony","Well Laid Plans"],"picked":"Quick Slash","floor":11},{"not_picked":["Acrobatics","Dagger Throw"],"picked":"Burst","floor":12},{"not_picked":["Concentrate","Predator"],"picked":"Backflip","floor":14},{"not_picked":["A Thousand Cuts","Tools of the Trade"],"picked":"Doppelganger","floor":16},{"not_picked":["Backflip","Riddle With Holes"],"picked":"Slice","floor":18},{"not_picked":["Flying Knee","Caltrops"],"picked":"Dagger Spray","floor":19}],"player_experience":663380,"relics_obtained":[{"floor":6,"key":"Juzu Bracelet"},{"floor":9,"key":"Tiny Chest"},{"floor":11,"key":"Ninja Scroll"},{"floor":14,"key":"Smiling Mask"}],"event_choices":[{"cards_removed":["Strike_G"],"damage_healed":0,"gold_gain":0,"player_choice":"Card Removal","damage_taken":7,"max_hp_gain":0,"max_hp_loss":0,"event_name":"Golden Wing","floor":5,"gold_loss":0},{"damage_healed":0,"gold_gain":0,"cards_transformed":["Defend_G"],"player_choice":"Transformed","damage_taken":0,"max_hp_gain":0,"max_hp_loss":0,"event_name":"Transmorgrifier","floor":21,"gold_loss":0,"cards_obtained":["Masterful Stab"]},{"damage_healed":0,"gold_gain":0,"player_choice":"Joined the Cult","damage_taken":6,"max_hp_gain":0,"max_hp_loss":0,"event_name":"Nest","floor":22,"gold_loss":0,"cards_obtained":["RitualDagger"]}],"is_beta":false,"boss_relics":[{"not_picked":["Empty Cage","Ring of the Serpent"],"picked":"SlaversCollar"}],"items_purged_floors":[13,20],"is_endless":false,"potions_floor_spawned":[3,6,12,14,16],"killed_by":"Book of Stabbing","ascension_level":14}}