{"host":"684z1xpuwaoqmmh1","time":1610268076,"event":{"mods":["BaseMod","Downfall","Hermit","Jorbs\u0027s Wanderer Trilogy","Marisa????????","Minty Spire (QoL Compilation)","StSLib","The Hierophant","The Mystic"],"gold_per_floor":[111,2,19,30,3,36,36,70,70,70,99,99,133,166,166,166,166],"floor_reached":16,"playtime":679,"items_purged":["hermit:Strike_Hermit"],"score":224,"play_id":"80f2df61-584b-40f0-8480-602b8b6a7960","local_time":"20210110104116","is_ascension_mode":true,"campfire_choices":[{"data":"hermit:ShadowCloak","floor":7,"key":"SMITH"},{"floor":10,"key":"REST"},{"floor":12,"key":"REST"},{"floor":15,"key":"REST"}],"circlet_count":0,"master_deck":["AscendersBane","hermit:Strike_Hermit","hermit:Strike_Hermit","hermit:Strike_Hermit","hermit:Defend_Hermit","hermit:Defend_Hermit","hermit:Defend_Hermit","hermit:Defend_Hermit","hermit:Snapshot","hermit:Covet","hermit:Headshot","hermit:ShadowCloak+1","hermit:PistolWhip","hermit:Shortfuse","hermit:Feint","hermit:SprayPray","hermit:Spite","hermit:FatalDesire","hermit:DeadOrAlive"],"relics":["hermit:Momento","sneckomod:BlankCard","Art of War","Darkstone Periapt","Letter Opener","Happy Flower","WingedGreaves","The Courier"],"acts_visited":["Exordium"],"potions_floor_usage":[6,6,13,16],"damage_taken":[{"damage":1.0,"enemies":"Cultist","floor":1.0,"turns":3.0},{"damage":3.0,"enemies":"2 Louse","floor":3.0,"turns":2.0},{"damage":0,"enemies":"Jaw Worm","floor":4,"turns":1},{"damage":8,"enemies":"Gremlin Nob","floor":6,"turns":3},{"damage":25,"enemies":"3 Sentries","floor":8,"turns":10},{"damage":26,"enemies":"Gremlin Nob","floor":11,"turns":4},{"damage":20,"enemies":"Lagavulin","floor":13,"turns":5},{"damage":18,"enemies":"Gremlin Nob","floor":14,"turns":4},{"damage":36,"enemies":"Slime Boss","floor":16,"turns":6}],"seed_played":"-6755814915510344946","potions_obtained":[{"floor":3.0,"key":"Strength Potion"},{"floor":4,"key":"SneckoOil"},{"floor":8,"key":"hexamod:EctoCoolerPotion"},{"floor":14,"key":"LiquidMemories"}],"is_trial":false,"path_per_floor":["M","$","M","M","$","E","R","E","T","R","E","R","E","E","R","B"],"character_chosen":"HERMIT","items_purchased":["hermit:ShadowCloak","hermit:Feint"],"campfire_rested":3,"item_purchase_floors":[2,5],"current_hp_per_floor":[67,67,64,64,64,56,56,31,31,53,27,49,29,11,33,0,0],"gold":166,"neow_bonus":"RANDOM_COMMON_RELIC","is_daily":false,"chose_seed":false,"campfire_upgraded":1,"win_rate":0.0,"timestamp":1610268076,"path_taken":["M","?","M","M","?","E","R","E","T","R","E","R","E","E","R","BOSS"],"items_purchased_type":["Card","Card"],"build_version":"2020-12-22","purchased_purges":1,"victory":false,"max_hp_per_floor":[75,75,75,75,75,75,75,75,75,75,75,75,75,75,75,75,75],"card_choices":[{"not_picked":["hermit:Feint","hermit:Vantage"],"picked":"hermit:Headshot","floor":1.0},{"not_picked":["hermit:Feint","hermit:BodyArmor"],"picked":"hermit:PistolWhip","floor":3.0},{"not_picked":["hermit:HoleUp","hermit:Gestalt"],"picked":"hermit:Shortfuse","floor":4},{"not_picked":["hermit:BodyArmor","hermit:Glare"],"picked":"hermit:SprayPray","floor":6},{"not_picked":["hermit:Dive","hermit:LoneWolf","hermit:CursedWeapon"],"picked":"SKIP","floor":8},{"not_picked":["hermit:BigShot","hermit:Snipe"],"picked":"hermit:Spite","floor":11},{"not_picked":["hermit:Ricochet","hermit:NoHoldsBarred"],"picked":"hermit:FatalDesire","floor":13},{"not_picked":["hermit:Scavenge","hermit:Manifest"],"picked":"hermit:DeadOrAlive","floor":14}],"player_experience":2440330,"relics_obtained":[{"floor":6,"key":"Art of War"},{"floor":8,"key":"Darkstone Periapt"},{"floor":9,"key":"Letter Opener"},{"floor":11,"key":"Happy Flower"},{"floor":13,"key":"WingedGreaves"},{"floor":14,"key":"The Courier"}],"event_choices":[],"is_beta":false,"boss_relics":[],"items_purged_floors":[2],"is_endless":false,"potions_floor_spawned":[3,4,8,14],"killed_by":"Slime Boss","ascension_level":13}}