{"host":"TheHustler","time":1610283968,"event":{"mods":["BaseMod","Block Reminder","Colored Map","Colored Powertips","Minty Spire (QoL Compilation)","Quick Restart","StSLib","SuperFastMode","Unceasing Turn Reminder"],"gold_per_floor":[14,26,26,26,40,40,40,70,70,70,85,120,140,151,151,248,248,268,268,44,44,44,369,369,40,40,40,40,74,74,93,93,190,240,250,270,320,35,55,90,90,105,105,105,124,159,159,172,172,172],"floor_reached":51,"playtime":1305,"items_purged":["Writhe","Strike_R"],"score":903,"play_id":"6a8983e1-2adf-4ef3-9256-defa3cf535ff","local_time":"20210110140608","is_ascension_mode":false,"campfire_choices":[{"data":"Armaments","floor":6.0,"key":"SMITH"},{"data":"Shrug It Off","floor":10.0,"key":"SMITH"},{"data":"Flex","floor":15.0,"key":"SMITH"},{"floor":24.0,"key":"REST"},{"data":"Entrench","floor":28.0,"key":"SMITH"},{"data":"Barricade","floor":30.0,"key":"SMITH"},{"data":"Shockwave","floor":32.0,"key":"SMITH"},{"data":"Body Slam","floor":44,"key":"SMITH"},{"data":"1","floor":47,"key":"LIFT"},{"data":"2","floor":49,"key":"LIFT"}],"circlet_count":0,"master_deck":["Strike_R","Strike_R","Strike_R","Strike_R","Defend_R+1","Defend_R","Defend_R","Defend_R+1","Bash+1","Bludgeon+1","Armaments+1","Shockwave+1","Shrug It Off+1","Flex+1","Bloodletting","Barricade+1","Anger+1","Entrench+1","Double Tap","Finesse","Immolate","Demon Form","Pommel Strike","Shrug It Off","Body Slam+1","Decay","Clothesline+1","Intimidate+1"],"relics":["Burning Blood","Kunai","Matryoshka","Gremlin Horn","Runic Dome","Thread and Needle","War Paint","Old Coin","Anchor","Blood Vial","Pocketwatch","Akabeko","Red Skull","Sundial","Tiny House","Mango","Turnip","Girya","Eternal Feather","Lizard Tail"],"acts_visited":["Exordium","TheCity","TheBeyond"],"potions_floor_usage":[50,50,50,50,50,50],"damage_taken":[{"damage":0.0,"enemies":"Cultist","floor":1.0,"turns":2.0},{"damage":0.0,"enemies":"Small Slimes","floor":2.0,"turns":2.0},{"damage":2.0,"enemies":"2 Louse","floor":5.0,"turns":4.0},{"damage":31.0,"enemies":"3 Sentries","floor":8.0,"turns":8.0},{"damage":1.0,"enemies":"Large Slime","floor":11.0,"turns":3.0},{"damage":13.0,"enemies":"Lagavulin","floor":12.0,"turns":6.0},{"damage":2.0,"enemies":"Blue Slaver","floor":13.0,"turns":2.0},{"damage":2.0,"enemies":"Looter","floor":14.0,"turns":2.0},{"damage":34.0,"enemies":"The Guardian","floor":16.0,"turns":9.0},{"damage":12.0,"enemies":"2 Thieves","floor":18.0,"turns":3.0},{"damage":61.0,"enemies":"Gremlin Leader","floor":23.0,"turns":9.0},{"damage":9.0,"enemies":"Slavers","floor":29.0,"turns":3.0},{"damage":0.0,"enemies":"Spheric Guardian","floor":31.0,"turns":2.0},{"damage":0.0,"enemies":"Collector","floor":33.0,"turns":8.0},{"damage":0.0,"enemies":"3 Shapes","floor":35.0,"turns":5.0},{"damage":8.0,"enemies":"Orb Walker","floor":36.0,"turns":5.0},{"damage":38.0,"enemies":"Mind Bloom Boss Battle","floor":37.0,"turns":7.0},{"damage":7,"enemies":"3 Darklings","floor":39,"turns":10},{"damage":0,"enemies":"Giant Head","floor":40,"turns":9},{"damage":5,"enemies":"Maw","floor":42,"turns":7},{"damage":3,"enemies":"Transient","floor":45,"turns":5},{"damage":39,"enemies":"Reptomancer","floor":46,"turns":8},{"damage":0,"enemies":"Jaw Worm Horde","floor":48,"turns":3},{"damage":38,"enemies":"Donu and Deca","floor":50,"turns":8}],"seed_played":"-2645315643790979837","potions_obtained":[{"floor":2.0,"key":"Weak Potion"},{"floor":4.0,"key":"CultistPotion"},{"floor":4.0,"key":"Weak Potion"},{"floor":4.0,"key":"LiquidBronze"},{"floor":31.0,"key":"Dexterity Potion"},{"floor":34.0,"key":"SneckoOil"},{"floor":45,"key":"EntropicBrew"},{"floor":48,"key":"Ancient Potion"}],"is_trial":false,"path_per_floor":["M","M","?","?","M","R","$","E","T","R","M","E","M","M","R","B",null,"M","?","$","?","?","E","R","$","T","T","R","E","R","M","R","B",null,"M","M","?","$","M","E","?","M","T","R","M","E","R","M","R","B",null],"character_chosen":"IRONCLAD","items_purchased":["War Paint","Anchor","Finesse","Turnip"],"campfire_rested":1,"item_purchase_floors":[20,25,25,38],"current_hp_per_floor":[80,80,80,80,80,80,80,55,55,55,60,53,57,61,61,33,80,74,74,74,74,74,19,43,43,43,43,43,42,42,50,50,58,85,85,83,67,67,68,76,76,79,79,94,99,66,81,89,99,67],"gold":172,"neow_bonus":"THREE_RARE_CARDS","is_daily":false,"chose_seed":false,"campfire_upgraded":7,"win_rate":0.0,"timestamp":1610283968,"path_taken":["M","M","?","?","M","R","$","E","T","R","M","E","?","M","R","BOSS","M","?","$","?","?","E","R","?","T","?","R","E","R","M","R","BOSS","M","M","?","$","M","E","?","M","T","R","?","E","R","M","R","BOSS"],"items_purchased_type":["Relic","Relic","Card","Relic"],"build_version":"2020-12-18","purchased_purges":2,"victory":true,"max_hp_per_floor":[80,80,80,80,80,80,80,80,80,80,80,80,80,80,80,80,80,80,80,80,80,80,80,80,80,80,80,80,80,80,80,80,80,85,85,85,99,99,99,99,99,99,99,99,99,99,99,99,99,99],"card_choices":[{"not_picked":["Brutality","Berserk"],"picked":"Bludgeon","floor":0.0},{"not_picked":["Feel No Pain","True Grit"],"picked":"Armaments","floor":1.0},{"not_picked":["Wild Strike","Thunderclap"],"picked":"Shockwave","floor":2.0},{"not_picked":["Combust","Ghostly Armor","Sword Boomerang"],"picked":"SKIP","floor":5.0},{"not_picked":["Feel No Pain","Wild Strike"],"picked":"Shrug It Off","floor":8.0},{"not_picked":["Clash","Armaments"],"picked":"Flex","floor":11.0},{"not_picked":["Perfected Strike","Sentinel","Rupture"],"picked":"SKIP","floor":12.0},{"not_picked":["Power Through","Clash","Fiend Fire"],"picked":"SKIP","floor":13.0},{"not_picked":["Infernal Blade","Shockwave"],"picked":"Bloodletting","floor":14.0},{"not_picked":["Reaper","Juggernaut"],"picked":"Barricade","floor":16.0},{"not_picked":["True Grit","Shrug It Off+1"],"picked":"Anger+1","floor":18.0},{"not_picked":["Wild Strike","Twin Strike"],"picked":"Double Tap","floor":23.0},{"not_picked":["True Grit","Flame Barrier"],"picked":"Immolate","floor":29.0},{"not_picked":["Sentinel+1","Cleave","Perfected Strike"],"picked":"SKIP","floor":31.0},{"not_picked":["Double Tap","Exhume"],"picked":"Demon Form","floor":33.0},{"not_picked":["Havoc+1","Armaments"],"picked":"Pommel Strike","floor":34.0},{"not_picked":["Ghostly Armor","Twin Strike","Shockwave+1"],"picked":"SKIP","floor":35.0},{"not_picked":["Pommel Strike","Armaments","Pummel"],"picked":"SKIP","floor":36.0},{"not_picked":["Perfected Strike+1","Headbutt"],"picked":"Shrug It Off","floor":37.0},{"not_picked":["Body Slam","Battle Trance+1","Power Through+1"],"picked":"SKIP","floor":39},{"not_picked":["Battle Trance+1","Power Through+1"],"picked":"Body Slam","floor":39},{"not_picked":["Twin Strike+1","Warcry","Combust+1"],"picked":"SKIP","floor":40},{"not_picked":["Fire Breathing","Battle Trance"],"picked":"Clothesline+1","floor":42},{"not_picked":["Fire Breathing","Twin Strike"],"picked":"Intimidate+1","floor":45},{"not_picked":["Corruption","Fire Breathing","Reckless Charge"],"picked":"SKIP","floor":46},{"not_picked":["Warcry+1","Armaments","Hemokinesis+1"],"picked":"SKIP","floor":48}],"player_experience":625560,"relics_obtained":[{"floor":8.0,"key":"Kunai"},{"floor":9.0,"key":"Matryoshka"},{"floor":12.0,"key":"Gremlin Horn"},{"floor":23.0,"key":"Old Coin"},{"floor":26.0,"key":"Blood Vial"},{"floor":26.0,"key":"Pocketwatch"},{"floor":27.0,"key":"Akabeko"},{"floor":27.0,"key":"Red Skull"},{"floor":29.0,"key":"Sundial"},{"floor":37.0,"key":"Mango"},{"floor":40,"key":"Girya"},{"floor":43,"key":"Eternal Feather"},{"floor":46,"key":"Lizard Tail"}],"event_choices":[{"damage_healed":0.0,"max_hp_gain":0.0,"max_hp_loss":0.0,"gold_gain":0.0,"event_name":"Living Wall","player_choice":"Grow","floor":3.0,"gold_loss":0.0,"damage_taken":0.0,"cards_upgraded":["Bludgeon"]},{"damage_healed":0.0,"max_hp_gain":0.0,"max_hp_loss":0.0,"gold_gain":0.0,"event_name":"Lab","player_choice":"Got Potions","floor":4.0,"gold_loss":0.0,"damage_taken":0.0},{"damage_healed":0.0,"max_hp_gain":0.0,"max_hp_loss":0.0,"gold_gain":0.0,"event_name":"The Mausoleum","player_choice":"Opened","floor":19.0,"gold_loss":0.0,"damage_taken":0.0,"relics_obtained":["Thread and Needle"],"cards_obtained":["Writhe"]},{"damage_healed":0.0,"max_hp_gain":0.0,"max_hp_loss":0.0,"gold_gain":0.0,"event_name":"The Library","player_choice":"Read","floor":22.0,"gold_loss":0.0,"damage_taken":0.0,"cards_obtained":["Entrench"]},{"damage_healed":0.0,"max_hp_gain":0.0,"max_hp_loss":0.0,"gold_gain":0.0,"event_name":"MindBloom","player_choice":"Fight","floor":37.0,"gold_loss":0.0,"damage_taken":0.0},{"damage_healed":0,"gold_gain":0,"player_choice":"Cursed","damage_taken":0,"max_hp_gain":0,"max_hp_loss":0,"event_name":"Wheel of Change","floor":41,"gold_loss":0,"cards_obtained":["Decay"]}],"is_beta":true,"boss_relics":[{"not_picked":["Fusion Hammer","Black Blood"],"picked":"Runic Dome"},{"not_picked":["SacredBark","Runic Cube"],"picked":"Tiny House"}],"items_purged_floors":[20,25],"is_endless":false,"potions_floor_spawned":[2,5,13,14,23,31,35,42,45,46,48],"ascension_level":0}}