{"host":"af4pzp5tm7cfibaw","time":1610251151,"event":{"mods":["AchievementEnabler","BaseMod","BetterRewards","Highlight Path","Minty Spire (QoL Compilation)","StSLib","SuperFastMode"],"gold_per_floor":[109,284,284,234,252,252,279,279,305,339,58,78,78,90,90,190,190,202,216,216,216,236,236,236],"floor_reached":23,"playtime":845,"items_purged":["Defend_G"],"score":269,"play_id":"5b349da3-804d-4c50-8165-2393ce30f51f","local_time":"20210110165911","is_ascension_mode":true,"campfire_choices":[{"data":"Blade Dance","floor":6.0,"key":"SMITH"},{"data":"Expertise","floor":8.0,"key":"SMITH"},{"data":"Accuracy","floor":15.0,"key":"SMITH"}],"circlet_count":0,"master_deck":["Strike_G","Strike_G","Strike_G","Strike_G","Defend_G","Defend_G","Defend_G","Defend_G","Survivor","Neutralize","Blade Dance+1","Expertise+1","Footwork","Acrobatics","Accuracy+1","Blade Dance","Tools of the Trade","Dodge and Roll","Well Laid Plans","Terror"],"relics":["Ring of the Snake","Blue Candle","Bag of Marbles","Omamori","Oddly Smooth Stone","Snecko Eye","Nloth\u0027s Gift"],"acts_visited":["Exordium","TheCity"],"potions_floor_usage":[19,23],"damage_taken":[{"damage":0.0,"enemies":"Jaw Worm","floor":1.0,"turns":1.0},{"damage":0.0,"enemies":"Small Slimes","floor":5.0,"turns":1.0},{"damage":0.0,"enemies":"3 Sentries","floor":7.0,"turns":1.0},{"damage":19.0,"enemies":"Gremlin Nob","floor":10.0,"turns":4.0},{"damage":4.0,"enemies":"2 Louse","floor":12.0,"turns":3.0},{"damage":3.0,"enemies":"Large Slime","floor":14.0,"turns":5.0},{"damage":45.0,"enemies":"Hexaghost","floor":16.0,"turns":8.0},{"damage":0.0,"enemies":"Spheric Guardian","floor":18.0,"turns":3.0},{"damage":0,"enemies":"Shell Parasite","floor":19,"turns":3},{"damage":40,"enemies":"Snake Plant","floor":22,"turns":5},{"damage":35,"enemies":"Slavers","floor":23,"turns":3}],"seed_played":"-1646203965610720861","potions_obtained":[{"floor":5.0,"key":"CultistPotion"},{"floor":7.0,"key":"Dexterity Potion"},{"floor":14.0,"key":"BlessingOfTheForge"},{"floor":19,"key":"SkillPotion"},{"floor":22,"key":"Fire Potion"}],"is_trial":false,"path_per_floor":["M","?","?","?","M","R","E","R","T","E","$","M","?","M","R","B",null,"M","M","?","?","M","E"],"character_chosen":"THE_SILENT","items_purchased":["Oddly Smooth Stone","Acrobatics"],"campfire_rested":0,"item_purchase_floors":[11,11],"current_hp_per_floor":[70,70,63,63,63,63,63,63,63,44,44,40,63,60,60,15,70,70,70,70,70,30,0,0],"gold":236,"neow_bonus":"THREE_ENEMY_KILL","is_daily":false,"chose_seed":false,"campfire_upgraded":3,"win_rate":0.0,"timestamp":1610251151,"path_taken":["M","?","?","?","M","R","E","R","T","E","$","M","?","M","R","BOSS","M","M","?","?","?","E"],"items_purchased_type":["Relic","Card"],"build_version":"2020-12-22","purchased_purges":1,"victory":false,"max_hp_per_floor":[70,70,70,70,70,70,70,70,70,70,70,70,70,70,70,70,70,70,70,70,70,70,70,70],"card_choices":[{"not_picked":["Cloak And Dagger","Poisoned Stab"],"picked":"Blade Dance","floor":1.0},{"not_picked":["Slice","Skewer"],"picked":"Expertise","floor":5.0},{"not_picked":["Caltrops","Slice","Underhanded Strike"],"picked":"SKIP","floor":7.0},{"not_picked":["Escape Plan","PiercingWail"],"picked":"Footwork","floor":10.0},{"not_picked":["Expertise","Flying Knee"],"picked":"Accuracy","floor":12.0},{"not_picked":["Crippling Poison","Deadly Poison"],"picked":"Blade Dance","floor":14.0},{"not_picked":["After Image","Grand Finale"],"picked":"Tools of the Trade","floor":16.0},{"not_picked":["Dagger Spray","Catalyst"],"picked":"Dodge and Roll","floor":18.0},{"not_picked":["Flechettes","Sucker Punch"],"picked":"Well Laid Plans","floor":19},{"not_picked":["Acrobatics","Endless Agony"],"picked":"Terror","floor":22}],"player_experience":291401,"relics_obtained":[{"floor":7.0,"key":"Blue Candle"},{"floor":9.0,"key":"Bag of Marbles"},{"floor":10.0,"key":"Omamori"}],"event_choices":[{"damage_healed":0.0,"max_hp_gain":0.0,"max_hp_loss":0.0,"gold_gain":175.0,"event_name":"Liars Game","player_choice":"AGREE","floor":2.0,"gold_loss":0.0,"damage_taken":0.0,"cards_obtained":["Doubt"]},{"cards_removed":["Doubt"],"damage_healed":0.0,"max_hp_gain":0.0,"max_hp_loss":0.0,"gold_gain":0.0,"event_name":"Golden Wing","player_choice":"Card Removal","floor":3.0,"gold_loss":0.0,"damage_taken":7.0},{"cards_removed":["Strike_G"],"damage_healed":0.0,"max_hp_gain":0.0,"max_hp_loss":0.0,"gold_gain":0.0,"event_name":"The Cleric","player_choice":"Card Removal","floor":4.0,"gold_loss":50.0,"damage_taken":0.0},{"damage_healed":23.0,"max_hp_gain":0.0,"max_hp_loss":0.0,"gold_gain":0.0,"event_name":"Big Fish","player_choice":"Banana","floor":13.0,"gold_loss":0.0,"damage_taken":0.0},{"damage_healed":0,"gold_gain":0,"player_choice":"Ignored","damage_taken":0,"max_hp_gain":0,"max_hp_loss":0,"event_name":"Vampires","floor":20,"gold_loss":0},{"damage_healed":0,"gold_gain":0,"player_choice":"Traded Relic","damage_taken":0,"relics_obtained":["Nloth\u0027s Gift"],"max_hp_gain":0,"max_hp_loss":0,"event_name":"N\u0027loth","floor":21,"relics_lost":["NeowsBlessing"],"gold_loss":0}],"is_beta":false,"boss_relics":[{"not_picked":["Coffee Dripper","Sozu"],"picked":"Snecko Eye"}],"items_purged_floors":[11],"is_endless":false,"potions_floor_spawned":[5,7,14,19,22],"killed_by":"Slavers","ascension_level":4}}