{"host":"00tqcjwpycel7e54","time":1610248932,"event":{"mods":["ATMod(阿瑾Mod)","Act Like it!","BaseMod","Colored Powertips","Decade(王小明)","Hermit","Highlight Path","Hubris","Luminous","Marisa（F雨　魔理沙）","Minty Spire (QoL Compilation)","Reimu（博丽灵梦）","Remilia（蕾米莉亚）","Robot Space Explorer","SOS（斯巴达之子）","Shop Mod","Spicy Shops","StSLib","The Administrix","The Animator","The Bug Knight","The Construct","The Cursed","The Gatherer","The Hierophant","The Mystic","The Runesmith","The Servant 0.9.4","WarShipGirlsR/战舰少女R mod","Youmu（魂魄妖梦）","Yuyuko","vexMod","【遗物卡牌】REMEMod"],"gold_per_floor":[163,223,223,68,111,111,144,144,144,171,171,139,197,261,261,370,370,369,404,427,442,440,485,515,579,579,623,623,680,595,29,29,156,156,194,194,194,240,240,288,327,36,36,68,83,145,145,178,178,278],"floor_reached":51,"playtime":3314,"items_purged":["Shoot","Poor:ReiMu"],"score":1039,"play_id":"7e0a496e-9634-4b53-9393-dc81093e1f84","local_time":"20210110112212","is_ascension_mode":true,"campfire_choices":[{"data":"Royalguard","floor":6.0,"key":"SMITH"},{"data":"Unrisingdragon","floor":15.0,"key":"SMITH"},{"data":"Swordcombo","floor":28.0,"key":"SMITH"},{"data":"Trickster","floor":32.0,"key":"SMITH"},{"data":"Unrisingdragon","floor":47,"key":"SMITH"},{"data":"Swordmaster","floor":49,"key":"SMITH"}],"circlet_count":0,"master_deck":["Attack_a","Attack_a","Attack_b","Shoot","Provocation","Defend_Dante","Defend_Dante","Defend_Dante","Defend_Dante","Redorb","Royalguard+1","Chargeshoot","Gilgamesh","Swordcombo+1","Swordmaster+1","VitalstarM","Injury","Unrisingdragon+1","Greenorb","Trickster+1","Hightime","Dash1","Airtrick","Madness","Madness","Unrisingdragon","Straight","Unrisingdragon+1","DT","BeastUppercut+1","Weaponupgrade+1"],"relics":["SSS","Combocheck","AT_ATBox","REME_ComplimentaryCards","hubris:CrystalStatue","Golden Idol","Art of War","Bronze Scales","YidongShenshe:ReiMu","Calipers","vexMod:NewClearReactor","Pear","Bottled Flame","hubris:PeanutButter","RuthlessExorcism:ReiMu","REME_HourglassOfDeath","ClockworkSouvenir","Shuriken","MerchantsRug","hubris:Stopwatch","Question Card","Happy Flower","Letter Opener","Bag of Marbles","vexMod:Dragonfruit"],"acts_visited":["Exordium","TheCity","TheBeyond"],"potions_floor_usage":[50,50],"damage_taken":[{"damage":17.0,"enemies":"Jaw Worm","floor":1.0,"turns":8.0},{"damage":10.0,"enemies":"Small Slimes","floor":2.0,"turns":3.0},{"damage":3.0,"enemies":"2 Louse","floor":5.0,"turns":3.0},{"damage":20.0,"enemies":"Gremlin Nob","floor":7.0,"turns":5.0},{"damage":7.0,"enemies":"HollowMod:MossKnight","floor":10.0,"turns":7.0},{"damage":3.0,"enemies":"Exordium Wildlife","floor":12.0,"turns":3.0},{"damage":11.0,"enemies":"Lagavulin","floor":13.0,"turns":5.0},{"damage":0.0,"enemies":"3 Louse","floor":14.0,"turns":3.0},{"damage":17.0,"enemies":"Slime Boss","floor":16.0,"turns":8.0},{"damage":3.0,"enemies":"Spheric Guardian","floor":18.0,"turns":3.0},{"damage":10.0,"enemies":"2 Thieves","floor":19.0,"turns":4.0},{"damage":13.0,"enemies":"Snake Plant","floor":20.0,"turns":2.0},{"damage":22.0,"enemies":"Shelled Parasite and Fungi","floor":21.0,"turns":5.0},{"damage":16.0,"enemies":"Snecko","floor":22.0,"turns":4.0},{"damage":0.0,"enemies":"Book of Stabbing","floor":23.0,"turns":3.0},{"damage":0.0,"enemies":"Chosen and Byrds","floor":24.0,"turns":3.0},{"damage":0.0,"enemies":"HollowMod:Nosk","floor":25.0,"turns":6.0},{"damage":1.0,"enemies":"Cultist and Chosen","floor":27.0,"turns":6.0},{"damage":9.0,"enemies":"Gremlin Leader","floor":29.0,"turns":4.0},{"damage":21.0,"enemies":"Collector","floor":33.0,"turns":4.0},{"damage":6.0,"enemies":"3 Shapes","floor":35.0,"turns":3.0},{"damage":14.0,"enemies":"3 Darklings","floor":38.0,"turns":5.0},{"damage":0,"enemies":"HollowMod:StalkingDevout","floor":40,"turns":3},{"damage":31,"enemies":"4 Shapes","floor":41,"turns":4},{"damage":3,"enemies":"Nemesis","floor":44,"turns":5},{"damage":0,"enemies":"Writhing Mass","floor":45,"turns":2},{"damage":0,"enemies":"HollowMod:StalkingDevout","floor":46,"turns":4},{"damage":0,"enemies":"3 Darklings","floor":48,"turns":2},{"damage":33,"enemies":"Awakened One","floor":50,"turns":7}],"seed_played":"-6071839324137777929","potions_obtained":[{"floor":1.0,"key":"DistilledChaos"},{"floor":5.0,"key":"Block Potion"},{"floor":12.0,"key":"Ancient Potion"},{"floor":14.0,"key":"FearPotion"},{"floor":18.0,"key":"Fire Potion"},{"floor":25.0,"key":"GamblersBrew"},{"floor":29.0,"key":"Block Potion"},{"floor":38,"key":"Dexterity Potion"},{"floor":45,"key":"GamblersBrew"}],"is_trial":false,"path_per_floor":["M","M","?","$","M","R","E","?","T","E","?","M","E","M","R","B",null,"M","M","M","M","M","E","M","E","T","M","R","E","?","$","R","B",null,"M","?","?","M","?","E","M","$","T","E","M","E","R","M","R","B",null],"character_chosen":"DANTE","items_purchased":["Swordmaster","ClockworkSouvenir","Shuriken","MerchantsRug","Unrisingdragon","Happy Flower","DT"],"campfire_rested":0,"item_purchase_floors":[4,31,31,31,42,42,42],"current_hp_per_floor":[63,53,53,53,50,50,30,30,30,33,33,40,35,35,35,18,80,80,78,65,58,42,59,68,73,73,76,76,68,68,68,68,52,90,88,77,86,76,76,80,59,59,59,70,79,90,90,90,90,62],"gold":278,"neow_bonus":"ONE_RANDOM_RARE_CARD","is_daily":false,"chose_seed":false,"campfire_upgraded":6,"win_rate":0.0,"timestamp":1610248932,"path_taken":["M","M","?","$","M","R","E","?","T","E","?","?","E","M","R","BOSS","M","M","M","M","M","E","M","E","T","M","R","E","?","$","R","BOSS","M","?","?","M","?","E","M","$","T","E","M","E","R","M","R","BOSS"],"items_purchased_type":["Card","Relic","Relic","Relic","Card","Relic","Card"],"build_version":"2020-12-22","purchased_purges":2,"victory":true,"max_hp_per_floor":[80,80,80,80,80,80,80,80,80,80,80,80,80,80,80,80,80,80,80,80,80,80,90,90,90,90,90,90,90,90,90,90,90,90,90,90,90,90,90,90,90,90,90,90,90,95,95,95,95,95],"card_choices":[{"not_picked":["DevilstarS","Ecstasy"],"picked":"Chargeshoot","floor":1.0},{"not_picked":["Stinger","Millionkick"],"picked":"Gilgamesh","floor":2.0},{"not_picked":[],"picked":"Swordcombo","floor":3.0},{"not_picked":["Doubleshoot","GilgameshcomboA","Stinger"],"picked":"SKIP","floor":5.0},{"not_picked":["Gunstinger","Ecstasy"],"picked":"VitalstarM","floor":7.0},{"not_picked":["Hightime","LucifercomboA"],"picked":"Unrisingdragon","floor":10.0},{"not_picked":["VitalstarM","DT"],"picked":"Greenorb","floor":12.0},{"not_picked":["DevilstarS","Holywater","VitalstarS"],"picked":"SKIP","floor":13.0},{"not_picked":["Millionstab","Doubleshoot","Holywater"],"picked":"SKIP","floor":14.0},{"not_picked":["Blueorb","Swordcombo"],"picked":"Trickster","floor":16.0},{"not_picked":["Rebellion","Whiteorb","Gunslinger"],"picked":"SKIP","floor":18.0},{"not_picked":["Greenorb","Rebellion"],"picked":"Hightime","floor":19.0},{"not_picked":["GilgameshcomboA","Doubleshoot","LucifercomboB+1"],"picked":"SKIP","floor":20.0},{"not_picked":["Gilgamesh","Gunslinger+1","Dash1"],"picked":"SKIP","floor":21.0},{"not_picked":["VitalstarM","Weaponreturn"],"picked":"Dash1","floor":22.0},{"not_picked":["Demonreform","LucifercomboD","LucifercomboB"],"picked":"SKIP","floor":23.0},{"not_picked":["Chargeshoot2","Chargeshoot","Hightime"],"picked":"SKIP","floor":24.0},{"not_picked":["Weaponreturn","Airhike","Honeycombofire"],"picked":"SKIP","floor":25.0},{"not_picked":["Chargeshoot2","Doubleshoot","Honeycombofire+1"],"picked":"SKIP","floor":27.0},{"not_picked":["Honeycombofire","Gunstinger","VitalstarS"],"picked":"SKIP","floor":29.0},{"not_picked":["Demonreform","Blueorb"],"picked":"Airtrick","floor":33.0},{"not_picked":["GilgameshcomboA+1","Weaponupgrade","VitalstarS"],"picked":"SKIP","floor":35.0},{"not_picked":["Honeycombofire+1","LucifercomboC"],"picked":"Unrisingdragon","floor":38},{"not_picked":["LucifercomboB","Greenorb","Splesh+1"],"picked":"SKIP","floor":40},{"not_picked":["Airhike","Whiteorb","DT"],"picked":"Straight","floor":41},{"not_picked":["Blueorb","SSScard","CoyoteA+1","Kick13+1"],"picked":"SKIP","floor":44},{"not_picked":["Whiteorb+1","Weaponupgrade+1","DevilstarS+1"],"picked":"BeastUppercut+1","floor":45},{"not_picked":["DevilstarL","Doubleshoot+1","EbonyIvory+1"],"picked":"Weaponupgrade+1","floor":46},{"not_picked":["Honeycombofire","Splesh+1","Holywater+1","LucifercomboB+1"],"picked":"SKIP","floor":48}],"player_experience":699552,"relics_obtained":[{"floor":7.0,"key":"hubris:CrystalStatue"},{"floor":9.0,"key":"Art of War"},{"floor":10.0,"key":"Bronze Scales"},{"floor":13.0,"key":"Calipers"},{"floor":23.0,"key":"Pear"},{"floor":25.0,"key":"Bottled Flame"},{"floor":26.0,"key":"hubris:PeanutButter"},{"floor":29.0,"key":"RuthlessExorcism:ReiMu"},{"floor":40,"key":"Question Card"},{"floor":43,"key":"Letter Opener"},{"floor":44,"key":"Bag of Marbles"},{"floor":46,"key":"vexMod:Dragonfruit"}],"event_choices":[{"damage_healed":0.0,"max_hp_gain":0.0,"max_hp_loss":0.0,"gold_gain":0.0,"event_name":"Golden Idol","player_choice":"Take Wound","floor":8.0,"gold_loss":0.0,"damage_taken":0.0,"relics_obtained":["Golden Idol"],"cards_obtained":["Injury"]},{"damage_healed":0.0,"max_hp_gain":0.0,"max_hp_loss":0.0,"gold_gain":0.0,"event_name":"yidonshenshe","player_choice":"带走神社","floor":11.0,"gold_loss":0.0,"damage_taken":0.0,"relics_obtained":["YidongShenshe:ReiMu"],"cards_obtained":["Poor:ReiMu"]},{"damage_healed":0.0,"max_hp_gain":0.0,"max_hp_loss":0.0,"gold_gain":0.0,"event_name":"Addict","player_choice":"Obtained Relic","floor":30.0,"gold_loss":85.0,"damage_taken":0.0,"relics_obtained":["REME_HourglassOfDeath"]},{"damage_healed":0.0,"max_hp_gain":0.0,"max_hp_loss":0.0,"gold_gain":0.0,"event_name":"Winding Halls","player_choice":"Embrace Madness","floor":36.0,"gold_loss":0.0,"damage_taken":11.0,"cards_obtained":["Madness","Madness"]},{"damage_healed":0,"gold_gain":0,"player_choice":"Ignored","damage_taken":0,"max_hp_gain":0,"max_hp_loss":0,"event_name":"Tomb of Lord Red Mask","floor":39,"gold_loss":0}],"is_beta":false,"boss_relics":[{"not_picked":["Cursed Key","Pandora\u0027s Box"],"picked":"vexMod:NewClearReactor"},{"not_picked":["vexMod:MysteryBossChallenge","Empty Cage"],"picked":"hubris:Stopwatch"}],"items_purged_floors":[4,31],"is_endless":false,"potions_floor_spawned":[1,5,12,14,18,19,25,29,38,45],"ascension_level":1}}