{"host":"0tiuc76yumknr6qf","time":1610242741,"event":{"mods":["BaseMod","Colored Map","Highlight Path","Minty Spire (QoL Compilation)","StSLib"],"gold_per_floor":[111,111,121,121,131,131,166,166,166,177,188,217,228,228,228,300,300,315,315,327,327,342,375,675,704,775,775,775],"floor_reached":27,"playtime":2920,"items_purged":[],"score":526,"play_id":"0ee2ee2b-709b-4480-b48c-3b6d4093cc70","local_time":"20210109193901","is_ascension_mode":true,"campfire_choices":[{"data":"Anger","floor":6,"key":"SMITH"},{"data":"Iron Wave","floor":8,"key":"SMITH"},{"data":"Bash","floor":15,"key":"SMITH"}],"circlet_count":0,"master_deck":["AscendersBane","Strike_R","Strike_R","Strike_R","Strike_R","Defend_R","Defend_R","Defend_R","Defend_R","Bash+1","Bludgeon+1","Anger+1","Bloodletting","Shrug It Off","Iron Wave+1","Intimidate+1","Shrug It Off+1","Flame Barrier+1","Shrug It Off+1","Impervious+1","Seeing Red+1","Barricade","Entrench+1","Inflame+1"],"relics":["Burning Blood","StrikeDummy","Toxic Egg 2","Question Card","Coffee Dripper","Bag of Preparation","Old Coin","Smiling Mask","Frozen Egg 2"],"acts_visited":["Exordium","TheCity"],"potions_floor_usage":[21,22],"damage_taken":[{"damage":3,"enemies":"2 Louse","floor":1,"turns":3},{"damage":3,"enemies":"Jaw Worm","floor":3,"turns":2},{"damage":0,"enemies":"Cultist","floor":5,"turns":2},{"damage":30,"enemies":"Lagavulin","floor":7,"turns":4},{"damage":3,"enemies":"Large Slime","floor":10,"turns":2},{"damage":3,"enemies":"Blue Slaver","floor":11,"turns":3},{"damage":1,"enemies":"Gremlin Nob","floor":12,"turns":3},{"damage":11,"enemies":"Lots of Slimes","floor":13,"turns":5},{"damage":8,"enemies":"The Guardian","floor":16,"turns":11},{"damage":1,"enemies":"2 Thieves","floor":18,"turns":4},{"damage":0,"enemies":"3 Byrds","floor":20,"turns":7},{"damage":15,"enemies":"Cultist and Chosen","floor":22,"turns":7},{"damage":32,"enemies":"Slavers","floor":23,"turns":10},{"damage":22,"enemies":"Gremlin Leader","floor":25,"turns":9},{"damage":37,"enemies":"Slavers","floor":27,"turns":5}],"seed_played":"1464981917836316967","potions_obtained":[{"floor":3,"key":"GamblersBrew"},{"floor":7,"key":"Strength Potion"},{"floor":21,"key":"Fruit Juice"},{"floor":21,"key":"SteroidPotion"},{"floor":22,"key":"ElixirPotion"}],"is_trial":false,"path_per_floor":["M","?","M","?","M","R","E","R","T","M","M","E","M","?","R","B",null,"M","?","M","?","M","E","T","E","T","E"],"character_chosen":"IRONCLAD","items_purchased":[],"campfire_rested":0,"item_purchase_floors":[],"current_hp_per_floor":[53,53,56,56,62,62,38,38,38,41,44,49,44,49,49,47,72,77,77,80,85,76,50,50,34,34,0,0],"gold":775,"neow_bonus":"THREE_RARE_CARDS","is_daily":false,"chose_seed":false,"campfire_upgraded":3,"win_rate":0.0,"timestamp":1610242741,"path_taken":["M","?","M","?","?","R","E","R","T","M","M","E","M","?","R","BOSS","M","?","M","?","?","E","?","E","T","E"],"items_purchased_type":[],"build_version":"2020-12-22","purchased_purges":0,"victory":false,"max_hp_per_floor":[75,75,75,75,75,75,75,75,75,75,75,75,75,80,80,80,80,80,80,80,85,85,85,85,85,85,85,85],"card_choices":[{"not_picked":["Demon Form","Berserk"],"picked":"Bludgeon","floor":0},{"not_picked":["Body Slam","Perfected Strike"],"picked":"Anger","floor":1},{"not_picked":["Rampage","Clothesline"],"picked":"Shrug It Off","floor":3},{"not_picked":["Havoc","Combust","Dropkick"],"picked":"SKIP","floor":5},{"not_picked":["Entrench","Carnage"],"picked":"Iron Wave","floor":7},{"not_picked":["Body Slam","Pommel Strike"],"picked":"Intimidate+1","floor":10},{"not_picked":["Twin Strike","Juggernaut"],"picked":"Shrug It Off+1","floor":11},{"not_picked":["Pummel","Headbutt"],"picked":"Flame Barrier+1","floor":12},{"not_picked":["Perfected Strike","Clash","Heavy Blade"],"picked":"Shrug It Off+1","floor":13},{"not_picked":["Exhume+1","Reaper","Juggernaut"],"picked":"Impervious+1","floor":16},{"not_picked":["Iron Wave","Armaments+1","True Grit+1"],"picked":"Seeing Red+1","floor":18},{"not_picked":["Rage+1","Rampage","Anger","Sword Boomerang+1"],"picked":"SKIP","floor":20},{"not_picked":["Evolve","Thunderclap","Sword Boomerang"],"picked":"Barricade","floor":22},{"not_picked":["Warcry+1","Thunderclap","Clash"],"picked":"Entrench+1","floor":23},{"not_picked":["Searing Blow","Metallicize","Twin Strike"],"picked":"Inflame+1","floor":25}],"player_experience":1832064,"relics_obtained":[{"floor":7,"key":"StrikeDummy"},{"floor":9,"key":"Toxic Egg 2"},{"floor":12,"key":"Question Card"},{"floor":23,"key":"Bag of Preparation"},{"floor":24,"key":"Old Coin"},{"floor":25,"key":"Smiling Mask"},{"floor":26,"key":"Frozen Egg 2"}],"event_choices":[{"damage_healed":0,"gold_gain":0,"cards_transformed":["Strike_R"],"player_choice":"Change","damage_taken":0,"max_hp_gain":0,"max_hp_loss":0,"event_name":"Living Wall","floor":2,"gold_loss":0,"cards_obtained":["Bloodletting"]},{"damage_healed":0,"gold_gain":0,"player_choice":"Upgraded","damage_taken":0,"max_hp_gain":0,"max_hp_loss":0,"event_name":"Upgrade Shrine","floor":4,"gold_loss":0,"cards_upgraded":["Bludgeon"]},{"damage_healed":0,"gold_gain":0,"player_choice":"Donut","damage_taken":0,"max_hp_gain":5,"max_hp_loss":0,"event_name":"Big Fish","floor":14,"gold_loss":0},{"damage_healed":0,"gold_gain":0,"player_choice":"Ignored","damage_taken":0,"max_hp_gain":0,"max_hp_loss":0,"event_name":"Ghosts","floor":19,"gold_loss":0},{"damage_healed":0,"gold_gain":0,"player_choice":"Got Potions","damage_taken":0,"max_hp_gain":0,"max_hp_loss":0,"event_name":"Lab","floor":21,"gold_loss":0}],"is_beta":false,"boss_relics":[{"not_picked":["Runic Cube","SacredBark"],"picked":"Coffee Dripper"}],"items_purged_floors":[],"is_endless":false,"potions_floor_spawned":[3,7,12,13,18,22],"killed_by":"Slavers","ascension_level":20}}