{"host":"4kgga43fr9t628g1","time":1610272139,"event":{"mods":["Act Like it!","BaseMod","Downfall","Minty Spire (QoL Compilation)","StSLib"],"gold_per_floor":[99,112,126,126,276,306,306,323,233,262,277,277,288,317,334,453,453,453,471,471,111,138,138,138,169,187,187,207,67,67,6,24,120,120,45,59,52,64,75,150,174,207,218,233,37,387,387,387,404,404],"floor_reached":51,"playtime":4592,"items_purged":["Regret","sneckomod:Strike","sneckomod:Strike","Parasite"],"score":782,"play_id":"15db262a-33df-4a08-9609-825c8639a8c9","local_time":"20210110014859","is_ascension_mode":false,"campfire_choices":[{"data":"sneckomod:TailWhip","floor":1,"key":"SMITH"},{"data":"sneckomod:UnknownRarePower","floor":18,"key":"SMITH"},{"floor":27,"key":"REST"},{"data":"sneckomod:SnekBeam","floor":30,"key":"SMITH"},{"data":"sneckomod:QuickBite","floor":35,"key":"SMITH"},{"floor":47,"key":"REST"}],"circlet_count":0,"master_deck":["sneckomod:Strike+1","sneckomod:Defend","sneckomod:Defend","sneckomod:Defend+1","sneckomod:TailWhip+1","sneckomod:SnekBite","sneckomod:Unknown+1","sneckomod:Unknown","sneckomod:QuickMove","sneckomod:TrashToTreasure","Slimebound:Icky","sneckomod:QuickBite+1","sneckomod:UnknownRareSkill","sneckomod:SnekBeam+1","sneckomod:Unknown0Cost","sneckomod:SoulDraw","sneckomod:SerpentIdol","sneckomod:UnknownRareSkill","sneckomod:UnknownRarePower+1","CurseOfTheBell","sneckomod:SerpentIdol","RitualDagger","sneckomod:UnknownUncommonPower","expansioncontent:Collect","sneckomod:UnknownEthereal","sneckomod:Unknown1Cost+1","sneckomod:Unknown3Cost","sneckomod:UnknownClassHEXA_GHOST_PURPLE","sneckomod:UnknownEthereal","sneckomod:UnknownRareAttack","sneckomod:UnknownClassSLIMEBOUND","sneckomod:QuickBite","sneckomod:UnknownVulnerable+1","sneckomod:Unknown3Cost","sneckomod:UnknownUncommonSkill+1","sneckomod:UnknownClassGUARDIAN+1","sneckomod:UnknownUncommonPower","sneckomod:UnknownClassGREEN+1","sneckomod:SoulDraw+1","sneckomod:SoulCleanse+1","sneckomod:Unknown0Cost+1","sneckomod:DiceBlock","sneckomod:UnknownClassHEXA_GHOST_PURPLE+1","sneckomod:SnekBeam+1","sneckomod:QuickBite"],"relics":["sneckomod:SneckoSoul","Nunchaku","Bottled Lightning","TungstenRod","Question Card","Potion Belt","Calling Bell","Regal Pillow","Gremlin Horn","Gambling Chip","Bag of Preparation","Red Mask","Bronze Scales","Anchor","Velvet Choker","downfall:HeartBlessingGreen","Calipers","Toy Ornithopter","Mummified Hand","Old Coin"],"acts_visited":["Exordium","TheCity","TheBeyond"],"potions_floor_usage":[16,16,16,19,21,29,36,42,44,49,50,50,50,50,50],"damage_taken":[{"damage":0,"enemies":"2 Louse","floor":2,"turns":3},{"damage":1,"enemies":"Small Slimes","floor":3,"turns":4},{"damage":2,"enemies":"Jaw Worm","floor":8,"turns":5},{"damage":11,"enemies":"downfall:FleeingMerchant","floor":9,"turns":4},{"damage":12,"enemies":"Lagavulin","floor":10,"turns":5},{"damage":2,"enemies":"Exordium Thugs","floor":11,"turns":5},{"damage":8,"enemies":"Blue Slaver","floor":13,"turns":3},{"damage":3,"enemies":"3 Sentries","floor":14,"turns":6},{"damage":3,"enemies":"Large Slime","floor":15,"turns":6},{"damage":38,"enemies":"downfall:Ironclad","floor":16,"turns":8},{"damage":1,"enemies":"Chosen","floor":19,"turns":3},{"damage":0,"enemies":"downfall:FleeingMerchant","floor":21,"turns":4},{"damage":5,"enemies":"Masked Bandits","floor":22,"turns":5},{"damage":42,"enemies":"Book of Stabbing","floor":25,"turns":6},{"damage":10,"enemies":"Shell Parasite","floor":26,"turns":4},{"damage":3,"enemies":"Cultist and Chosen","floor":28,"turns":7},{"damage":0,"enemies":"downfall:FleeingMerchant","floor":29,"turns":4},{"damage":4,"enemies":"downfall:FleeingMerchant","floor":31,"turns":4},{"damage":11,"enemies":"Shelled Parasite and Fungi","floor":32,"turns":6},{"damage":44,"enemies":"downfall:Silent","floor":33,"turns":9},{"damage":1,"enemies":"3 Darklings","floor":36,"turns":8},{"damage":7,"enemies":"downfall:FleeingMerchant","floor":37,"turns":5},{"damage":0,"enemies":"Orb Walker","floor":38,"turns":2},{"damage":20,"enemies":"4 Shapes","floor":39,"turns":5},{"damage":44,"enemies":"Nemesis","floor":42,"turns":7},{"damage":29,"enemies":"Transient","floor":43,"turns":5},{"damage":0,"enemies":"Writhing Mass","floor":44,"turns":10},{"damage":13,"enemies":"Mind Bloom Boss Battle","floor":46,"turns":6},{"damage":21,"enemies":"Spire Growth","floor":49,"turns":4},{"damage":5,"enemies":"downfall:Watcher","floor":50,"turns":9}],"seed_played":"5129448911231486955","potions_obtained":[{"floor":2,"key":"Ancient Potion"},{"floor":13,"key":"BlessingOfTheForge"},{"floor":14,"key":"Strength Potion"},{"floor":15,"key":"SpeedPotion"},{"floor":16,"key":"Fire Potion"},{"floor":19,"key":"SkillPotion"},{"floor":26,"key":"Swift Potion"},{"floor":28,"key":"BlessingOfTheForge"},{"floor":32,"key":"SkillPotion"},{"floor":38,"key":"PowerPotion"},{"floor":40,"key":"downfall:CursedFountainPotion"},{"floor":46,"key":"EssenceOfSteel"},{"floor":48,"key":"EntropicBrew"},{"floor":49,"key":"Explosive Potion"}],"is_trial":false,"path_per_floor":["R","M","M","?","?","?","T","M","$","E","M","?","M","E","M","B",null,"R","M","?","$","?","?","T","E","M","R","M","$","R","$","M","B",null,"R","M","$","M","M","?","T","E","M","M","$","?","R","?","M","B",null],"character_chosen":"THE_SNECKO","items_purchased":["expansioncontent:Collect","Bag of Preparation","sneckomod:QuickBite","Calipers","sneckomod:UnknownUncommonPower","sneckomod:DiceBlock"],"campfire_rested":2,"item_purchase_floors":[21,21,31,37,37,45],"current_hp_per_floor":[99,99,98,98,98,98,98,96,86,74,73,53,45,42,40,3,103,103,102,97,98,94,94,94,53,44,91,93,101,101,99,96,53,113,113,113,108,109,89,89,89,50,21,42,42,30,79,79,78,111],"gold":404,"neow_bonus":"TEN_PERCENT_HP_BONUS","is_daily":false,"chose_seed":false,"campfire_upgraded":4,"win_rate":0.0,"timestamp":1610272139,"path_taken":["R","M","M","?","?","?","T","?","?","E","M","?","M","E","M","BOSS","R","M","?","$","?","?","T","E","M","R","M","$","R","?","M","BOSS","R","M","$","M","M","?","T","E","M","M","?","?","R","?","M","BOSS"],"items_purchased_type":["Card","Relic","Card","Relic","Card","Card"],"build_version":"2020-12-22","purchased_purges":4,"victory":true,"max_hp_per_floor":[99,99,99,99,99,99,99,99,100,100,101,101,101,101,102,103,103,103,103,103,104,105,105,105,106,107,107,108,109,109,111,112,113,113,113,114,116,117,117,117,117,117,117,118,115,116,116,116,116,116],"card_choices":[{"not_picked":["sneckomod:UnknownVulnerable","sneckomod:UnknownCommonSkill"],"picked":"sneckomod:QuickMove","floor":2},{"not_picked":["sneckomod:UnknownBlock","sneckomod:Unknown0Cost"],"picked":"sneckomod:TrashToTreasure","floor":3},{"not_picked":["sneckomod:Unknown1Cost","sneckomod:UnknownClassBLUE"],"picked":"sneckomod:QuickBite","floor":8},{"not_picked":["sneckomod:UnknownCommonAttack","sneckomod:DiceBlock"],"picked":"sneckomod:UnknownRareSkill","floor":9},{"not_picked":["sneckomod:TrashToTreasure","sneckomod:MasterEye"],"picked":"sneckomod:SnekBeam","floor":10},{"not_picked":["sneckomod:UnknownVulnerable","sneckomod:QuickMove"],"picked":"sneckomod:Unknown0Cost","floor":11},{"not_picked":["sneckomod:UnknownWeak","sneckomod:QuickMove","sneckomod:UnknownX"],"picked":"sneckomod:SoulDraw","floor":13},{"not_picked":["sneckomod:UnknownX","sneckomod:UnknownExhaust","sneckomod:UnknownStrike"],"picked":"sneckomod:SerpentIdol","floor":14},{"not_picked":["sneckomod:DiceBlock","sneckomod:DiceCrush","sneckomod:UnknownClassHEXA_GHOST_PURPLE"],"picked":"sneckomod:UnknownRareSkill","floor":15},{"not_picked":["sneckomod:Unknown3Cost","sneckomod:MorePower","sneckomod:Mudshield"],"picked":"sneckomod:UnknownRarePower","floor":16},{"not_picked":["sneckomod:RainOfDice","sneckomod:Nope","sneckomod:ImprovisedGuard"],"picked":"sneckomod:SerpentIdol","floor":19},{"not_picked":["sneckomod:SerpentMind","sneckomod:UnknownEthereal","sneckomod:SlitherStrike+1"],"picked":"sneckomod:UnknownUncommonPower","floor":21},{"not_picked":["sneckomod:UnknownWeak","sneckomod:DiceCrush","sneckomod:SoulRoll+1"],"picked":"sneckomod:UnknownEthereal","floor":22},{"not_picked":["sneckomod:SoulRoll","sneckomod:ImprovisedGuard","sneckomod:Unknown0Cost"],"picked":"sneckomod:Unknown1Cost+1","floor":25},{"not_picked":["sneckomod:SnekBeam","sneckomod:RainOfDice+1","sneckomod:SoulDraw"],"picked":"sneckomod:Unknown3Cost","floor":26},{"not_picked":["sneckomod:SnakeSap","sneckomod:UnknownCommonAttack+1","sneckomod:WideSting+1"],"picked":"sneckomod:UnknownClassHEXA_GHOST_PURPLE","floor":28},{"not_picked":["sneckomod:Nope","sneckomod:RainOfDice","sneckomod:QuickBite"],"picked":"sneckomod:UnknownEthereal","floor":29},{"not_picked":["sneckomod:UnknownClassRED","sneckomod:UnknownVulnerable","sneckomod:DefensiveFlair"],"picked":"sneckomod:UnknownRareAttack","floor":31},{"not_picked":["sneckomod:UnknownX","sneckomod:SnekBeam","sneckomod:Unknown1Cost"],"picked":"sneckomod:UnknownClassSLIMEBOUND","floor":31},{"not_picked":["sneckomod:SoulDraw","sneckomod:DiceCrush","sneckomod:RainOfDice"],"picked":"sneckomod:UnknownVulnerable+1","floor":32},{"not_picked":["sneckomod:SerpentMind","sneckomod:SoulExchange","sneckomod:UnknownRareSkill"],"picked":"sneckomod:Unknown3Cost","floor":33},{"not_picked":["sneckomod:UnknownVulnerable","sneckomod:WideSting+1","sneckomod:DiceBlock"],"picked":"sneckomod:UnknownUncommonSkill+1","floor":36},{"not_picked":["sneckomod:QuickBite","sneckomod:DefensiveFlair","sneckomod:Nope"],"picked":"sneckomod:UnknownClassGUARDIAN+1","floor":37},{"not_picked":["sneckomod:DangerNoodle","sneckomod:Unknown2Cost","sneckomod:UnknownVulnerable"],"picked":"sneckomod:UnknownClassGREEN+1","floor":38},{"not_picked":["sneckomod:UnknownCommonAttack+1","sneckomod:UnknownClassTHE_CHAMP_GRAY+1","sneckomod:UnknownClassRED","sneckomod:IronFang+1"],"picked":"SKIP","floor":39},{"not_picked":["sneckomod:UnknownCommonAttack+1","sneckomod:QuickMove+1","sneckomod:IronFang"],"picked":"sneckomod:SoulDraw+1","floor":42},{"not_picked":["sneckomod:IronFang+1","sneckomod:Unknown1Cost","sneckomod:UnknownEthereal+1"],"picked":"sneckomod:SoulCleanse+1","floor":43},{"not_picked":["sneckomod:RainOfDice","sneckomod:UnknownClassBLUE","sneckomod:UnknownUncommonSkill"],"picked":"sneckomod:Unknown0Cost+1","floor":44},{"not_picked":["sneckomod:Unknown1Cost","sneckomod:UnknownCommonAttack+1","sneckomod:QuickBite+1"],"picked":"sneckomod:UnknownClassHEXA_GHOST_PURPLE+1","floor":46},{"not_picked":["sneckomod:Nope+1","sneckomod:DiceBoulder+1","sneckomod:DefensiveFlair+1"],"picked":"sneckomod:SnekBeam+1","floor":46},{"not_picked":["sneckomod:UnknownStrike+1","sneckomod:TrashToTreasure","sneckomod:DiceBlock+1"],"picked":"sneckomod:QuickBite","floor":49}],"player_experience":840490,"relics_obtained":[{"floor":7,"key":"Bottled Lightning"},{"floor":10,"key":"TungstenRod"},{"floor":14,"key":"Potion Belt"},{"floor":17,"key":"Regal Pillow"},{"floor":17,"key":"Gremlin Horn"},{"floor":17,"key":"Gambling Chip"},{"floor":22,"key":"Red Mask"},{"floor":24,"key":"Bronze Scales"},{"floor":25,"key":"Anchor"},{"floor":41,"key":"Toy Ornithopter"},{"floor":42,"key":"Mummified Hand"},{"floor":46,"key":"Old Coin"}],"event_choices":[{"damage_healed":0,"gold_gain":0,"player_choice":"Success","damage_taken":25,"relics_obtained":["Question Card"],"max_hp_gain":0,"max_hp_loss":0,"event_name":"Scrap Ooze","floor":12,"gold_loss":0},{"damage_healed":0,"gold_gain":0,"player_choice":"Fought Bandits","damage_taken":0,"max_hp_gain":0,"max_hp_loss":0,"event_name":"Masked Bandits","floor":22,"gold_loss":0},{"damage_healed":0,"gold_gain":0,"player_choice":"Got Potions","damage_taken":0,"max_hp_gain":0,"max_hp_loss":0,"event_name":"Lab","floor":48,"gold_loss":0}],"is_beta":false,"boss_relics":[{"not_picked":["Runic Pyramid","SacredBark"],"picked":"Calling Bell"},{"not_picked":["sneckomod:SuperSneckoSoul","Empty Cage"],"picked":"Velvet Choker"}],"items_purged_floors":[9,21,29,45],"is_endless":false,"potions_floor_spawned":[2,13,14,15,16,19,26,28,32,38,39,46,49],"ascension_level":0}}