{"host":"oiw60b5ins9fyx34","time":1610274755,"event":{"mods":["BaseMod","Colored Map","Colored Powertips","Minty Spire (QoL Compilation)","Permanent Neow","Quick Restart","Relic Stats","StSLib"],"gold_per_floor":[114,114,114,131,131,166,176,195,195,195,210,210,227,15,15,120,120,110,59,71,71,82,82,82,82,82,82,82,82,100,64,64,161,161,179,179,37,51,64,99,99,99,148,164,164,464,476,486,486,486,486,486,31,60,60,60],"floor_reached":55,"playtime":3393,"items_purged":["Strike_G","Strike_G"],"score":697,"play_id":"4e78bcec-24a7-415d-b429-52f8631c091d","local_time":"20210110193235","is_ascension_mode":false,"campfire_choices":[{"data":"Blade Dance","floor":10,"key":"SMITH"},{"data":"Footwork","floor":12,"key":"SMITH"},{"data":"Accuracy","floor":15,"key":"SMITH"},{"data":"Footwork","floor":23,"key":"SMITH"},{"data":"Blade Dance","floor":25,"key":"SMITH"},{"data":"Leg Sweep","floor":27,"key":"SMITH"},{"data":"Die Die Die","floor":29,"key":"SMITH"},{"floor":32,"key":"REST"},{"floor":41,"key":"RECALL"},{"floor":49,"key":"REST"},{"data":"Cloak And Dagger","floor":52,"key":"SMITH"}],"circlet_count":0,"master_deck":["Defend_G","Defend_G+1","Defend_G","Defend_G","Defend_G","Survivor+1","Neutralize","Footwork+1","Infinite Blades+1","Corpse Explosion+1","Blade Dance+1","Escape Plan","Footwork+1","Footwork+1","Dodge and Roll","Deflect","Leg Sweep+1","Accuracy+1","Die Die Die+1","After Image","CurseOfTheBell","Expertise","Blade Dance+1","Dodge and Roll","Backstab","Cloak And Dagger+1","After Image","PiercingWail","Finesse","Accuracy+1","Prepared+1","Prepared+1"],"relics":["Astrolabe","Dream Catcher","Paper Crane","Blood Vial","Calling Bell","Centennial Puzzle","Letter Opener","Mango","Runic Pyramid","Omamori","Boot","Old Coin","Mummified Hand","Nunchaku"],"acts_visited":["Exordium","TheCity","TheBeyond","TheEnding"],"potions_floor_usage":[6,6,6,6,16,18,40,47,50,50,50,54,54],"damage_taken":[{"damage":1,"enemies":"Jaw Worm","floor":1,"turns":5},{"damage":6,"enemies":"2 Louse","floor":4,"turns":3},{"damage":10,"enemies":"Gremlin Nob","floor":6,"turns":4},{"damage":0,"enemies":"Cultist","floor":7,"turns":5},{"damage":0,"enemies":"Red Slaver","floor":8,"turns":5},{"damage":1,"enemies":"3 Louse","floor":11,"turns":3},{"damage":1,"enemies":"Large Slime","floor":13,"turns":6},{"damage":8,"enemies":"The Guardian","floor":16,"turns":9},{"damage":14,"enemies":"2 Thieves","floor":18,"turns":4},{"damage":12,"enemies":"3 Byrds","floor":20,"turns":3},{"damage":22,"enemies":"Shelled Parasite and Fungi","floor":22,"turns":5},{"damage":6,"enemies":"Centurion and Healer","floor":30,"turns":9},{"damage":8,"enemies":"Automaton","floor":33,"turns":12},{"damage":0,"enemies":"3 Shapes","floor":35,"turns":4},{"damage":16,"enemies":"Orb Walker","floor":38,"turns":6},{"damage":11,"enemies":"Sphere and 2 Shapes","floor":39,"turns":6},{"damage":24,"enemies":"Reptomancer","floor":40,"turns":10},{"damage":10,"enemies":"3 Darklings","floor":44,"turns":4},{"damage":21,"enemies":"4 Shapes","floor":47,"turns":5},{"damage":17,"enemies":"Writhing Mass","floor":48,"turns":7},{"damage":19,"enemies":"Awakened One","floor":50,"turns":14},{"damage":20,"enemies":"Shield and Spear","floor":54,"turns":5},{"damage":84,"enemies":"The Heart","floor":55,"turns":3}],"seed_played":"-4705274405669241057","potions_obtained":[{"floor":4,"key":"BlessingOfTheForge"},{"floor":5,"key":"EntropicBrew"},{"floor":5,"key":"GamblersBrew"},{"floor":5,"key":"Swift Potion"},{"floor":6,"key":"SpeedPotion"},{"floor":11,"key":"SkillPotion"},{"floor":13,"key":"Explosive Potion"},{"floor":20,"key":"CunningPotion"},{"floor":33,"key":"BlessingOfTheForge"},{"floor":38,"key":"Regen Potion"},{"floor":44,"key":"EntropicBrew"},{"floor":48,"key":"DistilledChaos"}],"is_trial":false,"path_per_floor":["M","?","T","M","?","E","M","M","T","R","M","R","M","$","R","B",null,"M","$","M","?","M","R","?","R","T","R","?","R","M","$","R","B",null,"M","?","$","M","M","E","R","?","T","M","?","T","M","M","R","B",null,"R","$","E","B"],"character_chosen":"THE_SILENT","items_purchased":["Accuracy","Die Die Die","Blade Dance","Backstab","Well Laid Plans","GhostInAJar","Mummified Hand"],"campfire_rested":2,"item_purchase_floors":[14,14,19,31,37,53,53],"current_hp_per_floor":[69,55,55,49,49,39,39,39,39,39,40,40,41,41,41,35,84,70,70,60,60,40,40,40,40,40,40,24,24,20,20,46,40,89,89,89,89,73,64,42,42,42,42,34,34,34,29,14,39,22,85,85,85,65,0,0],"gold":60,"neow_bonus":"BOSS_RELIC","is_daily":false,"chose_seed":false,"campfire_upgraded":8,"win_rate":0.0,"timestamp":1610274755,"path_taken":["M","?","?","M","?","E","?","M","T","R","M","R","M","$","R","BOSS","M","?","M","?","M","R","?","R","T","R","?","R","M","$","R","BOSS","M","?","$","M","M","E","R","?","T","?","?","?","M","M","R","BOSS","R","$","E","BOSS"],"items_purchased_type":["Card","Card","Card","Card","Card","Potion","Relic"],"build_version":"2020-12-22","purchased_purges":2,"victory":false,"max_hp_per_floor":[70,70,70,70,70,70,70,70,70,70,70,70,70,70,70,70,84,84,84,84,84,84,84,84,84,84,84,89,89,89,89,89,89,89,89,89,89,89,89,89,89,89,89,89,85,85,85,85,85,85,85,85,85,85,85,85],"relic_stats":{"Blood Vial":28,"Dream Catcher":2,"Centennial Puzzle":[42],"Nunchaku":[0],"counters":[23,137],"Mummified Hand":[12],"Astrolabe":["Footwork","Infinite Blades","Corpse Explosion"],"Letter Opener":[220],"Boot":[35],"obtain_stats":[{"Astrolabe":0,"Mango":17,"Omamori":40,"Letter Opener":17,"Paper Crane":6,"Boot":43,"Old Coin":46,"Blood Vial":9,"Calling Bell":17,"Dream Catcher":3,"Centennial Puzzle":17,"Nunchaku":54,"Mummified Hand":53,"Ring of the Snake":0,"Runic Pyramid":34},{"Astrolabe":0,"Mango":8,"Omamori":17,"Letter Opener":8,"Paper Crane":3,"Boot":17,"Old Coin":18,"Blood Vial":5,"Calling Bell":8,"Dream Catcher":1,"Centennial Puzzle":8,"Nunchaku":22,"Mummified Hand":21,"Ring of the Snake":0,"Runic Pyramid":13},{"Astrolabe":0,"Mango":40,"Omamori":99,"Letter Opener":40,"Paper Crane":12,"Boot":99,"Old Coin":103,"Blood Vial":22,"Calling Bell":40,"Dream Catcher":5,"Centennial Puzzle":40,"Nunchaku":134,"Mummified Hand":129,"Ring of the Snake":0,"Runic Pyramid":73}]},"card_choices":[{"not_picked":["Dagger Spray","Sucker Punch"],"picked":"Blade Dance","floor":1},{"not_picked":["Noxious Fumes","Outmaneuver"],"picked":"Escape Plan","floor":4},{"not_picked":["Prepared","Flechettes"],"picked":"Footwork","floor":6},{"not_picked":["Crippling Poison","Escape Plan"],"picked":"Footwork","floor":7},{"not_picked":["PiercingWail","Backflip"],"picked":"Dodge and Roll","floor":8},{"not_picked":["Prepared","Deadly Poison"],"picked":"Deflect","floor":11},{"not_picked":["PiercingWail","Distraction"],"picked":"Leg Sweep","floor":13},{"not_picked":["Venomology","Storm of Steel"],"picked":"After Image","floor":16},{"not_picked":["Outmaneuver","Bane"],"picked":"Expertise","floor":18},{"not_picked":["Deadly Poison","Masterful Stab+1","Outmaneuver+1"],"picked":"SKIP","floor":20},{"not_picked":["Poisoned Stab","Deadly Poison"],"picked":"Dodge and Roll","floor":22},{"not_picked":["Dagger Spray","Eviscerate","Footwork"],"picked":"SKIP","floor":30},{"not_picked":["Dagger Spray","Distraction"],"picked":"Cloak And Dagger","floor":32},{"not_picked":["Burst","Storm of Steel"],"picked":"After Image","floor":33},{"not_picked":["Masterful Stab","Backflip"],"picked":"PiercingWail","floor":35},{"not_picked":["Panacea","Mayhem"],"picked":"Finesse","floor":36},{"not_picked":["Outmaneuver+1","Caltrops+1"],"picked":"Accuracy+1","floor":38},{"not_picked":["Poisoned Stab+1","Dodge and Roll+1","Leg Sweep"],"picked":"SKIP","floor":39},{"not_picked":["Venomology","Sucker Punch","Dodge and Roll"],"picked":"SKIP","floor":40},{"not_picked":["Dagger Throw","Underhanded Strike+1"],"picked":"Prepared+1","floor":44},{"not_picked":["Sucker Punch+1","Eviscerate","Expertise"],"picked":"SKIP","floor":47},{"not_picked":["Eviscerate+1","Dagger Throw"],"picked":"Prepared+1","floor":48},{"not_picked":["Blade Dance","Finisher+1","Deflect"],"picked":"SKIP","floor":54}],"player_experience":603230,"relics_obtained":[{"floor":3,"key":"Dream Catcher"},{"floor":6,"key":"Paper Crane"},{"floor":9,"key":"Blood Vial"},{"floor":17,"key":"Centennial Puzzle"},{"floor":17,"key":"Letter Opener"},{"floor":17,"key":"Mango"},{"floor":40,"key":"Omamori"},{"floor":43,"key":"Boot"},{"floor":46,"key":"Old Coin"},{"floor":54,"key":"Nunchaku"}],"event_choices":[{"damage_healed":0,"gold_gain":0,"player_choice":"Entered Light","damage_taken":14,"max_hp_gain":0,"max_hp_loss":0,"event_name":"Shining Light","floor":2,"gold_loss":0,"cards_upgraded":["Defend_G","Survivor"]},{"damage_healed":0,"gold_gain":0,"player_choice":"Got Potions","damage_taken":0,"max_hp_gain":0,"max_hp_loss":0,"event_name":"Lab","floor":5,"gold_loss":0},{"damage_healed":0,"gold_gain":0,"player_choice":"Ignored","damage_taken":0,"max_hp_gain":0,"max_hp_loss":0,"event_name":"Cursed Tome","floor":21,"gold_loss":0},{"damage_healed":0,"gold_gain":0,"player_choice":"Ignored","damage_taken":0,"max_hp_gain":0,"max_hp_loss":0,"event_name":"The Mausoleum","floor":24,"gold_loss":0},{"damage_healed":0,"gold_gain":0,"player_choice":"Shed Blood","damage_taken":21,"max_hp_gain":5,"max_hp_loss":0,"event_name":"Forgotten Altar","floor":28,"gold_loss":0},{"damage_healed":0,"gold_gain":0,"player_choice":"Memory 1","damage_taken":0,"max_hp_gain":0,"max_hp_loss":0,"event_name":"SensoryStone","floor":36,"gold_loss":0},{"cards_removed":["Well Laid Plans"],"damage_healed":0,"gold_gain":0,"player_choice":"Removed Power","damage_taken":0,"max_hp_gain":0,"max_hp_loss":0,"event_name":"Falling","floor":42,"gold_loss":0},{"damage_healed":0,"gold_gain":0,"player_choice":"Max HP","damage_taken":0,"max_hp_gain":0,"max_hp_loss":4,"event_name":"Winding Halls","floor":45,"gold_loss":0}],"is_beta":false,"boss_relics":[{"not_picked":["Pandora\u0027s Box","HoveringKite"],"picked":"Calling Bell"},{"not_picked":["Philosopher\u0027s Stone","Snecko Eye"],"picked":"Runic Pyramid"}],"items_purged_floors":[37,53],"is_endless":false,"potions_floor_spawned":[4,6,11,13,20,33,38,44,48],"killed_by":"The Heart","ascension_level":0}}