{"host":"z9grmtg2w0nmz8n1","time":1610278735,"event":{"mods":["Aspiration","Bard","BaseMod","Beaked The Cultist","Better Altar","Better Match","Better Note","Better Sensory Stone","Better Skull","Better Third Choice","BetterRewards","CCEM","Colored Map","Conspire","Downfall","GifTheSpireLib","Googly Eyes","Halation","Hermit","Highlight Path","Hubris","Hunter ??","Jedi Mod","Jorbs\u0027s Wanderer Trilogy","Mad Scientist","Marisa????????","Minty Spire (QoL Compilation)","Permanent Neow","Replay The Spire","Shade Mod","Shop Mod","Spicy Shops","StSLib","Stuff the Spire","The Bug Knight","The Construct","The Necromancer","The Runesmith","The Witch"],"gold_per_floor":[111,111,111,126,141,141,171,188,238,250,284,109,109,109],"floor_reached":13,"playtime":431,"items_purged":["Strike_B","Strike_B"],"score":100,"play_id":"f95f769e-6c6a-4ca9-8794-19aac0d7cd32","local_time":"20210110093855","is_ascension_mode":true,"campfire_choices":[{"data":"Zap","floor":6,"key":"SMITH"}],"circlet_count":0,"master_deck":["Strike_B","Strike_B","Defend_B","Defend_B","Defend_B","Defend_B","Zap+1","Dualcast","Melter","StuffTheSpire:CuriosityCurse","hubris:Ukulele","Leap","Gash"],"relics":["Cracked Core","Replay:Bottled Steam","Tiny Chest","hubris:64BitClover"],"acts_visited":["Exordium"],"potions_floor_usage":[7,11],"damage_taken":[{"damage":1,"enemies":"Jaw Worm","floor":1,"turns":3},{"damage":4,"enemies":"Small Slimes","floor":4,"turns":3},{"damage":0,"enemies":"2 Louse","floor":5,"turns":2},{"damage":14,"enemies":"Lagavulin","floor":7,"turns":5},{"damage":0,"enemies":"2 Fungi Beasts","floor":8,"turns":3},{"damage":0,"enemies":"Exordium Wildlife","floor":10,"turns":3},{"damage":35,"enemies":"Gremlin Nob","floor":11,"turns":5},{"damage":20,"enemies":"3 Sentries","floor":13,"turns":4}],"seed_played":"-2039621115678605471","potions_obtained":[{"floor":4,"key":"Energy Potion"},{"floor":5,"key":"hexamod:EctoCoolerPotion"},{"floor":7,"key":"Block Potion"}],"is_trial":false,"path_per_floor":["M","?","?","M","M","R","E","M","T","M","E","$","E"],"character_chosen":"DEFECT","items_purchased":[],"campfire_rested":0,"item_purchase_floors":[],"current_hp_per_floor":[74,74,74,70,70,70,56,56,56,56,21,21,1,1],"gold":109,"neow_bonus":"THREE_CARDS","is_daily":false,"chose_seed":false,"campfire_upgraded":1,"win_rate":0.0,"timestamp":1610278735,"path_taken":["M","?","?","M","M","R","E","M","T","M","E","$","E"],"items_purchased_type":[],"build_version":"2020-12-22","purchased_purges":2,"victory":false,"max_hp_per_floor":[75,75,75,75,75,75,75,75,75,75,75,75,75,75],"card_choices":[{"not_picked":["Barrage","jedi:BurstFrost"],"picked":"Melter","floor":0},{"not_picked":["Panic Button","Reinforced Body","StuffTheSpire:SnapShoot"],"picked":"SKIP","floor":1},{"not_picked":["Turbo","StuffTheSpire:GlassShard","Hologram"],"picked":"SKIP","floor":4},{"not_picked":["Hologram","Coolheaded"],"picked":"hubris:Ukulele","floor":5},{"not_picked":["jedi:BurstLightning","Cold Snap","Glacier"],"picked":"SKIP","floor":7},{"not_picked":["StuffTheSpire:GlassShard","Sweeping Beam"],"picked":"Leap","floor":8},{"not_picked":["StuffTheSpire:CleanHardDrive","ReplayTheSpireMod:Reroute Power"],"picked":"Gash","floor":10},{"not_picked":["Chaos","Redo","ReplayTheSpireMod:Reroute Power"],"picked":"SKIP","floor":11}],"player_experience":829879,"relics_obtained":[{"floor":7,"key":"Tiny Chest"},{"floor":11,"key":"hubris:64BitClover"}],"event_choices":[{"damage_healed":0,"gold_gain":0,"player_choice":"Ignored","damage_taken":111,"max_hp_gain":0,"max_hp_loss":0,"event_name":"betterThird:BetterSerpent","floor":3,"gold_loss":0}],"is_beta":false,"boss_relics":[],"items_purged_floors":[12,12],"is_endless":false,"potions_floor_spawned":[4,5,7],"killed_by":"3 Sentries","ascension_level":1}}