{"host":"t4313i2190y6fz3q","time":1610316169,"event":{"mods":["2.2 Compatiblity","AchievementEnabler","Act Like it!","BaseMod","Colored Powertips","Downfall","Highlight Path","Minty Spire (QoL Compilation)","Permanent Neow","Quick Restart","Rare Cards Sparkle","StSLib"],"gold_per_floor":[111,386,398,414,41,68,68,86,163,190,201,215,241,241,241,340,340,355,375,290,113,113,113,38,72,123,123,150,77,94,120,120,223,223,238,289,116,0,20,20,120,150,175,202,217,217,217,217,217,217],"floor_reached":51,"playtime":2224,"items_purged":["Regret","Strike_G"],"score":1314,"play_id":"7e01d7c3-3b3e-470b-9c15-b752e8731556","local_time":"20210110140249","is_ascension_mode":true,"campfire_choices":[{"data":"Dagger Throw","floor":7.0,"key":"SMITH"},{"data":"Cloak And Dagger","floor":15.0,"key":"SMITH"},{"data":"Terror","floor":23,"key":"SMITH"},{"data":"A Thousand Cuts","floor":27,"key":"SMITH"},{"data":"Accuracy","floor":32,"key":"SMITH"},{"floor":40,"key":"REST"},{"floor":46,"key":"REST"},{"floor":49,"key":"REST"}],"circlet_count":0,"master_deck":["Strike_G","Strike_G","Strike_G+1","Defend_G","Defend_G","Defend_G","Defend_G","Defend_G","Survivor","Neutralize+1","Infinite Blades","Terror+1","Blade Dance","Dagger Throw+1","Quick Slash","Unload+1","Acrobatics","Cloak And Dagger+1","After Image","Slice","Caltrops","Accuracy+1","A Thousand Cuts+1","Dodge and Roll","Finisher","Leg Sweep+1","Die Die Die","Apotheosis","Blur+1"],"relics":["Ring of the Snake","Sling","PreservedInsect","Mango","Kunai","Art of War","CaptainsWheel","Blood Vial","HoveringKite","Tingsha","Potion Belt","Anchor","Pen Nib","Whetstone","Busted Crown","Girya","Red Mask","Strawberry","CeramicFish","Dream Catcher"],"acts_visited":["Exordium","TheCity","TheBeyond"],"potions_floor_usage":[25,25,36,50,50,50],"damage_taken":[{"damage":1.0,"enemies":"Small Slimes","floor":1.0,"turns":5.0},{"damage":0.0,"enemies":"Cultist","floor":3.0,"turns":4.0},{"damage":8.0,"enemies":"2 Louse","floor":4.0,"turns":3.0},{"damage":2.0,"enemies":"Lagavulin","floor":6.0,"turns":4.0},{"damage":14.0,"enemies":"Exordium Wildlife","floor":8.0,"turns":5.0},{"damage":9.0,"enemies":"3 Sentries","floor":10.0,"turns":4.0},{"damage":9.0,"enemies":"2 Fungi Beasts","floor":11.0,"turns":2.0},{"damage":5.0,"enemies":"Exordium Thugs","floor":12.0,"turns":5.0},{"damage":9.0,"enemies":"Lagavulin","floor":13.0,"turns":3.0},{"damage":17.0,"enemies":"Slime Boss","floor":16.0,"turns":10.0},{"damage":6.0,"enemies":"2 Thieves","floor":18.0,"turns":4.0},{"damage":3.0,"enemies":"3 Byrds","floor":19.0,"turns":4.0},{"damage":13,"enemies":"Slavers","floor":25,"turns":3},{"damage":0,"enemies":"Gremlin Leader","floor":28,"turns":4},{"damage":6,"enemies":"Snake Plant","floor":30,"turns":3},{"damage":0,"enemies":"Book of Stabbing","floor":31,"turns":4},{"damage":27,"enemies":"Collector","floor":33,"turns":6},{"damage":12,"enemies":"3 Shapes","floor":35,"turns":4},{"damage":28,"enemies":"2 Orb Walkers","floor":36,"turns":4},{"damage":0,"enemies":"3 Darklings","floor":39,"turns":5},{"damage":12,"enemies":"Nemesis","floor":42,"turns":5},{"damage":15,"enemies":"Jaw Worm Horde","floor":44,"turns":4},{"damage":27,"enemies":"4 Shapes","floor":45,"turns":3},{"damage":42,"enemies":"Time Eater","floor":50,"turns":12}],"seed_played":"3936523322273523872","potions_obtained":[{"floor":3.0,"key":"DuplicationPotion"},{"floor":8.0,"key":"BlessingOfTheForge"},{"floor":11.0,"key":"GamblersBrew"},{"floor":16.0,"key":"SteroidPotion"},{"floor":18.0,"key":"Energy Potion"},{"floor":30,"key":"GamblersBrew"},{"floor":33,"key":"FearPotion"},{"floor":39,"key":"Dexterity Potion"},{"floor":42,"key":"PowerPotion"},{"floor":44,"key":"ColorlessPotion"}],"is_trial":false,"path_per_floor":["M","?","M","M","$","E","R","M","T","E","M","M","E","T","R","B",null,"M","M","?","$","?","R","?","E","T","R","E","$","M","E","R","B",null,"M","?","$","?","M","R","?","E","T","M","M","R","?","T","R","B",null],"character_chosen":"THE_SILENT","items_purchased":["Sling","PreservedInsect","Accuracy","Finisher","Apotheosis"],"campfire_rested":3,"item_purchase_floors":[5,5,21,29,37],"current_hp_per_floor":[62,62,62,54,54,66,66,52,52,43,34,29,20,20,20,5,64,60,59,59,59,59,59,59,48,48,48,50,50,46,48,48,23,69,59,33,33,33,35,60,60,57,57,44,19,46,46,46,73,33],"gold":217,"neow_bonus":"UPGRADE_CARD","is_daily":false,"chose_seed":false,"campfire_upgraded":5,"win_rate":0.0,"timestamp":1610316169,"path_taken":["M","?","M","M","$","E","R","M","T","E","?","?","E","?","R","BOSS","M","?","?","$","?","R","?","E","T","R","E","$","?","E","R","BOSS","M","?","$","?","M","R","?","E","T","?","M","R","?","?","R","BOSS"],"items_purchased_type":["Relic","Relic","Card","Card","Card"],"build_version":"2020-12-22","purchased_purges":2,"victory":true,"max_hp_per_floor":[70,70,70,70,70,84,84,84,84,84,84,84,84,84,84,84,84,84,84,84,84,84,84,84,84,84,84,84,84,84,84,84,84,84,84,84,84,84,84,84,84,91,91,91,91,91,91,91,91,91],"card_choices":[{"not_picked":["Deflect","Prepared"],"picked":"Infinite Blades","floor":1.0},{"not_picked":["Infinite Blades","PiercingWail"],"picked":"Terror","floor":3.0},{"not_picked":["Eviscerate","Flying Knee"],"picked":"Blade Dance","floor":4.0},{"not_picked":["Blur","Cloak And Dagger"],"picked":"Dagger Throw","floor":6.0},{"not_picked":["Flying Knee","Dodge and Roll"],"picked":"Quick Slash","floor":8.0},{"not_picked":["Catalyst","Masterful Stab"],"picked":"Unload","floor":10.0},{"not_picked":["Poisoned Stab","Footwork","Flying Knee"],"picked":"SKIP","floor":11.0},{"not_picked":["Deadly Poison","Crippling Poison"],"picked":"Acrobatics","floor":12.0},{"not_picked":["Backstab","Riddle With Holes"],"picked":"Cloak And Dagger","floor":13.0},{"not_picked":["Wraith Form v2","Malaise"],"picked":"After Image","floor":16.0},{"not_picked":["Underhanded Strike","Infinite Blades"],"picked":"Slice","floor":18.0},{"not_picked":["Outmaneuver","Cloak And Dagger"],"picked":"Caltrops","floor":19.0},{"not_picked":["Malaise","Dodge and Roll+1"],"picked":"A Thousand Cuts","floor":25},{"not_picked":["Footwork","Quick Slash+1"],"picked":"Dodge and Roll","floor":28},{"not_picked":["PiercingWail","Deadly Poison"],"picked":"Leg Sweep+1","floor":30},{"not_picked":["Malaise","Tactician","Flying Knee+1"],"picked":"SKIP","floor":31},{"not_picked":["Bullet Time","Venomology"],"picked":"Die Die Die","floor":33},{"not_picked":["Deadly Poison"],"picked":"SKIP","floor":35},{"not_picked":["Poisoned Stab+1"],"picked":"SKIP","floor":39},{"not_picked":["Bane"],"picked":"SKIP","floor":42},{"not_picked":[],"picked":"Blur+1","floor":44},{"not_picked":["Deadly Poison+1"],"picked":"SKIP","floor":45}],"player_experience":253578,"relics_obtained":[{"floor":6.0,"key":"Mango"},{"floor":9.0,"key":"Kunai"},{"floor":10.0,"key":"Art of War"},{"floor":13.0,"key":"CaptainsWheel"},{"floor":14.0,"key":"Blood Vial"},{"floor":25,"key":"Potion Belt"},{"floor":26,"key":"Anchor"},{"floor":28,"key":"Pen Nib"},{"floor":31,"key":"Whetstone"},{"floor":36,"key":"Girya"},{"floor":42,"key":"Strawberry"},{"floor":43,"key":"CeramicFish"},{"floor":48,"key":"Dream Catcher"}],"event_choices":[{"damage_healed":0.0,"max_hp_gain":0.0,"max_hp_loss":0.0,"gold_gain":275.0,"event_name":"Golden Shrine","player_choice":"Desecrate","floor":2.0,"gold_loss":0.0,"damage_taken":0.0,"cards_obtained":["Regret"]},{"damage_healed":0.0,"max_hp_gain":0.0,"max_hp_loss":0.0,"gold_gain":0.0,"event_name":"Addict","player_choice":"Obtained Relic","floor":20.0,"gold_loss":85.0,"damage_taken":0.0,"relics_obtained":["Tingsha"]},{"damage_healed":0,"gold_gain":0,"player_choice":"Ignored","damage_taken":0,"max_hp_gain":0,"max_hp_loss":0,"event_name":"Cursed Tome","floor":22,"gold_loss":0},{"cards_removed":["Strike_G"],"damage_healed":0,"gold_gain":0,"player_choice":"Gave Gold","damage_taken":0,"max_hp_gain":0,"max_hp_loss":0,"event_name":"Beggar","floor":24,"gold_loss":75},{"damage_healed":0,"gold_gain":0,"player_choice":"Fight","damage_taken":0,"max_hp_gain":0,"max_hp_loss":0,"event_name":"Mysterious Sphere","floor":36,"gold_loss":0},{"damage_healed":0,"gold_gain":0,"player_choice":"Paid","damage_taken":0,"relics_obtained":["Red Mask"],"max_hp_gain":0,"max_hp_loss":0,"event_name":"Tomb of Lord Red Mask","floor":38,"gold_loss":116},{"damage_healed":0,"gold_gain":100,"player_choice":"Pray","damage_taken":0,"max_hp_gain":0,"max_hp_loss":0,"event_name":"Golden Shrine","floor":41,"gold_loss":0},{"damage_healed":0,"gold_gain":0,"player_choice":"Memory 1","damage_taken":0,"max_hp_gain":0,"max_hp_loss":0,"event_name":"SensoryStone","floor":47,"gold_loss":0}],"is_beta":false,"boss_relics":[{"not_picked":["Runic Dome","Philosopher\u0027s Stone"],"picked":"HoveringKite"},{"not_picked":["Sozu","Tiny House"],"picked":"Busted Crown"}],"items_purged_floors":[5,21],"is_endless":false,"potions_floor_spawned":[3,8,11,16,18,30,33,39,42,44],"ascension_level":9}}