{"host":"kwvcf9gzgu4x9g41","time":1610299771,"event":{"mods":["AchievementEnabler","AlwaysNeverKeys","BaseMod","BetterRewards","Block Reminder","Colored Map","Colored Powertips","Custom Start","Highlight Path","Keyboard Shortcuts","Minty Spire (QoL Compilation)","Permanent Neow","Rare Cards Sparkle","Relic Stats","Spicy Shops","StSLib","The Cursed","The Servant 0.9.4"],"gold_per_floor":[112,112,112,136,152,152,187,187,268,284,323,348,371,115,115,240,240,256,256,25,25,39,72,72,2,2,2,20,35,74,199,199,330,330,346,414,432,342,357,357,381,381,381,381,23,23,23,86,86,86,86,86,29,68,68],"floor_reached":56,"playtime":6716,"items_purged":["Defend_G","Strike_G","Strike_G"],"score":1827,"play_id":"a364cdc8-5294-43ea-99fa-723271f1c207","local_time":"20210110112931","is_ascension_mode":true,"campfire_choices":[{"data":"Quick Slash","floor":6,"key":"SMITH"},{"floor":8,"key":"REST"},{"data":"Infinite Blades","floor":15,"key":"SMITH"},{"data":"Finisher","floor":24,"key":"SMITH"},{"data":"Dramatic Entrance","floor":27,"key":"SMITH"},{"data":"Survivor","floor":32,"key":"SMITH"},{"data":"After Image","floor":40,"key":"SMITH"},{"data":"Strike_G","floor":42,"key":"SMITH"},{"data":"Strike_G","floor":44,"key":"SMITH"},{"data":"Noxious Fumes","floor":49,"key":"SMITH"},{"data":"Defend_G","floor":52,"key":"SMITH"}],"circlet_count":0,"master_deck":["Strike_G+1","Strike_G+1","Defend_G+1","Defend_G","Defend_G+1","Survivor+1","Neutralize+1","Cloak And Dagger+1","Finisher+1","Dagger Spray+1","Blade Dance+1","Cloak And Dagger+1","Quick Slash+1","Adrenaline+1","Infinite Blades+1","Backflip+1","Cloak And Dagger+1","Venomology+1","Terror+1","Venomology+1","J.A.X.+1","Blade Dance+1","Blade Dance+1","Backflip+1","Dramatic Entrance+1","Accuracy+1","Expertise+1","After Image+1","Accuracy+1","Bandage Up+1","Noxious Fumes+1","Crippling Poison+1","Accuracy","Deadly Poison+1"],"relics":["Ring of the Snake","Toxic Egg 2","Golden Idol","Ancient Tea Set","Kunai","Whetstone","Eternal Feather","Coffee Dripper","Membership Card","DollysMirror","CaptainsWheel","Juzu Bracelet","Orichalcum","Gambling Chip","Ornamental Fan","Philosopher\u0027s Stone","Dead Branch","Bottled Lightning","The Specimen","FossilizedHelix","Bag of Preparation"],"acts_visited":["Exordium","TheCity","TheBeyond","TheEnding"],"potions_floor_usage":[18,18,22,22,22,28,29,29,31,31,31,31,33,33,36,37,37,39,39,48,50,50,50,54,54,55,55,55,55,55],"damage_taken":[{"damage":0,"enemies":"Small Slimes","floor":1,"turns":2},{"damage":0,"enemies":"2 Louse","floor":4,"turns":1},{"damage":0,"enemies":"Cultist","floor":5,"turns":1},{"damage":18,"enemies":"Gremlin Nob","floor":7,"turns":3},{"damage":0,"enemies":"Lots of Slimes","floor":10,"turns":1},{"damage":4,"enemies":"Lagavulin","floor":11,"turns":6},{"damage":0,"enemies":"2 Fungi Beasts","floor":12,"turns":2},{"damage":0,"enemies":"Large Slime","floor":13,"turns":2},{"damage":16,"enemies":"Hexaghost","floor":16,"turns":8},{"damage":0,"enemies":"2 Thieves","floor":18,"turns":2},{"damage":0,"enemies":"Spheric Guardian","floor":22,"turns":1},{"damage":3,"enemies":"Gremlin Leader","floor":23,"turns":2},{"damage":5,"enemies":"Centurion and Healer","floor":28,"turns":3},{"damage":2,"enemies":"Snake Plant","floor":29,"turns":3},{"damage":7,"enemies":"Book of Stabbing","floor":30,"turns":3},{"damage":0,"enemies":"Colosseum Slavers","floor":31,"turns":1},{"damage":0,"enemies":"Colosseum Nobs","floor":31,"turns":2},{"damage":3,"enemies":"Automaton","floor":33,"turns":2},{"damage":3,"enemies":"3 Darklings","floor":35,"turns":2},{"damage":5,"enemies":"2 Orb Walkers","floor":36,"turns":3},{"damage":0,"enemies":"Orb Walker","floor":37,"turns":1},{"damage":3,"enemies":"Maw","floor":39,"turns":2},{"damage":0,"enemies":"Jaw Worm Horde","floor":41,"turns":2},{"damage":3,"enemies":"Mind Bloom Boss Battle","floor":48,"turns":2},{"damage":0,"enemies":"Awakened One","floor":50,"turns":4},{"damage":0,"enemies":"Shield and Spear","floor":54,"turns":3},{"damage":61,"enemies":"The Heart","floor":55,"turns":6}],"seed_played":"8063936581455384201","potions_obtained":[{"floor":1,"key":"BlessingOfTheForge"},{"floor":7,"key":"Fire Potion"},{"floor":10,"key":"Swift Potion"},{"floor":16,"key":"PowerPotion"},{"floor":23,"key":"Strength Potion"},{"floor":28,"key":"CultistPotion"},{"floor":31,"key":"PowerPotion"},{"floor":37,"key":"CultistPotion"},{"floor":54,"key":"Swift Potion"}],"is_trial":false,"path_per_floor":["M","?","?","M","M","R","E","R","T","M","E","M","M","$","R","B",null,"M","?","$","?","M","E","R","$","T","R","M","M","E","?","R","B",null,"M","?","M","?","M","R","M","R","T","R","$","?","?","?","R","B",null,"R","$","E","B",null],"character_chosen":"THE_SILENT","items_purchased":["Toxic Egg 2","Cloak And Dagger+1","Finisher","Dagger Spray","Eternal Feather","Membership Card","DollysMirror","Backflip+1","Dramatic Entrance","Bandage Up+1","Noxious Fumes","The Specimen","Accuracy","DuplicationPotion"],"campfire_rested":1,"item_purchase_floors":[0,0,0,0,14,20,20,25,25,45,45,45,53,53],"current_hp_per_floor":[70,65,65,65,65,65,47,65,65,65,61,61,61,61,65,49,65,65,65,65,65,65,62,65,65,65,65,60,58,51,51,65,62,65,62,57,57,57,54,65,65,65,65,65,65,65,62,59,62,62,62,62,62,62,25],"gold":68,"neow_bonus":"","is_daily":false,"chose_seed":false,"campfire_upgraded":10,"win_rate":0.0,"timestamp":1610299771,"path_taken":["M","?","?","M","M","R","E","R","T","?","E","M","?","$","R","BOSS","M","?","$","?","M","E","R","$","T","R","M","M","E","?","R","BOSS","M","?","M","?","M","R","M","R","T","R","$","?","?","?","R","BOSS","R","$","E","BOSS"],"items_purchased_type":["Relic","Card","Card","Card","Relic","Relic","Relic","Card","Card","Card","Card","Relic","Card","Potion"],"build_version":"2020-12-22","purchased_purges":3,"victory":true,"max_hp_per_floor":[70,65,65,65,65,65,65,65,65,65,65,65,65,65,65,65,65,65,65,65,65,65,65,65,65,65,65,65,65,65,65,65,65,65,65,65,65,65,65,65,65,65,65,65,65,65,62,62,62,62,62,62,62,62,62],"relic_stats":{"counters":[44,131],"Golden Idol":241,"Dead Branch":[117],"Eternal Feather":35,"Juzu Bracelet":1,"Bag of Preparation":[2],"Whetstone":["Neutralize","Strike_G"],"Orichalcum":[6],"Ornamental Fan":[192],"Gambling Chip":[5],"Kunai":[101],"obtain_stats":[{"TwistedFunnel":11,"Calipers":37,"SacredBark":34,"Snake Skull":0,"Juzu Bracelet":26,"Bag of Preparation":54,"Whetstone":11,"Cursed Key":17,"Smiling Mask":27,"Ancient Tea Set":7,"ClockworkSouvenir":37,"Frozen Eye":37,"DollysMirror":20,"Gambling Chip":31,"Tiny Chest":10,"MealTicket":31,"Philosopher\u0027s Stone":34,"Kunai":9,"Toxic Egg 2":0,"Ring of the Snake":0,"The Specimen":9,"Golden Idol":2,"Dead Branch":36,"Eternal Feather":14,"Orichalcum":30,"MawBank":26,"Anchor":37,"CaptainsWheel":23,"Ornamental Fan":31,"Coffee Dripper":17,"Membership Card":20,"Bottled Lightning":43,"Toy Ornithopter":0,"FossilizedHelix":48},{"TwistedFunnel":4,"Calipers":14,"SacredBark":12,"Snake Skull":0,"Juzu Bracelet":29,"Bag of Preparation":43,"Whetstone":23,"Cursed Key":6,"Smiling Mask":9,"Ancient Tea Set":21,"ClockworkSouvenir":14,"Frozen Eye":14,"DollysMirror":27,"Gambling Chip":34,"Tiny Chest":4,"MealTicket":11,"Philosopher\u0027s Stone":35,"Kunai":21,"Toxic Egg 2":17,"Ring of the Snake":0,"The Specimen":3,"Golden Idol":18,"Dead Branch":37,"Eternal Feather":25,"Orichalcum":32,"MawBank":8,"Anchor":14,"CaptainsWheel":29,"Ornamental Fan":34,"Coffee Dripper":26,"Membership Card":27,"Bottled Lightning":40,"Toy Ornithopter":0,"FossilizedHelix":41},{"TwistedFunnel":10,"Calipers":46,"SacredBark":40,"Snake Skull":0,"Juzu Bracelet":92,"Bag of Preparation":125,"Whetstone":75,"Cursed Key":16,"Smiling Mask":27,"Ancient Tea Set":68,"ClockworkSouvenir":46,"Frozen Eye":46,"DollysMirror":89,"Gambling Chip":104,"Tiny Chest":10,"MealTicket":32,"Philosopher\u0027s Stone":106,"Kunai":68,"Toxic Egg 2":61,"Ring of the Snake":0,"The Specimen":7,"Golden Idol":63,"Dead Branch":111,"Eternal Feather":79,"Orichalcum":101,"MawBank":23,"Anchor":46,"CaptainsWheel":92,"Ornamental Fan":104,"Coffee Dripper":87,"Membership Card":89,"Bottled Lightning":116,"Toy Ornithopter":0,"FossilizedHelix":118}],"Ring of the Snake":[88]},"card_choices":[{"not_picked":["Slice","Flechettes"],"picked":"Blade Dance+1","floor":1},{"not_picked":["Noxious Fumes","Reflex+1"],"picked":"Cloak And Dagger+1","floor":4},{"not_picked":["Poisoned Stab","Bane"],"picked":"Quick Slash","floor":5},{"not_picked":["Riddle With Holes","Prepared+1"],"picked":"Adrenaline+1","floor":7},{"not_picked":["Acrobatics+1","Underhanded Strike"],"picked":"Infinite Blades","floor":10},{"not_picked":["Bane","Slice","Dodge and Roll+1"],"picked":"SKIP","floor":11},{"not_picked":["Bane","Dagger Throw"],"picked":"Backflip+1","floor":12},{"not_picked":["Skewer","Catalyst+1"],"picked":"Cloak And Dagger+1","floor":13},{"not_picked":["Grand Finale","Unload"],"picked":"Venomology+1","floor":16},{"not_picked":["Slice","Bane"],"picked":"Terror+1","floor":18},{"not_picked":["Outmaneuver+1","Noxious Fumes+1"],"picked":"Blade Dance+1","floor":22},{"not_picked":["Endless Agony+1","Skewer"],"picked":"Blade Dance+1","floor":23},{"not_picked":["Choke","Underhanded Strike+1","Unload"],"picked":"SKIP","floor":28},{"not_picked":["Slice","Dodge and Roll+1"],"picked":"Accuracy+1","floor":29},{"not_picked":["Skewer+1","Setup+1","Slice+1"],"picked":"SKIP","floor":30},{"not_picked":["Cloak And Dagger+1","Quick Slash"],"picked":"Expertise+1","floor":31},{"not_picked":["Night Terror+1","Envenom"],"picked":"After Image","floor":33},{"not_picked":["All Out Attack","Slice"],"picked":"Accuracy+1","floor":35},{"not_picked":["Flying Knee","Prepared+1","Dodge and Roll+1"],"picked":"SKIP","floor":37},{"not_picked":["Deflect+1","Skewer+1","Flying Knee+1"],"picked":"SKIP","floor":39},{"not_picked":["Blade Dance+1","Outmaneuver+1","Slice"],"picked":"SKIP","floor":41},{"not_picked":["Catalyst+1","Flying Knee+1"],"picked":"Crippling Poison+1","floor":48},{"not_picked":["Die Die Die","Dagger Spray+1"],"picked":"Deadly Poison+1","floor":54}],"player_experience":337285,"relics_obtained":[{"floor":7,"key":"Ancient Tea Set"},{"floor":9,"key":"Kunai"},{"floor":11,"key":"Whetstone"},{"floor":23,"key":"CaptainsWheel"},{"floor":26,"key":"Juzu Bracelet"},{"floor":30,"key":"Orichalcum"},{"floor":31,"key":"Gambling Chip"},{"floor":31,"key":"Ornamental Fan"},{"floor":36,"key":"Dead Branch"},{"floor":43,"key":"Bottled Lightning"},{"floor":48,"key":"FossilizedHelix"},{"floor":54,"key":"Bag of Preparation"}],"event_choices":[{"damage_healed":0,"gold_gain":0,"player_choice":"Lose Max HP","damage_taken":0,"relics_obtained":["Golden Idol"],"max_hp_gain":0,"max_hp_loss":5,"event_name":"Golden Idol","floor":2,"gold_loss":0},{"damage_healed":0,"gold_gain":0,"player_choice":"Forge","damage_taken":0,"max_hp_gain":0,"max_hp_loss":0,"event_name":"Accursed Blacksmith","floor":3,"gold_loss":0,"cards_upgraded":["Dagger Spray"]},{"damage_healed":0,"gold_gain":0,"player_choice":"Ignored","damage_taken":0,"max_hp_gain":0,"max_hp_loss":0,"event_name":"Ghosts","floor":19,"gold_loss":0},{"damage_healed":0,"gold_gain":0,"player_choice":"Obtain J.A.X.","damage_taken":0,"max_hp_gain":0,"max_hp_loss":0,"event_name":"Drug Dealer","floor":21,"gold_loss":0,"cards_obtained":["J.A.X."]},{"damage_healed":0,"gold_gain":0,"player_choice":"Fight","damage_taken":0,"max_hp_gain":0,"max_hp_loss":0,"event_name":"Colosseum","floor":31,"gold_loss":0},{"damage_healed":0,"gold_gain":0,"player_choice":"Fought Nobs","damage_taken":0,"max_hp_gain":0,"max_hp_loss":0,"event_name":"Colosseum","floor":31,"gold_loss":0},{"damage_healed":0,"gold_gain":0,"player_choice":"Fight","damage_taken":0,"max_hp_gain":0,"max_hp_loss":0,"event_name":"Mysterious Sphere","floor":36,"gold_loss":0},{"cards_removed":["Defend_G"],"damage_healed":0,"gold_gain":0,"player_choice":"Upgrade and Remove","damage_taken":0,"max_hp_gain":0,"max_hp_loss":0,"event_name":"Designer","floor":38,"gold_loss":90,"cards_upgraded":["Defend_G"]},{"cards_removed":["Strike_G"],"damage_healed":0,"gold_gain":0,"player_choice":"Removed Attack","damage_taken":0,"max_hp_gain":0,"max_hp_loss":0,"event_name":"Falling","floor":46,"gold_loss":0},{"damage_healed":0,"gold_gain":0,"player_choice":"Max HP","damage_taken":0,"max_hp_gain":0,"max_hp_loss":3,"event_name":"Winding Halls","floor":47,"gold_loss":0},{"damage_healed":0,"gold_gain":0,"player_choice":"Fight","damage_taken":0,"max_hp_gain":0,"max_hp_loss":0,"event_name":"MindBloom","floor":48,"gold_loss":0}],"is_beta":false,"boss_relics":[{"not_picked":["Fusion Hammer","Cursed Key"],"picked":"Coffee Dripper"},{"not_picked":["Velvet Choker","Astrolabe"],"picked":"Philosopher\u0027s Stone"}],"items_purged_floors":[0,0,45],"is_endless":false,"potions_floor_spawned":[1,7,10,16,23,28,31,31,37,41,54],"ascension_level":4}}