{"host":"6r341r9cz00j2qc1","time":1610245984,"event":{"mods":["BaseMod","Better Third Choice","Downfall","GungeonMod","Hermit","Lobotomy","LobotomyExtend","Minty Spire (QoL Compilation)","Replay The Spire","Shop Mod","StSLib"],"gold_per_floor":[119,119,129,129,129,129,129,57,57,74,74,103,120,130,208,306,306,325,307,307,307,327,327,345,1,1,20,20,20,38,38,38,137,137,154,275,185,185,185,185,221,221,221,256,256,291,291,311,311,321,321],"floor_reached":52,"playtime":3841,"items_purged":["hexamod:Haunted","Delirium"],"score":730,"play_id":"63ebcda6-26a7-47a0-8f2b-dd7cdbd8a0d7","local_time":"20210110033304","is_ascension_mode":false,"campfire_choices":[{"data":"DemoMod:ShadowBullets","floor":6,"key":"SMITH"},{"floor":23,"key":"REST"},{"floor":28,"key":"REST"},{"floor":32,"key":"REST"},{"data":"DemoMod:TableSutra","floor":40,"key":"SMITH"},{"floor":49,"key":"REST"}],"circlet_count":0,"master_deck":["DemoMod:Strike_Huntress","DemoMod:Strike_Huntress","DemoMod:Strike_Huntress","DemoMod:Defend_Huntress","DemoMod:Defend_Huntress","DemoMod:Defend_Huntress","DemoMod:Defend_Huntress","DemoMod:Roll","DemoMod:ManualReload","DemoMod:RustySidearm","DemoMod:CrossBow","DemoMod:HardPowerCard","DemoMod:ShadowBullets+1","DemoMod:StickyCrossBow","DemoMod:StickyCrossBow","DemoMod:Slinger","DemoMod:Evolver","DemoMod:HuntsMan+1","DemoMod:SuppressiveFire","DemoMod:TripleGun+1","DemoMod:GunShield+1","DemoMod:Camera+1","DemoMod:DirectionalPad+1","DemoMod:DarkMarker+1","DemoMod:MegaHand+1","DemoMod:CursedBullets","DemoMod:PotionOfGunFriendShip+1","DemoMod:HungryBullets","DemoMod:FortunesFavor","DemoMod:JK47+1","DemoMod:TeaPot+1","DemoMod:TableSutra+1","DemoMod:GunslingerForm+1","DemoMod:ConditionalReflex+1","DemoMod:DirectionalPad+1","DemoMod:DirectionalPad+1","DemoMod:Unity+1","Parasite","DemoMod:SniperShot+1","DemoMod:GunShield+1","DemoMod:FastSwitch+1","DemoMod:FortunesFavor+1"],"relics":["DemoMod:Dog","LetterFromLob","ReplayTheSpireMod:CursedCoin","MerchantsRug","Smiling Mask","Molten Egg 2","DemoMod:RiddleOfLead","DemoMod:Ammonomicon","DemoMod:PinkGuonStone","Orrery","Toxic Egg 2","ReplayTheSpireMod:Ring of Collecting","ReplayTheSpireMod:Ring of Challenge","SlaversCollar","ReplayTheSpireMod:Ninjato","HornCleat","Dream Catcher"],"acts_visited":["Exordium","TheCity","TheBeyond"],"potions_floor_usage":[16,16,24,27,44,48],"damage_taken":[{"damage":1,"enemies":"Jaw Worm","floor":1,"turns":3},{"damage":0,"enemies":"Cultist","floor":3,"turns":3},{"damage":0,"enemies":"Cultist","floor":5,"turns":6},{"damage":0,"enemies":"Small Slimes","floor":10,"turns":3},{"damage":5,"enemies":"Lagavulin","floor":12,"turns":5},{"damage":0,"enemies":"Red Slaver","floor":13,"turns":2},{"damage":8,"enemies":"2 Fungi Beasts","floor":14,"turns":4},{"damage":37,"enemies":"The Guardian","floor":16,"turns":11},{"damage":31,"enemies":"Spheric Guardian","floor":18,"turns":6},{"damage":20,"enemies":"2 Thieves","floor":19,"turns":4},{"damage":28,"enemies":"3 Cultists","floor":22,"turns":5},{"damage":18,"enemies":"Snake Plant","floor":24,"turns":3},{"damage":0,"enemies":"Centurion and Healer","floor":27,"turns":7},{"damage":15,"enemies":"Sentry and Sphere","floor":30,"turns":6},{"damage":22,"enemies":"Pondfish","floor":33,"turns":9},{"damage":17,"enemies":"3 Darklings","floor":35,"turns":5},{"damage":31,"enemies":"3 Shapes","floor":41,"turns":7},{"damage":25,"enemies":"Writhing Mass","floor":44,"turns":7},{"damage":10,"enemies":"Giant Head","floor":46,"turns":5},{"damage":0,"enemies":"Jaw Worm Horde","floor":48,"turns":4},{"damage":45,"enemies":"Awakened One","floor":50,"turns":19}],"seed_played":"-2881370517512204752","potions_obtained":[{"floor":3,"key":"SkillPotion"},{"floor":12,"key":"Block Potion"},{"floor":24,"key":"Fruit Juice"},{"floor":41,"key":"Fire Potion"},{"floor":44,"key":"Explosive Potion"}],"is_trial":false,"path_per_floor":["M","?","M","$","?","R","?","$","T","M","?","E","M","M","R","B",null,"M","M","?","?","M","R","M","$","T","M","R","$","M","?","R","B",null,"M","?","$","?","?","R","M","?","T","M","T","E","?","M","R","B",null,null],"character_chosen":"HUNTRESS","items_purchased":["ReplayTheSpireMod:CursedCoin","MerchantsRug","DemoMod:StickyCrossBow","Orrery","DemoMod:HungryBullets","DemoMod:FortunesFavor","LifebloodPotion","DemoMod:JK47+1","DemoMod:DirectionalPad+1"],"campfire_rested":4,"item_purchase_floors":[8,8,8,25,25,25,25,25,37],"current_hp_per_floor":[69,69,69,69,69,69,69,69,69,69,69,64,64,56,56,19,80,49,29,29,36,8,34,21,21,21,21,48,48,33,33,60,38,92,75,75,75,75,75,75,44,44,44,19,19,9,21,21,48,3,3],"gold":321,"neow_bonus":"RANDOM_COMMON_RELIC","is_daily":false,"chose_seed":false,"campfire_upgraded":2,"win_rate":0.0,"timestamp":1610245984,"path_taken":["M","?","?","$","?","R","?","$","T","M","?","E","M","M","R","BOSS","M","M","?","?","?","R","M","$","T","M","R","$","M","?","R","BOSS","M","?","$","?","?","R","M","?","T","?","?","E","?","M","R","BOSS"],"items_purchased_type":["Relic","Relic","Card","Relic","Card","Card","Potion","Card","Card"],"build_version":"2020-12-22","purchased_purges":2,"victory":true,"max_hp_per_floor":[70,70,70,70,70,70,70,70,70,70,70,70,70,70,70,70,80,80,80,80,87,87,87,92,92,92,92,92,92,92,92,92,92,92,92,92,92,92,92,92,92,92,92,92,92,92,92,92,92,92,92],"card_choices":[{"not_picked":["DemoMod:AC15","DemoMod:SAA"],"picked":"DemoMod:HardPowerCard","floor":1},{"not_picked":["DemoMod:AbyssalTentacle","DemoMod:SpreadAmmo"],"picked":"DemoMod:ShadowBullets","floor":3},{"not_picked":["DemoMod:SAA","DemoMod:BattleInHaste"],"picked":"DemoMod:Slinger","floor":10},{"not_picked":["DemoMod:AC15+1","DemoMod:HardPowerCard"],"picked":"DemoMod:Camera+1","floor":12},{"not_picked":["DemoMod:ConditionalReflex","DemoMod:SkilledReload"],"picked":"DemoMod:Evolver","floor":13},{"not_picked":["DemoMod:DirectionalPad+1","DemoMod:GunstockTap+1"],"picked":"DemoMod:HuntsMan+1","floor":14},{"not_picked":["DemoMod:BlackHoleGun+1","DemoMod:Eureka"],"picked":"DemoMod:SuppressiveFire","floor":16},{"not_picked":["DemoMod:HardPowerCard","DemoMod:HuntsMan+1"],"picked":"DemoMod:TripleGun+1","floor":18},{"not_picked":["DemoMod:JK47+1","DemoMod:PracticeMakesPerfect"],"picked":"DemoMod:GunShield+1","floor":19},{"not_picked":["DemoMod:JK47+1","DemoMod:GunShield"],"picked":"DemoMod:Camera+1","floor":22},{"not_picked":["DemoMod:FastSwitch","DemoMod:AC15+1"],"picked":"DemoMod:Unity+1","floor":24},{"not_picked":["DemoMod:Ejector","DemoMod:Polaris+1"],"picked":"DemoMod:DirectionalPad+1","floor":25},{"not_picked":["DemoMod:Rummage","DemoMod:TeaPot+1"],"picked":"DemoMod:DarkMarker+1","floor":25},{"not_picked":["DemoMod:JK47+1","DemoMod:StickyCrossBow+1"],"picked":"DemoMod:MegaHand+1","floor":25},{"not_picked":["DemoMod:MachoBrace","DemoMod:Camera+1"],"picked":"DemoMod:CursedBullets","floor":25},{"not_picked":["DemoMod:BattleInHaste","DemoMod:ProbeStrike+1"],"picked":"DemoMod:PotionOfGunFriendShip+1","floor":25},{"not_picked":["DemoMod:JK47+1","DemoMod:HungryBullets"],"picked":"DemoMod:TeaPot+1","floor":27},{"not_picked":["DemoMod:PracticeMakesPerfect+1","DemoMod:DoubleSwitch+1"],"picked":"DemoMod:TableSutra","floor":30},{"not_picked":["DemoMod:Slinger","DemoMod:BlankBullets"],"picked":"DemoMod:GunslingerForm","floor":33},{"not_picked":["DemoMod:SAA+1","DemoMod:PotionOfGunFriendShip+1"],"picked":"DemoMod:ConditionalReflex+1","floor":35},{"not_picked":["DemoMod:DirectionalPad+1","DemoMod:FastSwitch+1"],"picked":"DemoMod:Unity+1","floor":41},{"not_picked":["DemoMod:AbyssalTentacle+1","DemoMod:BoxingGlove+1"],"picked":"DemoMod:SniperShot+1","floor":44},{"not_picked":["DemoMod:TeaPot+1","DemoMod:ConditionalReflex+1"],"picked":"DemoMod:GunShield+1","floor":46},{"not_picked":["DemoMod:Evolver","DemoMod:EasyReloadBullets+1"],"picked":"DemoMod:FastSwitch+1","floor":48},{"not_picked":["DemoMod:BlankBullets","DemoMod:AC15+1"],"picked":"DemoMod:FortunesFavor+1","floor":49}],"player_experience":500813,"relics_obtained":[{"floor":1,"key":"LetterFromLob"},{"floor":9,"key":"Smiling Mask"},{"floor":12,"key":"Molten Egg 2"},{"floor":26,"key":"Toxic Egg 2"},{"floor":31,"key":"ReplayTheSpireMod:Ring of Collecting"},{"floor":31,"key":"ReplayTheSpireMod:Ring of Challenge"},{"floor":43,"key":"ReplayTheSpireMod:Ninjato"},{"floor":45,"key":"HornCleat"},{"floor":46,"key":"Dream Catcher"}],"event_choices":[{"damage_healed":0,"gold_gain":0,"player_choice":"Bought 0 Potions","damage_taken":0,"max_hp_gain":0,"max_hp_loss":0,"event_name":"The Woman in Blue","floor":2,"gold_loss":0},{"damage_healed":0,"gold_gain":0,"player_choice":"Ignored","damage_taken":0,"max_hp_gain":0,"max_hp_loss":0,"event_name":"Purifier","floor":11,"gold_loss":0},{"cards_removed":["DemoMod:Camera"],"damage_healed":0,"gold_gain":0,"player_choice":"Gave Card","damage_taken":0,"relics_obtained":["DemoMod:PinkGuonStone"],"max_hp_gain":0,"max_hp_loss":0,"event_name":"WeMeetAgain","floor":21,"gold_loss":0},{"damage_healed":0,"gold_gain":0,"player_choice":"Ignored","damage_taken":0,"max_hp_gain":0,"max_hp_loss":0,"event_name":"Mysterious Sphere","floor":39,"gold_loss":0},{"damage_healed":0,"gold_gain":0,"player_choice":"Upgraded","damage_taken":0,"max_hp_gain":0,"max_hp_loss":0,"event_name":"Upgrade Shrine","floor":42,"gold_loss":0,"cards_upgraded":["DemoMod:GunslingerForm"]}],"is_beta":false,"boss_relics":[{"not_picked":["Calling Bell","Painkiller Herb"],"picked":"DemoMod:RiddleOfLead"},{"not_picked":["ChewingGum","Abe\u0027s Treasure"],"picked":"SlaversCollar"}],"items_purged_floors":[8,37],"is_endless":false,"potions_floor_spawned":[3,5,12,24,41,44],"ascension_level":0}}