{"host":"qksop9n5mnq4zoi8","time":1610259783,"event":{"mods":["Act Like it!","BaseMod","BetterRewards","Downfall","GifTheSpireLib","Highlight Path","Hubris","Minty Spire (QoL Compilation)","Replay The Spire","Shop Mod","StSLib","The Gatherer","The Hierophant"],"gold_per_floor":[199,49,60,77,138,150,231,262,281,291,291,325,325,359,377,472,472,472,485,500,500,510,536,563,583,612,630,630,665,665,684,695,796,796,571,585,598,598,598,628,654,664,680,700,718,718,718,718,729,729],"floor_reached":51,"playtime":18493,"items_purged":[],"score":865,"play_id":"62385de1-dff8-4421-ad05-f70f466753ab","local_time":"20210110042303","is_ascension_mode":false,"campfire_choices":[{"floor":1.0,"key":"DIG"},{"data":"Slimebound:LeadByExample","floor":11.0,"key":"SMITH"},{"data":"Slimebound:OozeBath","floor":13.0,"key":"SMITH"},{"data":"Slimebound:Gluttony","floor":18.0,"key":"SMITH"},{"floor":30.0,"key":"RECALL"},{"data":"Slimebound:DouseInSlime","floor":35,"key":"SMITH"},{"data":"Slimebound:SlimeSlap","floor":46,"key":"SMITH"}],"circlet_count":1,"master_deck":["Slimebound:Strike_Slimebound+1","Slimebound:Strike_Slimebound+2","Slimebound:Strike_Slimebound+2","Slimebound:Tackle+1","Slimebound:Defend_Slimebound+2","Slimebound:Defend_Slimebound+2","Slimebound:Defend_Slimebound+2","Slimebound:Defend_Slimebound+2","Slimebound:Split+1","Slimebound:CorrosiveSpit+1","Slimebound:PressTheAttack+1","Slimebound:Gluttony+1","Slimebound:SplitMire+1","Slimebound:FinishingTackle+1","Slimebound:LeechingTouch+1","Slimebound:LeadByExample+1","Slimebound:HauntingLick+1","Slimebound:LeechingTouch+1","Slimebound:LivingWall+1","Slimebound:Equalize+1","Pot Of Greed+1","Pot Of Greed+1","Slimebound:OozeBath+1","Slimebound:GrowthPunch+1","Slimebound:OozeBath+1","Slimebound:RainOfGoop+1","Pot Of Greed+1","Slimebound:ViciousTackle+1","Slimebound:SplitMire+1","Slimebound:DouseInSlime+1","Slimebound:HauntingLick+1","Slimebound:FirmFortitude+1","Slimebound:LeechEnergy+1","Slimebound:LeadByExample+1","expansioncontent:AwakenDeath+1","Replay:SS_hec_1+1","Replay:SS_forest_2+1","Slimebound:LevelUp+1","Slimebound:Replication+1","Pot Of Greed+1","Slimebound:Gluttony+1","Slimebound:SlimeSlap+1","Parasite","Slimebound:MegaLick+1"],"relics":["Slimebound:AbsorbEndCombat","Pen Nib","HornCleat","Replay:Bottled Eggs","Grinning Jar","Painkiller Herb","Circlet","Enchiridion","Garlic","Happy Flower","ReplayTheSpireMod:Lightbulb","Slimebound:TarBlob","Ring of Peace","Ring of Searing","Simple Rune","Orichalcum","hubris:Towel"],"acts_visited":["Exordium","TheCity","TheBeyond"],"potions_floor_usage":[33,37,42],"damage_taken":[{"damage":4.0,"enemies":"downfall:FleeingMerchant","floor":2.0,"turns":4.0},{"damage":10.0,"enemies":"Small Slimes","floor":3.0,"turns":3.0},{"damage":15.0,"enemies":"Jaw Worm","floor":4.0,"turns":5.0},{"damage":40.0,"enemies":"Gremlin Nob","floor":5.0,"turns":4.0},{"damage":3.0,"enemies":"2 Louse","floor":6.0,"turns":2.0},{"damage":10.0,"enemies":"Replay:BlueRogue","floor":8.0,"turns":4.0},{"damage":8.0,"enemies":"Exordium Thugs","floor":9.0,"turns":4.0},{"damage":4.0,"enemies":"2 Fungi Beasts","floor":10.0,"turns":3.0},{"damage":10.0,"enemies":"Lagavulin","floor":12.0,"turns":6.0},{"damage":19.0,"enemies":"Gremlin Nob","floor":14.0,"turns":4.0},{"damage":4.0,"enemies":"Exordium Wildlife","floor":15.0,"turns":3.0},{"damage":24.0,"enemies":"downfall:Ironclad","floor":16.0,"turns":9.0},{"damage":8.0,"enemies":"Spheric Guardian","floor":19.0,"turns":3.0},{"damage":15.0,"enemies":"3 Byrds","floor":20.0,"turns":5.0},{"damage":21.0,"enemies":"Snake Plant","floor":22.0,"turns":3.0},{"damage":9.0,"enemies":"Replay:Snechameleon","floor":23.0,"turns":4.0},{"damage":20.0,"enemies":"Shelled Parasite and Fungi","floor":25.0,"turns":4.0},{"damage":41.0,"enemies":"Slavers","floor":26.0,"turns":6.0},{"damage":8.0,"enemies":"Sentry and Sphere","floor":27.0,"turns":5.0},{"damage":7.0,"enemies":"Replay:Snechameleon","floor":29.0,"turns":3.0},{"damage":20.0,"enemies":"Snake Plant","floor":31.0,"turns":2.0},{"damage":13.0,"enemies":"Centurion and Healer","floor":32.0,"turns":4.0},{"damage":33,"enemies":"downfall:Silent","floor":33,"turns":7},{"damage":13,"enemies":"Orb Walker","floor":36,"turns":3},{"damage":6,"enemies":"3 Darklings","floor":37,"turns":6},{"damage":33,"enemies":"Nemesis","floor":40,"turns":7},{"damage":19,"enemies":"Writhing Mass","floor":42,"turns":4},{"damage":10,"enemies":"Maw","floor":43,"turns":4},{"damage":12,"enemies":"Sphere and 2 Shapes","floor":44,"turns":4},{"damage":9,"enemies":"Transient","floor":45,"turns":5},{"damage":33,"enemies":"Writhing Mass","floor":49,"turns":4},{"damage":24,"enemies":"downfall:Watcher","floor":50,"turns":5}],"seed_played":"3323341447151791964","potions_obtained":[{"floor":3.0,"key":"sneckomod:MuddlingPotion"},{"floor":9.0,"key":"Adrenaline Potion"},{"floor":12.0,"key":"Explosive Potion"},{"floor":14.0,"key":"Slimebound:SlimedPotion"},{"floor":16.0,"key":"SteroidPotion"},{"floor":22.0,"key":"Languid Potion"},{"floor":23.0,"key":"Dexterity Potion"},{"floor":31.0,"key":"LifebloodPotion"},{"floor":32,"key":"Block Potion"},{"floor":40,"key":"SteroidPotion"},{"floor":42,"key":"SkillPotion"},{"floor":43,"key":"Block Potion"},{"floor":45,"key":"Swift Potion"}],"is_trial":false,"path_per_floor":["R","$","M","M","?","M","T","E","M","M","R","E","R","E","M","B",null,"T","?","?","?","?","E","T","?","E","?","?","E","T","?","?","B",null,"T","?","?","?","?","E","T","?","?","?","?","T","?","?","?","B",null],"character_chosen":"SLIMEBOUND","items_purchased":["Slimebound:Gluttony","Slimebound:SplitMire","Slimebound:FinishingTackle"],"campfire_rested":0,"item_purchase_floors":[2,2,2],"current_hp_per_floor":[60,60,58,59,35,36,36,54,60,60,60,60,60,60,60,60,60,60,60,60,44,45,60,60,60,43,59,59,60,60,60,60,50,60,70,70,70,60,60,57,57,66,70,70,70,70,70,70,66,64],"gold":729,"neow_bonus":"HUNDRED_GOLD","is_daily":false,"chose_seed":false,"campfire_upgraded":5,"win_rate":0.0,"timestamp":1610259783,"path_taken":["R","$","M","M","?","M","T","E","M","M","R","E","R","E","M","BOSS","T","?","?","?","?","E","T","?","E","?","?","E","T","?","?","BOSS","T","?","?","?","?","E","T","?","?","?","?","T","?","?","?","BOSS"],"items_purchased_type":["Card","Card","Card"],"build_version":"2020-12-22","purchased_purges":0,"victory":true,"max_hp_per_floor":[60,60,60,60,60,60,60,60,60,60,60,60,60,60,60,60,60,60,60,60,60,60,60,60,60,60,60,60,60,60,60,60,60,60,70,70,70,70,70,70,70,70,70,70,70,70,70,70,70,70],"card_choices":[{"not_picked":["Slimebound:TongueLash","Slimebound:Replication"],"picked":"Slimebound:PressTheAttack","floor":2.0},{"not_picked":["Slimebound:Schlurp","Slimebound:Repurpose"],"picked":"Slimebound:LeechingTouch","floor":3.0},{"not_picked":["Slimebound:Gluttony","Slimebound:ItLooksTasty"],"picked":"Slimebound:LeadByExample","floor":4.0},{"not_picked":["Slimebound:SplitLeeching","Slimebound:SpikyOuterGoop"],"picked":"Slimebound:HauntingLick","floor":5.0},{"not_picked":["Slimebound:SplitBruiser","Slimebound:SlimeSpikes"],"picked":"Slimebound:LeechingTouch","floor":6.0},{"not_picked":["Slimebound:ComboTackle","Slimebound:DisruptingSlam"],"picked":"Slimebound:LivingWall","floor":8.0},{"not_picked":["Slimebound:SelfFormingGoo","Slimebound:RejuvenatingLick"],"picked":"Slimebound:Equalize","floor":9.0},{"not_picked":["Slimebound:FinishingTackle","Slimebound:DivideAndConquer","Slimebound:SlimeBarrage"],"picked":"SKIP","floor":10.0},{"not_picked":["Slimebound:DisruptingSlam","Slimebound:RainOfGoop"],"picked":"Slimebound:OozeBath","floor":12.0},{"not_picked":["Slimebound:TongueLash","Slimebound:DivideAndConquer","Slimebound:SlimeBrawl"],"picked":"SKIP","floor":14.0},{"not_picked":["Slimebound:DisruptingSlam","Slimebound:SlimeSpikes"],"picked":"Slimebound:GrowthPunch","floor":15.0},{"not_picked":["Slimebound:LeechLife","Slimebound:OneTwoCombo"],"picked":"Slimebound:OozeBath","floor":16.0},{"not_picked":["Slimebound:PressTheAttack","Slimebound:SplitLeeching+1"],"picked":"Slimebound:RainOfGoop","floor":19.0},{"not_picked":["Slimebound:GoopSpray","Slimebound:GrowthPunch"],"picked":"Slimebound:ViciousTackle","floor":20.0},{"not_picked":["Slimebound:Dissolve+1","Slimebound:SlimeTap","Slimebound:RollThrough"],"picked":"SKIP","floor":22.0},{"not_picked":["Slimebound:SelfFormingGoo","Slimebound:SpikyOuterGoop","Slimebound:FlameTackle"],"picked":"SKIP","floor":23.0},{"not_picked":["Slimebound:Dissolve","Slimebound:ProtectTheBoss","Slimebound:DisruptingSlam"],"picked":"SKIP","floor":25.0},{"not_picked":["Slimebound:SlimeSpikes","Slimebound:SplitLeeching+1","Slimebound:Grow"],"picked":"SKIP","floor":26.0},{"not_picked":["Slimebound:Chomp","Slimebound:LeechingTouch+1"],"picked":"Slimebound:SplitMire","floor":27.0},{"not_picked":["Slimebound:LivingWall","Slimebound:SplitAcid"],"picked":"Slimebound:HauntingLick+1","floor":29.0},{"not_picked":["Slimebound:GoopSpray+1","Slimebound:SlimeBarrage+1"],"picked":"Slimebound:FirmFortitude+1","floor":31.0},{"not_picked":["Slimebound:SplitAcid","Slimebound:GrowthPunch+1"],"picked":"Slimebound:LeechEnergy","floor":32},{"not_picked":["Slimebound:PressTheAttack+1","Slimebound:SlimeBrawl"],"picked":"Slimebound:LeadByExample+1","floor":36},{"not_picked":["Slimebound:SamplingLick","Slimebound:LeechingTouch+1","Slimebound:SplitLeeching"],"picked":"SKIP","floor":37},{"not_picked":["expansioncontent:FaceSlap","expansioncontent:HyperBeam"],"picked":"expansioncontent:AwakenDeath","floor":38},{"not_picked":["expansioncontent:BronzeBeam","expansioncontent:FaceSlap"],"picked":"Replay:SS_hec_1","floor":38},{"not_picked":["expansioncontent:YouAreMine","expansioncontent:DonusPower"],"picked":"Replay:SS_forest_2","floor":38},{"not_picked":["Slimebound:SplitAcid+1","Slimebound:FlameTackle+1"],"picked":"Slimebound:LevelUp+1","floor":40},{"not_picked":["Slimebound:SplitAcid+1","Slimebound:ComboTackle+1","Slimebound:SplitBruiser"],"picked":"SKIP","floor":42},{"not_picked":["Slimebound:SlimeBarrage+1","Slimebound:SplitAcid+1"],"picked":"Slimebound:Replication+1","floor":43},{"not_picked":["Slimebound:BestDefense","Slimebound:Prepare+1"],"picked":"Slimebound:Gluttony","floor":44},{"not_picked":["Slimebound:SlimeBarrage","Slimebound:RollThrough+1"],"picked":"Slimebound:SlimeSlap","floor":45},{"not_picked":["Slimebound:RollThrough+1","Slimebound:SplitAcid+1"],"picked":"Slimebound:MegaLick+1","floor":49}],"player_experience":218094,"relics_obtained":[{"floor":1.0,"key":"Pen Nib"},{"floor":5.0,"key":"HornCleat"},{"floor":7.0,"key":"Replay:Bottled Eggs"},{"floor":8.0,"key":"Blue Doll"},{"floor":12.0,"key":"Grinning Jar"},{"floor":14.0,"key":"Dead Branch"},{"floor":21.0,"key":"Enchiridion"},{"floor":23.0,"key":"Garlic"},{"floor":26.0,"key":"Happy Flower"},{"floor":29.0,"key":"ReplayTheSpireMod:Lightbulb"},{"floor":39,"key":"Ring of Peace"},{"floor":39,"key":"Ring of Searing"},{"floor":40,"key":"Simple Rune"},{"floor":41,"key":"Orichalcum"}],"event_choices":[],"is_beta":false,"boss_relics":[{"not_picked":["ReplayTheSpireMod:DimensionalGlitch","Snecko Eye"],"picked":"Painkiller Herb"},{"not_picked":["Replay:Bronze Core","hubris:CrackedHourglass"],"picked":"Slimebound:TarBlob"}],"items_purged_floors":[],"is_endless":false,"potions_floor_spawned":[3,9,12,14,16,19,22,23,31,32,40,42,43,45,49],"ascension_level":0}}