{"host":"56ghxnzsglgdq727","time":1610279165,"event":{"mods":["AchievementEnabler","BaseMod","Downfall","Duelist Mod","Hermit","Minty Spire (QoL Compilation)","Rare Cards Sparkle","StSLib","The Bug Knight","The Exalted","The Senshi","The Servant 0.9.4","The Wild Card"],"gold_per_floor":[110,185,185,205,56,56,67,67,67,67,80,155,169,169,169,169,169],"floor_reached":16,"playtime":596,"items_purged":["Bromod:Strike_Bro"],"score":90,"play_id":"e1586062-bcb7-4614-a035-d4fd847d0ac9","local_time":"20210110064605","is_ascension_mode":false,"campfire_choices":[{"data":"Bromod:FinishingTouch","floor":6,"key":"SMITH"},{"data":"Bromod:QuickDraw","floor":8,"key":"SMITH"},{"floor":15,"key":"REST"}],"circlet_count":0,"master_deck":["Bromod:Strike_Bro+1","Bromod:Strike_Bro","Bromod:Defend_Bro","Bromod:Defend_Bro","Bromod:Defend_Bro","Bromod:Defend_Bro","Bromod:SlashDash","Bromod:SlashDash+1","Bromod:SlashDash","Bromod:RelentlessCombination","Bromod:DriftingContact","Bromod:QuickDraw+1","Bromod:FinishingTouch+1","Bromod:FastHands"],"relics":["Bromod:Ordis","Bromod:AscarisDevice","NeowsBlessing","theSenshi:FeatherClipsRelic"],"acts_visited":["Exordium"],"potions_floor_usage":[11,16],"damage_taken":[{"damage":0,"enemies":"Jaw Worm","floor":1,"turns":1},{"damage":0,"enemies":"Small Slimes","floor":4,"turns":1},{"damage":0,"enemies":"Cultist","floor":7,"turns":1},{"damage":13,"enemies":"Large Slime","floor":11,"turns":6},{"damage":34,"enemies":"Lots of Slimes","floor":13,"turns":5},{"damage":32,"enemies":"Slime Boss","floor":16,"turns":5}],"seed_played":"-8194898591600510649","potions_obtained":[{"floor":1,"key":"Energy Potion"},{"floor":7,"key":"LiquidMemories"}],"is_trial":false,"path_per_floor":["M","?","?","M","$","R","M","R","T","$","M","?","M","?","R","B"],"character_chosen":"THE_EXALTED","items_purchased":["Bromod:FinishingTouch"],"campfire_rested":1,"item_purchase_floors":[5],"current_hp_per_floor":[75,64,64,64,64,64,64,64,64,64,57,50,22,7,29,0,0],"gold":169,"neow_bonus":"THREE_ENEMY_KILL","is_daily":false,"chose_seed":false,"campfire_upgraded":2,"win_rate":0.0,"timestamp":1610279165,"path_taken":["M","?","?","?","$","R","M","R","T","$","M","?","?","?","R","BOSS"],"items_purchased_type":["Card"],"build_version":"2020-12-22","purchased_purges":1,"victory":false,"max_hp_per_floor":[75,75,75,75,75,75,75,75,75,75,75,75,75,75,75,75,75],"card_choices":[{"not_picked":["Bromod:Foundry","Bromod:SlashDash"],"picked":"Bromod:RelentlessCombination","floor":1},{"not_picked":["Bromod:Stretch","Bromod:ContagiousSpread"],"picked":"Bromod:QuickDraw","floor":4},{"not_picked":["Bromod:Redirection","Bromod:ShatteringImpact","Bromod:PressurePoint"],"picked":"SKIP","floor":7},{"not_picked":["Bromod:PressurePoint","Bromod:SlipMagazine","Bromod:BulletJump"],"picked":"SKIP","floor":11},{"not_picked":["Bromod:NoReturn","Bromod:OrganShatter"],"picked":"Bromod:FastHands","floor":13}],"player_experience":202902,"relics_obtained":[{"floor":9,"key":"theSenshi:FeatherClipsRelic"}],"event_choices":[{"damage_healed":0,"gold_gain":75,"player_choice":"Gather Gold","damage_taken":11,"max_hp_gain":0,"max_hp_loss":0,"event_name":"World of Goop","floor":2,"gold_loss":0},{"damage_healed":0,"gold_gain":0,"player_choice":"1 cards matched","damage_taken":0,"max_hp_gain":0,"max_hp_loss":0,"event_name":"Match and Keep!","floor":3,"gold_loss":0,"cards_obtained":["Bromod:DriftingContact"]},{"damage_healed":0,"gold_gain":75,"player_choice":"Touch","damage_taken":7,"max_hp_gain":0,"max_hp_loss":0,"event_name":"FaceTrader","floor":12,"gold_loss":0},{"damage_healed":0,"gold_gain":0,"player_choice":"Entered Light","damage_taken":15,"max_hp_gain":0,"max_hp_loss":0,"event_name":"Shining Light","floor":14,"gold_loss":0,"cards_upgraded":["Bromod:Strike_Bro","Bromod:SlashDash"]}],"is_beta":false,"boss_relics":[],"items_purged_floors":[5],"is_endless":false,"potions_floor_spawned":[1,7],"killed_by":"Slime Boss","ascension_level":0}}