{"host":"aaqofma31c3gm2hj","time":1610255603,"event":{"mods":["BaseMod","Minty Spire (QoL Compilation)","Replay The Spire","Spicy Shops","StSLib"],"gold_per_floor":[110,110,51,63,63,92,108,141,141,141,160,160,184,194,194,266,266,266],"floor_reached":17,"playtime":372,"items_purged":[],"score":380,"play_id":"c3a3714e-1498-44ff-9dfb-0aafde21060a","local_time":"20210110131323","is_ascension_mode":true,"campfire_choices":[{"floor":10,"key":"REST"},{"data":"Defragment","floor":15,"key":"SMITH"}],"circlet_count":0,"master_deck":["AscendersBane","Strike_B","Strike_B","Strike_B","Strike_B","Defend_B+1","Defend_B","Defend_B","Defend_B","Zap","Dualcast","Ball Lightning","Defragment","Defragment+1","Panic Button","Turbo","Seek+1","Tempest","BasicCrystalCard","Echo Form"],"relics":["Cracked Core","NeowsBlessing","ReplayTheSpireMod:Ring of Addiction","White Beast Statue","SacredBark","ReplayTheSpireMod:Ring of Collecting","Replay:Rubber Ducky","Divine Protection","War Paint","Ring of Hypnosis","Regal Pillow","ReplayTheSpireMod:Ring of Challenge","Replay:Wax Seal","Replay:Grab Bag","SlaversCollar","Coffee Dripper","Calling Bell","Tiny Chest","Pear","Shovel"],"acts_visited":["Exordium","TheCity"],"potions_floor_usage":[7,8,11,14,16],"damage_taken":[{"damage":0,"enemies":"Small Slimes","floor":1,"turns":1},{"damage":0,"enemies":"2 Louse","floor":4,"turns":1},{"damage":0,"enemies":"3 Sentries","floor":6,"turns":1},{"damage":1,"enemies":"Jaw Worm","floor":7,"turns":2},{"damage":33,"enemies":"Gremlin Nob","floor":8,"turns":4},{"damage":0,"enemies":"Blue Slaver","floor":11,"turns":4},{"damage":15,"enemies":"Exordium Wildlife","floor":14,"turns":5},{"damage":20,"enemies":"Hexaghost","floor":16,"turns":9}],"seed_played":"7269445178838407576","potions_obtained":[{"floor":2,"key":"Adrenaline Potion"},{"floor":2,"key":"SkillPotion"},{"floor":7,"key":"Dexterity Potion"},{"floor":8,"key":"Weak Potion"},{"floor":11,"key":"EssenceOfDarkness"},{"floor":14,"key":"Adrenaline Potion"},{"floor":16,"key":"Weak Potion"}],"is_trial":false,"path_per_floor":["M","?","$","M","?","E","M","E","T","R","M","?","T","M","R","B",null],"character_chosen":"DEFECT","items_purchased":["Defragment"],"campfire_rested":1,"item_purchase_floors":[3],"current_hp_per_floor":[64,64,64,64,53,53,52,19,19,54,54,54,54,39,39,19,67,67],"gold":266,"neow_bonus":"THREE_ENEMY_KILL","is_daily":false,"chose_seed":false,"campfire_upgraded":1,"win_rate":0.0,"timestamp":1610255603,"path_taken":["M","?","$","M","?","E","M","E","T","R","M","?","?","?","R","BOSS"],"items_purchased_type":["Card"],"build_version":"2020-12-22","purchased_purges":0,"victory":false,"max_hp_per_floor":[71,71,71,71,71,69,69,69,69,69,69,69,69,69,69,69,79,79],"card_choices":[{"not_picked":["Steam","Time Bomb"],"picked":"Ball Lightning","floor":1},{"not_picked":["Rip and Tear","Consume","Streamline"],"picked":"SKIP","floor":4},{"not_picked":["Beam Cell","Scrape"],"picked":"Panic Button","floor":6},{"not_picked":["Reprogram","Hello World"],"picked":"Turbo","floor":7},{"not_picked":["Reinforced Body","Leap"],"picked":"Seek","floor":8},{"not_picked":["Auto Shields","BootSequence"],"picked":"Tempest","floor":11},{"not_picked":["Go for the Eyes","Compile Driver"],"picked":"BasicCrystalCard","floor":14},{"not_picked":["Hyperbeam","Creative AI"],"picked":"Echo Form","floor":16}],"player_experience":577392,"relics_obtained":[{"floor":2,"key":"ReplayTheSpireMod:Ring of Addiction"},{"floor":2,"key":"White Beast Statue"},{"floor":2,"key":"SacredBark"},{"floor":2,"key":"ReplayTheSpireMod:Ring of Collecting"},{"floor":6,"key":"Divine Protection"},{"floor":8,"key":"War Paint"},{"floor":9,"key":"Ring of Hypnosis"},{"floor":9,"key":"Regal Pillow"},{"floor":13,"key":"ReplayTheSpireMod:Ring of Challenge"},{"floor":13,"key":"Replay:Wax Seal"},{"floor":17,"key":"Tiny Chest"},{"floor":17,"key":"Pear"},{"floor":17,"key":"Shovel"}],"event_choices":[{"damage_healed":0,"gold_gain":0,"player_choice":"Success","damage_taken":11,"relics_obtained":["Replay:Rubber Ducky"],"max_hp_gain":0,"max_hp_loss":0,"event_name":"Scrap Ooze","floor":5,"gold_loss":0},{"damage_healed":0,"gold_gain":0,"player_choice":"Ignored","damage_taken":0,"max_hp_gain":0,"max_hp_loss":0,"event_name":"Liars Game","floor":12,"gold_loss":0}],"is_beta":false,"boss_relics":[{"not_picked":["Cursed Key","Sozu"],"picked":"Replay:Grab Bag"},{"not_picked":["Busted Crown","Fusion Hammer"],"picked":"SlaversCollar"},{"not_picked":["Velvet Choker","ChewingGum"],"picked":"Coffee Dripper"},{"not_picked":["Empty Cage","Black Star"],"picked":"Calling Bell"}],"items_purged_floors":[],"is_endless":false,"potions_floor_spawned":[4,6,7,8,11,14,16],"ascension_level":20}}