{"host":"4qin5krp9hszysdc","time":1610248433,"event":{"mods":["AchievementEnabler","BaseMod","BetterRewards","Infinite Spire","Minty Spire (QoL Compilation)","Quick Restart","StSLib"],"gold_per_floor":[110,123,123,136,150,150,179,144,194,224,224,224,234,245,245,320,320,336,14,24,24,39,64,64,64,64],"floor_reached":25,"playtime":2775,"items_purged":["Strike_P"],"score":477,"play_id":"122c7f69-b4fe-49fe-a652-8119be41d1e7","local_time":"20210109221353","is_ascension_mode":true,"campfire_choices":[{"floor":6.0,"key":"REST"},{"data":"SashWhip","floor":12.0,"key":"SMITH"},{"data":"Devotion","floor":15,"key":"SMITH"}],"circlet_count":0,"master_deck":["AscendersBane","Strike_P","Strike_P","Strike_P+1","Defend_P","Defend_P","Defend_P","Defend_P","Eruption","Vigilance","Fasting2","CrushJoints","Sadistic Nature+1","Sanctity+1","SandsOfTime","Evaluate+1","LikeWater","FearNoEvil","Meditate","LessonLearned","WindmillStrike","SashWhip+1","Wallop+1","Devotion+1","Devotion","Vengeance","JustLucky","Establishment","Fasting2","Halt","Protect","FlurryOfBlows","Consecrate","InnerPeace","Brilliance","Prostrate","infinitespire:SevenWalls","infinitespire:Gouge"],"relics":["PureWater","OrangePellets","Prayer Wheel","Art of War","The Courier","InkBottle","infinitespire:Beetle Shell","infinitespire:CursedDice","Fusion Hammer","Bottled Tornado","Dead Branch"],"acts_visited":["Exordium","TheCity"],"potions_floor_usage":[22],"damage_taken":[{"damage":0.0,"enemies":"Cultist","floor":1.0,"turns":3.0},{"damage":0.0,"enemies":"Small Slimes","floor":2.0,"turns":2.0},{"damage":2.0,"enemies":"2 Louse","floor":4.0,"turns":3.0},{"damage":8.0,"enemies":"Exordium Thugs","floor":5.0,"turns":5.0},{"damage":11.0,"enemies":"Gremlin Nob","floor":7.0,"turns":3.0},{"damage":0.0,"enemies":"Lagavulin","floor":10.0,"turns":7.0},{"damage":6,"enemies":"Looter","floor":13,"turns":4},{"damage":13,"enemies":"Large Slime","floor":14,"turns":3},{"damage":17,"enemies":"The Guardian","floor":16,"turns":9},{"damage":0,"enemies":"Chosen","floor":18,"turns":6},{"damage":19,"enemies":"Spheric Guardian","floor":20,"turns":6},{"damage":15,"enemies":"Snake Plant","floor":22,"turns":4},{"damage":41,"enemies":"Book of Stabbing","floor":23,"turns":5},{"damage":30,"enemies":"3 Cultists","floor":25,"turns":4}],"seed_played":"7711320584435126838","potions_obtained":[{"floor":1.0,"key":"Swift Potion"},{"floor":5.0,"key":"Swift Potion"},{"floor":7.0,"key":"EssenceOfSteel"},{"floor":11.0,"key":"FairyPotion"}],"is_trial":false,"path_per_floor":["M","M","T","M","M","R","E","?","T","E","?","R","M","M","R","B",null,"M","$","M","?","M","E","AVR","M"],"character_chosen":"WATCHER","items_purchased":["OrangePellets","Fasting2","CrushJoints","Art of War","Sadistic Nature","Establishment","Fasting2","Halt","Protect","FlurryOfBlows","Consecrate"],"campfire_rested":1,"item_purchase_floors":[0,0,0,0,0,19,19,19,19,19,19],"current_hp_per_floor":[30,30,30,28,20,40,29,46,46,46,46,46,40,27,27,10,54,54,54,35,16,1,26,26,0,0],"gold":64,"neow_bonus":"","is_daily":false,"chose_seed":false,"campfire_upgraded":2,"win_rate":0.0,"timestamp":1610248433,"path_taken":["M","M","?","M","M","R","E","?","T","E","?","R","M","M","R","BOSS","M","$","M","?","M","E","AVR","M"],"items_purchased_type":["Relic","Card","Card","Relic","Card","Card","Card","Card","Card","Card","Card"],"build_version":"2020-12-22","purchased_purges":1,"victory":false,"max_hp_per_floor":[68,68,68,68,68,68,68,68,68,68,68,68,68,68,68,68,68,68,68,68,73,73,73,73,73,73],"card_choices":[{"not_picked":["PathToVictory","Halt"],"picked":"Sanctity","floor":1.0},{"not_picked":["JustLucky","EmptyFist"],"picked":"SandsOfTime","floor":1.0},{"not_picked":["Pray","ThirdEye"],"picked":"Evaluate","floor":2.0},{"not_picked":["Weave","InnerPeace"],"picked":"LikeWater","floor":2.0},{"not_picked":["PathToVictory","FlyingSleeves"],"picked":"FearNoEvil","floor":4.0},{"not_picked":["MentalFortress","Swivel"],"picked":"Meditate","floor":4.0},{"not_picked":["InnerPeace","WaveOfTheHand"],"picked":"LessonLearned","floor":5.0},{"not_picked":["Crescendo","CarveReality"],"picked":"WindmillStrike","floor":5.0},{"not_picked":["Sanctity","EmptyFist","WindmillStrike"],"picked":"SKIP","floor":7.0},{"not_picked":["Swivel","Consecrate"],"picked":"SashWhip","floor":10.0},{"not_picked":["EmptyFist","Crescendo","Prostrate"],"picked":"SKIP","floor":13},{"not_picked":["WindmillStrike","Nirvana","Collect"],"picked":"SKIP","floor":13},{"not_picked":["WreathOfFlame","EmptyBody"],"picked":"Wallop","floor":14},{"not_picked":["BowlingBash","PathToVictory"],"picked":"Devotion","floor":14},{"not_picked":["Omniscience","Blasphemy"],"picked":"Devotion","floor":16},{"not_picked":["Study","CrushJoints"],"picked":"Vengeance","floor":18},{"not_picked":["FearNoEvil","JustLucky","FollowUp"],"picked":"SKIP","floor":18},{"not_picked":["FearNoEvil","FollowUp"],"picked":"JustLucky","floor":18},{"not_picked":["Nirvana","FollowUp","Halt"],"picked":"SKIP","floor":20},{"not_picked":["FollowUp","CrushJoints","Pray"],"picked":"SKIP","floor":20},{"not_picked":["Collect","Evaluate"],"picked":"InnerPeace","floor":22},{"not_picked":["Wallop","JustLucky"],"picked":"Brilliance","floor":22},{"not_picked":["FlyingSleeves","Crescendo+1"],"picked":"Prostrate","floor":23}],"player_experience":2773087,"relics_obtained":[{"floor":3.0,"key":"The Courier"},{"floor":7.0,"key":"InkBottle"},{"floor":9.0,"key":"infinitespire:Beetle Shell"},{"floor":10.0,"key":"infinitespire:CursedDice"},{"floor":23,"key":"Bottled Tornado"}],"event_choices":[{"damage_healed":17.0,"max_hp_gain":0.0,"max_hp_loss":0.0,"gold_gain":0.0,"event_name":"The Cleric","player_choice":"Healed","floor":8.0,"gold_loss":35.0,"damage_taken":0.0},{"damage_healed":0.0,"max_hp_gain":0.0,"max_hp_loss":0.0,"gold_gain":0.0,"event_name":"Lab","player_choice":"Got Potions","floor":11.0,"gold_loss":0.0,"damage_taken":0.0},{"damage_healed":0,"gold_gain":0,"player_choice":"Shed Blood","damage_taken":24,"max_hp_gain":5,"max_hp_loss":0,"event_name":"Forgotten Altar","floor":21,"gold_loss":0}],"is_beta":false,"boss_relics":[{"not_picked":["infinitespire:Cupcake","SacredBark"],"picked":"Fusion Hammer"}],"items_purged_floors":[24],"is_endless":false,"potions_floor_spawned":[1,5,7,14],"killed_by":"3 Cultists","ascension_level":15}}