{"host":"dv3lni0xre0h79kd","time":1610300219,"event":{"mods":["BaseMod","BetterRewards","Colored Map","GifTheSpireLib","Highlight Path","Minty Spire (QoL Compilation)","StSLib"],"gold_per_floor":[118,118,136,136,149,149,163,176,176,176,193,207,207,223,223,320,320,330,330,346,361,361,361,374,296,296,296,296,296],"floor_reached":28,"playtime":1396,"items_purged":[],"score":214,"play_id":"8fd8246f-87ce-4618-be82-7d5bdfa126b3","local_time":"20210110123659","is_ascension_mode":false,"campfire_choices":[{"data":"Doppelganger","floor":6,"key":"SMITH"},{"data":"Deadly Poison","floor":15,"key":"SMITH"},{"data":"Backstab","floor":23,"key":"SMITH"},{"data":"Wraith Form v2","floor":27,"key":"SMITH"}],"circlet_count":0,"master_deck":["Strike_G","Strike_G","Strike_G","Strike_G","Strike_G","Defend_G","Defend_G+1","Defend_G","Defend_G+1","Survivor","Neutralize","Deadly Poison+1","Doppelganger+1","Endless Agony","Bane","Backstab+1","Riddle With Holes","Reflex","Endless Agony","Venomology+1","Poisoned Stab","Flying Knee","Flechettes+1","Underhanded Strike+1","Wraith Form v2+1"],"relics":["Runic Pyramid","Tingsha","Bottled Lightning","FaceOfCleric","Coffee Dripper","Shuriken"],"acts_visited":["Exordium","TheCity"],"potions_floor_usage":[12,16,18,21,24,24,24,28,28],"damage_taken":[{"damage":1,"enemies":"Cultist","floor":1,"turns":5},{"damage":0,"enemies":"Jaw Worm","floor":3,"turns":4},{"damage":0,"enemies":"Small Slimes","floor":5,"turns":4},{"damage":15,"enemies":"Red Slaver","floor":7,"turns":4},{"damage":0,"enemies":"2 Fungi Beasts","floor":8,"turns":3},{"damage":7,"enemies":"Lots of Slimes","floor":11,"turns":4},{"damage":0,"enemies":"Gremlin Gang","floor":12,"turns":3},{"damage":0,"enemies":"2 Fungi Beasts","floor":14,"turns":2},{"damage":18,"enemies":"Slime Boss","floor":16,"turns":10},{"damage":2,"enemies":"Spheric Guardian","floor":18,"turns":3},{"damage":10,"enemies":"Chosen","floor":20,"turns":4},{"damage":22,"enemies":"3 Cultists","floor":21,"turns":5},{"damage":23,"enemies":"Centurion and Healer","floor":24,"turns":6},{"damage":10,"enemies":"Chosen and Byrds","floor":28,"turns":1}],"seed_played":"-570403519436540007","potions_obtained":[{"floor":1,"key":"SpeedPotion"},{"floor":11,"key":"BlessingOfTheForge"},{"floor":14,"key":"Explosive Potion"},{"floor":21,"key":"Block Potion"}],"is_trial":false,"path_per_floor":["M","?","M","T","M","R","M","M","T","?","M","M","?","M","R","B",null,"M","?","M","M","?","R","M","$","T","R","M"],"character_chosen":"THE_SILENT","items_purchased":["Wraith Form v2"],"campfire_rested":0,"item_purchase_floors":[25],"current_hp_per_floor":[69,55,55,55,55,55,40,40,40,40,33,33,33,34,34,17,72,71,58,49,28,28,28,6,6,6,6,0,0],"gold":296,"neow_bonus":"BOSS_RELIC","is_daily":false,"chose_seed":false,"campfire_upgraded":4,"win_rate":0.0,"timestamp":1610300219,"path_taken":["M","?","M","?","?","R","M","M","T","?","M","M","?","?","R","BOSS","M","?","M","M","?","R","M","$","T","R","?"],"items_purchased_type":["Card"],"build_version":"2020-12-22","purchased_purges":0,"victory":false,"max_hp_per_floor":[70,70,70,70,70,70,70,70,70,70,70,70,70,71,71,72,72,73,78,79,80,80,80,81,81,81,81,81,81],"card_choices":[{"not_picked":["Outmaneuver","Flying Knee"],"picked":"Deadly Poison","floor":1},{"not_picked":["Dodge and Roll","Backflip"],"picked":"Doppelganger","floor":3},{"not_picked":["Bane","Blur"],"picked":"Endless Agony","floor":5},{"not_picked":["Well Laid Plans","Deflect"],"picked":"Bane","floor":7},{"not_picked":["Underhanded Strike","Slice"],"picked":"Backstab","floor":8},{"not_picked":["Deflect","Calculated Gamble","Backflip"],"picked":"SKIP","floor":11},{"not_picked":["Flying Knee","Dagger Throw"],"picked":"Reflex","floor":12},{"not_picked":["Well Laid Plans","Footwork"],"picked":"Endless Agony","floor":14},{"not_picked":["Adrenaline","After Image"],"picked":"Venomology","floor":16},{"not_picked":["Caltrops+1","Outmaneuver"],"picked":"Poisoned Stab","floor":18},{"not_picked":["Dodge and Roll","Well Laid Plans"],"picked":"Flying Knee","floor":20},{"not_picked":["Sucker Punch+1","Masterful Stab+1"],"picked":"Flechettes+1","floor":21},{"not_picked":["Dodge and Roll","Tactician+1"],"picked":"Underhanded Strike+1","floor":24}],"player_experience":46046,"relics_obtained":[{"floor":4,"key":"Tingsha"},{"floor":9,"key":"Bottled Lightning"},{"floor":26,"key":"Shuriken"}],"event_choices":[{"damage_healed":0,"gold_gain":0,"player_choice":"Entered Light","damage_taken":14,"max_hp_gain":0,"max_hp_loss":0,"event_name":"Shining Light","floor":2,"gold_loss":0,"cards_upgraded":["Defend_G","Defend_G"]},{"damage_healed":0,"gold_gain":0,"cards_transformed":["Defend_G"],"player_choice":"Change","damage_taken":0,"max_hp_gain":0,"max_hp_loss":0,"event_name":"Living Wall","floor":10,"gold_loss":0,"cards_obtained":["Riddle With Holes"]},{"damage_healed":0,"gold_gain":0,"player_choice":"Trade","damage_taken":0,"relics_obtained":["FaceOfCleric"],"max_hp_gain":0,"max_hp_loss":0,"event_name":"FaceTrader","floor":13,"gold_loss":0},{"damage_healed":0,"gold_gain":0,"player_choice":"Shed Blood","damage_taken":18,"max_hp_gain":5,"max_hp_loss":0,"event_name":"Forgotten Altar","floor":19,"gold_loss":0},{"damage_healed":0,"gold_gain":0,"player_choice":"Forge","damage_taken":0,"max_hp_gain":0,"max_hp_loss":0,"event_name":"Accursed Blacksmith","floor":22,"gold_loss":0,"cards_upgraded":["Venomology"]}],"is_beta":false,"boss_relics":[{"not_picked":["Ectoplasm","Snecko Eye"],"picked":"Coffee Dripper"}],"items_purged_floors":[],"is_endless":false,"potions_floor_spawned":[1,11,14,21],"killed_by":"Chosen and Byrds","ascension_level":0}}