{"host":"5wznv0010959mrmz","time":1610286153,"event":{"mods":["BaseMod","Highlight Path","Minty Spire (QoL Compilation)","Relic Stats"],"gold_per_floor":[112,112,37,55,14,48,60,95,118,118,193,193,248,248,248,325,325,342,354,354,354,370,370,370,370],"floor_reached":24,"playtime":669,"items_purged":["Regret"],"score":454,"play_id":"bcc08915-637d-4d16-bbb2-517612b619f6","local_time":"20210110074233","is_ascension_mode":true,"campfire_choices":[{"data":"Underhanded Strike","floor":10,"key":"SMITH"},{"floor":12,"key":"REST"},{"floor":15,"key":"REST"},{"floor":23,"key":"REST"}],"circlet_count":0,"master_deck":["AscendersBane","Strike_G","Strike_G","Strike_G","Strike_G","Defend_G","Defend_G","Defend_G","Defend_G","Survivor","Neutralize","Underhanded Strike+1","Leg Sweep","Endless Agony","Tactician","Noxious Fumes","Dagger Throw","Predator","Malaise","Reflex","Well Laid Plans"],"relics":["Ring of the Snake","NeowsBlessing","Regal Pillow","MealTicket","Omamori","Happy Flower","StrikeDummy","The Courier","Empty Cage","Bag of Marbles","HornCleat"],"acts_visited":["Exordium","TheCity"],"potions_floor_usage":[8,8,8,8,18,19,22],"damage_taken":[{"damage":0,"enemies":"Cultist","floor":1,"turns":1},{"damage":0,"enemies":"Jaw Worm","floor":4,"turns":1},{"damage":0,"enemies":"Lagavulin","floor":6,"turns":1},{"damage":0,"enemies":"2 Louse","floor":7,"turns":2},{"damage":27,"enemies":"Gremlin Nob","floor":8,"turns":6},{"damage":48,"enemies":"Gremlin Nob","floor":13,"turns":6},{"damage":40,"enemies":"The Guardian","floor":16,"turns":12},{"damage":3,"enemies":"Shell Parasite","floor":18,"turns":6},{"damage":23,"enemies":"3 Byrds","floor":19,"turns":5},{"damage":19,"enemies":"Snake Plant","floor":22,"turns":4},{"damage":45,"enemies":"Gremlin Leader","floor":24,"turns":7}],"seed_played":"3584676998673055300","potions_obtained":[{"floor":1,"key":"EntropicBrew"},{"floor":6,"key":"Dexterity Potion"},{"floor":13,"key":"Explosive Potion"},{"floor":16,"key":"Ancient Potion"},{"floor":19,"key":"Strength Potion"}],"is_trial":false,"path_per_floor":["M","?","$","M","$","E","M","E","T","R","?","R","?","T","R","B",null,"M","M","?","T","M","R","E"],"character_chosen":"THE_SILENT","items_purchased":["Endless Agony"],"campfire_rested":3,"item_purchase_floors":[5],"current_hp_per_floor":[59,59,59,59,59,59,59,32,32,32,21,55,7,7,41,1,50,47,24,24,24,5,39,0,0],"gold":370,"neow_bonus":"THREE_ENEMY_KILL","is_daily":false,"chose_seed":false,"campfire_upgraded":1,"win_rate":0.0,"timestamp":1610286153,"path_taken":["M","?","$","M","$","E","M","E","T","R","?","R","?","?","R","BOSS","M","M","?","?","?","R","E"],"items_purchased_type":["Card"],"build_version":"2020-12-22","purchased_purges":1,"victory":false,"max_hp_per_floor":[66,66,66,66,66,66,66,66,66,66,66,66,66,66,66,66,66,66,66,66,66,66,66,66,66],"relic_stats":{"Regal Pillow":45,"Happy Flower":[13],"counters":[11,51],"MealTicket":0,"obtain_stats":[{"Regal Pillow":2,"HornCleat":21,"NeowsBlessing":0,"Happy Flower":9,"MealTicket":6,"The Courier":14,"Omamori":8,"Bag of Marbles":20,"StrikeDummy":13,"Empty Cage":17,"Ring of the Snake":0},{"Regal Pillow":1,"HornCleat":9,"NeowsBlessing":0,"Happy Flower":5,"MealTicket":3,"The Courier":6,"Omamori":5,"Bag of Marbles":9,"StrikeDummy":6,"Empty Cage":7,"Ring of the Snake":0},{"Regal Pillow":1,"HornCleat":40,"NeowsBlessing":0,"Happy Flower":11,"MealTicket":3,"The Courier":17,"Omamori":11,"Bag of Marbles":40,"StrikeDummy":17,"Empty Cage":29,"Ring of the Snake":0}],"Ring of the Snake":[23]},"card_choices":[{"not_picked":["Setup","Predator"],"picked":"Underhanded Strike","floor":1},{"not_picked":["Poisoned Stab","Outmaneuver"],"picked":"Leg Sweep","floor":4},{"not_picked":["Envenom","Slice"],"picked":"Tactician","floor":6},{"not_picked":["Quick Slash","Reflex"],"picked":"Noxious Fumes","floor":7},{"not_picked":["Accuracy","Tactician"],"picked":"Dagger Throw","floor":8},{"not_picked":["Backflip","Dodge and Roll"],"picked":"Predator","floor":13},{"not_picked":["Envenom","A Thousand Cuts"],"picked":"Malaise","floor":16},{"not_picked":["Deadly Poison+1","Dagger Throw"],"picked":"Reflex","floor":18},{"not_picked":["Riddle With Holes","Skewer","Cloak And Dagger+1"],"picked":"SKIP","floor":19},{"not_picked":["Finisher","Accuracy"],"picked":"Well Laid Plans","floor":22}],"player_experience":435003,"relics_obtained":[{"floor":6,"key":"MealTicket"},{"floor":8,"key":"Omamori"},{"floor":9,"key":"Happy Flower"},{"floor":13,"key":"StrikeDummy"},{"floor":14,"key":"The Courier"},{"floor":21,"key":"HornCleat"}],"event_choices":[{"damage_healed":0,"gold_gain":0,"player_choice":"Box","damage_taken":0,"relics_obtained":["Regal Pillow"],"max_hp_gain":0,"max_hp_loss":0,"event_name":"Big Fish","floor":2,"gold_loss":0,"cards_obtained":["Regret"]},{"damage_healed":0,"gold_gain":75,"player_choice":"Gather Gold","damage_taken":11,"max_hp_gain":0,"max_hp_loss":0,"event_name":"World of Goop","floor":11,"gold_loss":0},{"damage_healed":0,"gold_gain":0,"player_choice":"Searched \u00271\u0027 times","damage_taken":0,"max_hp_gain":0,"max_hp_loss":0,"event_name":"Dead Adventurer","floor":13,"gold_loss":0},{"damage_healed":0,"gold_gain":0,"player_choice":"Opened","damage_taken":0,"relics_obtained":["Bag of Marbles"],"max_hp_gain":0,"max_hp_loss":0,"event_name":"The Mausoleum","floor":20,"gold_loss":0,"cards_obtained":["Writhe"]}],"is_beta":false,"boss_relics":[{"not_picked":["WristBlade","SlaversCollar"],"picked":"Empty Cage"}],"items_purged_floors":[3],"is_endless":false,"potions_floor_spawned":[1,6,13,16,19],"killed_by":"Gremlin Leader","ascension_level":20}}