{"host":"dv3lni0xre0h79kd","time":1610249387,"event":{"mods":["Ascension Reborn","BaseMod","BetterRewards","Colored Map","Highlight Path","Minty Spire (QoL Compilation)","StSLib"],"gold_per_floor":[111,111,111,111,186,163,163,217,304,336,366,378,403,415,427,558,570,600,661,673,685,715,741,753,753],"floor_reached":24,"playtime":843,"items_purged":[],"score":184,"play_id":"c4c0b731-ee36-4597-a079-b2ee9554d617","local_time":"20210109222947","is_ascension_mode":true,"campfire_choices":[{"data":"Neutralize","floor":7,"key":"SMITH"},{"data":"Predator","floor":15,"key":"SMITH"}],"circlet_count":0,"master_deck":["Strike_G","Strike_G","Strike_G","Strike_G","Strike_G","Defend_G","Defend_G","Defend_G","Survivor","Neutralize+1","Flechettes+1","Deadly Poison","Quick Slash","Predator+1","A Thousand Cuts","Flechettes+1","Venomology+1","PiercingWail+1","Dagger Spray","Poisoned Stab","Bane"],"relics":["Velvet Choker","Blood Vial","MawBank","Pear","Golden Idol","Astrolabe","Boot"],"acts_visited":["Exordium","TheCity"],"potions_floor_usage":[16,22,23],"damage_taken":[{"damage":0,"enemies":"Jaw Worm","floor":1,"turns":4},{"damage":0,"enemies":"Cultist","floor":10,"turns":3},{"damage":0,"enemies":"Small Slimes","floor":11,"turns":2},{"damage":3,"enemies":"3 Louse","floor":13,"turns":3},{"damage":54,"enemies":"The Guardian","floor":16,"turns":9},{"damage":11,"enemies":"Chosen","floor":18,"turns":5},{"damage":35,"enemies":"2 Thieves","floor":22,"turns":4},{"damage":23,"enemies":"Shelled Parasite and Fungi","floor":23,"turns":5}],"seed_played":"7310971238998711721","potions_obtained":[{"floor":11,"key":"Fire Potion"},{"floor":22,"key":"Swift Potion"},{"floor":23,"key":"Explosive Potion"}],"is_trial":false,"path_per_floor":["M","?","$","?","?","$","R","T","T","M","M","?","M","$","R","B",null,"M","T","$","$","M","M","?"],"character_chosen":"THE_SILENT","items_purchased":["Deadly Poison"],"campfire_rested":0,"item_purchase_floors":[6],"current_hp_per_floor":[70,70,70,58,47,47,47,47,57,59,61,61,60,60,60,8,74,63,63,63,63,30,9,0,0],"gold":753,"neow_bonus":"BOSS_RELIC","is_daily":false,"chose_seed":false,"campfire_upgraded":2,"win_rate":0.0,"timestamp":1610249387,"path_taken":["M","?","?","?","?","?","R","?","T","?","M","?","M","?","R","BOSS","M","?","?","$","?","M","?"],"items_purchased_type":["Card"],"build_version":"2020-12-22","purchased_purges":0,"victory":false,"max_hp_per_floor":[70,70,70,70,70,70,70,70,80,80,80,74,74,74,74,74,74,74,74,74,74,74,74,74,74],"card_choices":[{"not_picked":["Acrobatics","Underhanded Strike"],"picked":"Flechettes","floor":1},{"not_picked":["Calculated Gamble","Outmaneuver"],"picked":"Quick Slash","floor":10},{"not_picked":["Slice","Underhanded Strike"],"picked":"Predator","floor":11},{"not_picked":["Infinite Blades","Calculated Gamble"],"picked":"Underhanded Strike","floor":13},{"not_picked":["Night Terror","Bullet Time"],"picked":"A Thousand Cuts","floor":16},{"not_picked":["Heel Hook","Blur+1"],"picked":"Dagger Spray","floor":18},{"not_picked":["Bane","Outmaneuver+1"],"picked":"Poisoned Stab","floor":22},{"not_picked":["Prepared+1","Eviscerate"],"picked":"Bane","floor":23}],"player_experience":44474,"relics_obtained":[{"floor":8,"key":"MawBank"},{"floor":9,"key":"Pear"},{"floor":19,"key":"Boot"}],"event_choices":[{"damage_healed":0,"gold_gain":0,"player_choice":"Forge","damage_taken":0,"max_hp_gain":0,"max_hp_loss":0,"event_name":"Accursed Blacksmith","floor":2,"gold_loss":0,"cards_upgraded":["Flechettes"]},{"damage_healed":0,"gold_gain":0,"player_choice":"Success","damage_taken":12,"relics_obtained":["Blood Vial"],"max_hp_gain":0,"max_hp_loss":0,"event_name":"Scrap Ooze","floor":4,"gold_loss":0},{"damage_healed":0,"gold_gain":75,"player_choice":"Gather Gold","damage_taken":11,"max_hp_gain":0,"max_hp_loss":0,"event_name":"World of Goop","floor":5,"gold_loss":0},{"damage_healed":0,"gold_gain":0,"player_choice":"Lose Max HP","damage_taken":0,"relics_obtained":["Golden Idol"],"max_hp_gain":0,"max_hp_loss":6,"event_name":"Golden Idol","floor":12,"gold_loss":0}],"is_beta":false,"boss_relics":[{"not_picked":["Cursed Key","Runic Dome"],"picked":"Astrolabe"}],"items_purged_floors":[],"is_endless":false,"potions_floor_spawned":[11,22,23],"ascension_level":0}}