{"host":"ek3xvuouaw6vk9if","time":1610314267,"event":{"mods":["BaseMod","BetterRewards","Minty Spire (QoL Compilation)","Permanent Neow","Quick Restart","Relic Stats","Replay The Spire","StSLib","The Bladedancer"],"gold_per_floor":[12,28,42,52,72,101,120,120,120,120,169,207,238,249,249,346,346,364,364,414,429,452,484,535,192,192,233,158,199,112,146,146,164,164],"floor_reached":33,"playtime":2196,"items_purged":["blademaster:Strike"],"score":331,"play_id":"03b4fd08-06f1-48dd-a702-39e27200be27","local_time":"20210110163107","is_ascension_mode":false,"campfire_choices":[{"data":"blademaster:SharpBlades","floor":8,"key":"SMITH"},{"data":"blademaster:Stability","floor":10,"key":"SMITH"},{"data":"blademaster:Sharpen","floor":15,"key":"SMITH"},{"floor":32,"key":"REST"}],"circlet_count":0,"master_deck":["blademaster:Strike","blademaster:Strike","blademaster:Defend","blademaster:Defend","blademaster:Defend","blademaster:RagingBlow","blademaster:HighVoltage","Master of Strategy","blademaster:Vortex","blademaster:Havoc","blademaster:DancingEdge","blademaster:Stability+1","blademaster:Safeguard","blademaster:Frontflip","blademaster:SharpBlades+1","blademaster:Rupture","blademaster:Discharge","blademaster:CombatPrep","blademaster:Sharpen+1","blademaster:ThreePointStrike","blademaster:TraverseCut+1","blademaster:SharpBlades","blademaster:Breeze","blademaster:Blindside","blademaster:LightningCrash","blademaster:AwakeningDefend+1","Finesse"],"relics":["blademaster:DancersAmulet","Tiny Chest","PreservedInsect","ReplayTheSpireMod:Ninjato","Smiling Mask","Empty Cage","MutagenicStrength","Oddly Smooth Stone","Replay:Bandana","Red Mask","CaptainsWheel","Centennial Puzzle"],"acts_visited":["Exordium","TheCity"],"potions_floor_usage":[12,16,24,33],"damage_taken":[{"damage":0,"enemies":"Jaw Worm","floor":1,"turns":2},{"damage":0,"enemies":"Small Slimes","floor":2,"turns":3},{"damage":0,"enemies":"Cultist","floor":3,"turns":2},{"damage":9,"enemies":"2 Fungi Beasts","floor":4,"turns":2},{"damage":5,"enemies":"Looter","floor":5,"turns":2},{"damage":18,"enemies":"Lagavulin","floor":6,"turns":5},{"damage":0,"enemies":"Blue Slaver","floor":7,"turns":4},{"damage":0,"enemies":"Lots of Slimes","floor":12,"turns":2},{"damage":0,"enemies":"Gremlin Nob","floor":13,"turns":2},{"damage":0,"enemies":"3 Louse","floor":14,"turns":3},{"damage":32,"enemies":"Fading Forest","floor":16,"turns":11},{"damage":3,"enemies":"Chosen","floor":18,"turns":4},{"damage":8,"enemies":"3 Byrds","floor":21,"turns":4},{"damage":0,"enemies":"Replay:Snechameleon","floor":23,"turns":5},{"damage":69,"enemies":"Masked Bandits","floor":24,"turns":6},{"damage":9,"enemies":"Snecko","floor":27,"turns":3},{"damage":0,"enemies":"Centurion and Healer","floor":29,"turns":4},{"damage":0,"enemies":"Shelled Parasite and Fungi","floor":31,"turns":4},{"damage":32,"enemies":"Collector","floor":33,"turns":6}],"seed_played":"6396711952575427380","potions_obtained":[{"floor":1,"key":"ColorlessPotion"},{"floor":2,"key":"Explosive Potion"},{"floor":6,"key":"FairyPotion"},{"floor":7,"key":"Dexterity Potion"},{"floor":21,"key":"BlessingOfTheForge"},{"floor":29,"key":"DuplicationPotion"}],"is_trial":false,"path_per_floor":["M","M","M","M","M","E","M","R","T","R","?","M","E","M","R","B",null,"M","?","?","M","T","E","?","$","T","M","$","M","$","M","R","B"],"character_chosen":"THE_BLADEMASTER","items_purchased":["CaptainsWheel","blademaster:LightningCrash","Finesse"],"campfire_rested":1,"item_purchase_floors":[25,28,30],"current_hp_per_floor":[75,75,75,66,61,43,43,43,43,43,43,43,43,43,43,11,75,72,72,72,64,64,64,18,18,18,9,9,9,9,9,31,0,0],"gold":164,"neow_bonus":"RANDOM_COLORLESS_2","is_daily":false,"chose_seed":false,"campfire_upgraded":3,"win_rate":0.0,"timestamp":1610314267,"path_taken":["M","M","M","M","M","E","M","R","T","R","?","M","E","M","R","BOSS","M","?","?","M","?","E","?","$","T","M","?","M","$","?","R","BOSS"],"items_purchased_type":["Relic","Card","Card"],"build_version":"2020-12-22","purchased_purges":1,"victory":false,"max_hp_per_floor":[75,75,75,75,75,75,75,75,75,75,75,75,75,75,75,75,75,75,75,75,75,75,75,75,75,75,75,75,75,75,75,75,75,75],"relic_stats":{"Centennial Puzzle":[6],"counters":[19,74],"Tiny Chest":1,"PreservedInsect":57,"Smiling Mask":25,"obtain_stats":[{"ReplayTheSpireMod:Ninjato":11,"blademaster:StrongPerk":13,"Oddly Smooth Stone":22,"PreservedInsect":9,"Smiling Mask":13,"Empty Cage":17,"Replay:Bandana":23,"CaptainsWheel":25,"Centennial Puzzle":26,"MutagenicStrength":19,"blademaster:BleedingMoreDamagePerk":23,"Tiny Chest":6,"blademaster:LightningChargePerk":6,"Red Mask":24,"blademaster:DancersAmulet":0},{"ReplayTheSpireMod:Ninjato":7,"blademaster:StrongPerk":9,"Oddly Smooth Stone":13,"PreservedInsect":7,"Smiling Mask":9,"Empty Cage":11,"Replay:Bandana":14,"CaptainsWheel":15,"Centennial Puzzle":15,"MutagenicStrength":12,"blademaster:BleedingMoreDamagePerk":14,"Tiny Chest":6,"blademaster:LightningChargePerk":6,"Red Mask":15,"blademaster:DancersAmulet":0},{"ReplayTheSpireMod:Ninjato":20,"blademaster:StrongPerk":24,"Oddly Smooth Stone":46,"PreservedInsect":20,"Smiling Mask":24,"Empty Cage":38,"Replay:Bandana":51,"CaptainsWheel":57,"Centennial Puzzle":57,"MutagenicStrength":42,"blademaster:BleedingMoreDamagePerk":51,"Tiny Chest":16,"blademaster:LightningChargePerk":16,"Red Mask":57,"blademaster:DancersAmulet":0}]},"card_choices":[{"not_picked":["Transmutation","The Bomb"],"picked":"Master of Strategy","floor":0},{"not_picked":["blademaster:BrainBloom","blademaster:AirSlash"],"picked":"blademaster:Vortex","floor":1},{"not_picked":["blademaster:AspectOfWind","blademaster:AwakeningDefend"],"picked":"blademaster:Havoc","floor":2},{"not_picked":["blademaster:Meditate","blademaster:LeechingStrike"],"picked":"blademaster:DancingEdge","floor":3},{"not_picked":["blademaster:DaggerAndCloak","blademaster:CullingStrike"],"picked":"blademaster:Stability","floor":4},{"not_picked":["blademaster:Overcharge","blademaster:Frontflip"],"picked":"blademaster:Safeguard","floor":5},{"not_picked":["blademaster:Momentum","blademaster:UnrelentingWind"],"picked":"blademaster:Frontflip","floor":6},{"not_picked":["blademaster:Quickness","blademaster:Overcharge"],"picked":"blademaster:SharpBlades","floor":7},{"not_picked":["blademaster:Blockade","blademaster:Sunder"],"picked":"blademaster:Rupture","floor":11},{"not_picked":["blademaster:Momentum","blademaster:ThunderSlash"],"picked":"blademaster:Discharge","floor":12},{"not_picked":["blademaster:Stability","blademaster:Momentum"],"picked":"blademaster:CombatPrep","floor":13},{"not_picked":["blademaster:ThunderSlash","blademaster:ChargingUp"],"picked":"blademaster:Sharpen","floor":14},{"not_picked":["blademaster:StanceMastery","blademaster:CloudOfSteel"],"picked":"blademaster:ThreePointStrike","floor":16},{"not_picked":["blademaster:Reversal","blademaster:Stormstrike"],"picked":"blademaster:TraverseCut+1","floor":18},{"not_picked":["blademaster:AwakeningDefend+1","blademaster:Momentum"],"picked":"blademaster:SharpBlades","floor":21},{"not_picked":["blademaster:Hailwind","blademaster:BladeMastery"],"picked":"blademaster:Breeze","floor":23},{"not_picked":["blademaster:CullingStrike","blademaster:AspectOfWind+1"],"picked":"blademaster:Blindside","floor":24},{"not_picked":["blademaster:BloodyBlow+1","blademaster:Stormstrike+1","blademaster:SlyStabs"],"picked":"SKIP","floor":27},{"not_picked":["blademaster:Overcharge","blademaster:CombatPrep"],"picked":"blademaster:AwakeningDefend+1","floor":29},{"not_picked":["blademaster:Slice","blademaster:DaggerAndCloak","blademaster:Sharpen"],"picked":"SKIP","floor":31}],"player_experience":515074,"relics_obtained":[{"floor":6,"key":"Tiny Chest"},{"floor":6,"key":"blademaster:LightningChargePerk"},{"floor":9,"key":"PreservedInsect"},{"floor":11,"key":"ReplayTheSpireMod:Ninjato"},{"floor":13,"key":"Smiling Mask"},{"floor":13,"key":"blademaster:StrongPerk"},{"floor":22,"key":"Oddly Smooth Stone"},{"floor":23,"key":"Replay:Bandana"},{"floor":23,"key":"blademaster:BleedingMoreDamagePerk"},{"floor":24,"key":"Red Mask"},{"floor":26,"key":"Centennial Puzzle"}],"event_choices":[{"damage_healed":0,"gold_gain":0,"player_choice":"Inject Mutagens","damage_taken":0,"relics_obtained":["MutagenicStrength"],"max_hp_gain":0,"max_hp_loss":0,"event_name":"Drug Dealer","floor":19,"gold_loss":0},{"damage_healed":0,"gold_gain":100,"player_choice":"Bet on Murderer","damage_taken":0,"max_hp_gain":0,"max_hp_loss":0,"event_name":"The Joust","floor":20,"gold_loss":50},{"damage_healed":0,"gold_gain":0,"player_choice":"Fought Bandits","damage_taken":0,"max_hp_gain":0,"max_hp_loss":0,"event_name":"Masked Bandits","floor":24,"gold_loss":0}],"is_beta":false,"boss_relics":[{"not_picked":["ChewingGum","Honey Jar"],"picked":"Empty Cage"}],"items_purged_floors":[25],"is_endless":false,"potions_floor_spawned":[1,2,6,7,21,29],"killed_by":"Collector","ascension_level":0}}