{"host":"t179ovrkr5k1gnfh","time":1610298076,"event":{"mods":["AchievementEnabler","BaseMod","Colored Map","Minty Spire (QoL Compilation)"],"gold_per_floor":[118,118,16,16,16,41,41,41,68,68,96,110,141,169,181,293,305,327,339,369,296,308,346,371,383,418,457,480,417,463,1,1,106,106,124,142,160,176,226,261,261,291,291,291,311,58,75,90,90,90,90,90,4,31,31],"floor_reached":56,"playtime":4719,"items_purged":["Defend_B","Strike_B"],"score":1384,"play_id":"2fa7eb9b-1213-4bab-923a-a2918dcedf2b","local_time":"20210110180116","is_ascension_mode":true,"campfire_choices":[{"data":"Dualcast","floor":7,"key":"SMITH"},{"data":"Doom and Gloom","floor":10,"key":"SMITH"},{"data":"Chaos","floor":15,"key":"SMITH"},{"data":"Defragment","floor":25,"key":"SMITH"},{"data":"Hologram","floor":32,"key":"SMITH"},{"floor":41,"key":"REST"},{"floor":49,"key":"RECALL"},{"data":"Amplify","floor":52,"key":"SMITH"}],"circlet_count":0,"master_deck":["Strike_B","Defend_B","Zap+1","Dualcast+1","Conserve Battery","Conserve Battery","Doom and Gloom+1","Capacitor","Coolheaded+1","Turbo+1","Chaos+1","Seek","Fusion","Hologram+1","Defragment+1","Capacitor","Heatsinks","Amplify+1","Streamline+1","Static Discharge+1","BootSequence","Compile Driver","Barrage+1","Static Discharge+1","Glacier","Capacitor"],"relics":["Cracked Core","NeowsBlessing","Du-Vu Doll","Turnip","NlothsMask","Bag of Preparation","MawBank","Runic Pyramid","Eternal Feather","HornCleat","MealTicket","Ancient Tea Set","War Paint","Mummified Hand","OrangePellets","Inserter","Lizard Tail","Centennial Puzzle","StoneCalendar","Gremlin Horn","Lantern","Boot"],"acts_visited":["Exordium","TheCity","TheBeyond","TheEnding"],"potions_floor_usage":[16,23,24,27,27,28,35,38,42,48,55,55],"damage_taken":[{"damage":0,"enemies":"Jaw Worm","floor":1,"turns":1},{"damage":0,"enemies":"Gremlin Nob","floor":6,"turns":1},{"damage":0,"enemies":"3 Sentries","floor":11,"turns":1},{"damage":1,"enemies":"Cultist","floor":12,"turns":4},{"damage":13,"enemies":"Lagavulin","floor":13,"turns":4},{"damage":5,"enemies":"2 Louse","floor":14,"turns":2},{"damage":10,"enemies":"Slime Boss","floor":16,"turns":9},{"damage":4,"enemies":"Shell Parasite","floor":18,"turns":6},{"damage":0,"enemies":"Spheric Guardian","floor":20,"turns":4},{"damage":20,"enemies":"Slavers","floor":23,"turns":6},{"damage":9,"enemies":"Shelled Parasite and Fungi","floor":24,"turns":4},{"damage":1,"enemies":"Gremlin Leader","floor":27,"turns":6},{"damage":0,"enemies":"Snecko","floor":28,"turns":6},{"damage":28,"enemies":"Book of Stabbing","floor":30,"turns":6},{"damage":20,"enemies":"Collector","floor":33,"turns":12},{"damage":8,"enemies":"3 Shapes","floor":35,"turns":2},{"damage":20,"enemies":"3 Darklings","floor":36,"turns":4},{"damage":0,"enemies":"Spire Growth","floor":37,"turns":4},{"damage":5,"enemies":"Jaw Worm Horde","floor":38,"turns":3},{"damage":0,"enemies":"Mind Bloom Boss Battle","floor":39,"turns":5},{"damage":10,"enemies":"Nemesis","floor":40,"turns":5},{"damage":16,"enemies":"Reptomancer","floor":42,"turns":5},{"damage":12,"enemies":"3 Darklings","floor":45,"turns":3},{"damage":0,"enemies":"Maw","floor":47,"turns":5},{"damage":0,"enemies":"Sphere and 2 Shapes","floor":48,"turns":4},{"damage":24,"enemies":"Awakened One","floor":50,"turns":7},{"damage":2,"enemies":"Shield and Spear","floor":54,"turns":4},{"damage":8,"enemies":"The Heart","floor":55,"turns":7}],"seed_played":"4785434973614040445","potions_obtained":[{"floor":6,"key":"SpeedPotion"},{"floor":12,"key":"Strength Potion"},{"floor":13,"key":"Energy Potion"},{"floor":20,"key":"Ancient Potion"},{"floor":23,"key":"Block Potion"},{"floor":24,"key":"Energy Potion"},{"floor":33,"key":"AttackPotion"},{"floor":36,"key":"ColorlessPotion"},{"floor":37,"key":"Swift Potion"},{"floor":42,"key":"FearPotion"},{"floor":45,"key":"Fire Potion"}],"is_trial":false,"path_per_floor":["M","?","$","?","?","E","R","?","T","R","E","M","E","M","R","B",null,"M","?","M","?","?","E","M","R","T","E","M","?","E","$","R","B",null,"M","M","M","M","?","E","R","E","T","?","M","$","M","M","R","B",null,"R","$","E","B",null],"character_chosen":"DEFECT","items_purchased":["Conserve Battery","Mummified Hand","OrangePellets","Heatsinks","Lantern","FocusPotion","Capacitor"],"campfire_rested":1,"item_purchase_floors":[3,31,31,31,46,53,53],"current_hp_per_floor":[75,75,75,72,77,77,77,77,77,77,77,76,63,58,58,48,80,76,76,76,76,76,56,47,56,56,55,55,55,27,42,51,31,80,72,52,52,47,47,37,76,60,60,60,48,63,63,63,78,54,80,80,80,78,70],"gold":31,"neow_bonus":"THREE_ENEMY_KILL","is_daily":false,"chose_seed":false,"campfire_upgraded":6,"win_rate":0.0,"timestamp":1610298076,"path_taken":["M","?","?","?","?","E","R","?","T","R","E","M","E","?","R","BOSS","M","?","M","?","?","E","M","R","T","E","M","?","E","$","R","BOSS","M","M","M","M","?","E","R","E","T","?","M","$","M","M","R","BOSS","R","$","E","BOSS"],"items_purchased_type":["Card","Relic","Relic","Card","Relic","Potion","Card"],"build_version":"2020-12-22","purchased_purges":2,"victory":true,"max_hp_per_floor":[75,75,75,75,80,80,80,80,80,80,80,80,80,80,80,80,80,80,80,80,80,80,80,80,80,80,80,80,80,80,80,80,80,80,80,80,80,80,80,80,80,80,80,80,80,80,80,80,80,80,80,80,80,80,80],"card_choices":[{"not_picked":["Auto Shields","Hologram"],"picked":"Conserve Battery","floor":1},{"not_picked":["Go for the Eyes","Steam"],"picked":"Doom and Gloom","floor":6},{"not_picked":["Stack","Streamline"],"picked":"Capacitor","floor":11},{"not_picked":["Scrape","Hello World"],"picked":"Coolheaded","floor":12},{"not_picked":["Stack","Coolheaded"],"picked":"Turbo","floor":13},{"not_picked":["Capacitor","Leap"],"picked":"Chaos","floor":14},{"not_picked":["Rainbow","Multi-Cast"],"picked":"Seek","floor":16},{"not_picked":["Conserve Battery","Beam Cell","Turbo"],"picked":"SKIP","floor":18},{"not_picked":["Redo+1","White Noise"],"picked":"Defragment","floor":20},{"not_picked":["Genetic Algorithm","Hologram","Turbo+1"],"picked":"SKIP","floor":23},{"not_picked":["Static Discharge+1","Chill","Self Repair"],"picked":"SKIP","floor":24},{"not_picked":["Barrage","Storm"],"picked":"Capacitor","floor":27},{"not_picked":["Beam Cell+1","Buffer","Sweeping Beam"],"picked":"SKIP","floor":28},{"not_picked":["Beam Cell","Hologram","Steam+1"],"picked":"SKIP","floor":30},{"not_picked":["Thunder Strike","Meteor Strike"],"picked":"Amplify","floor":33},{"not_picked":["Coolheaded","Self Repair"],"picked":"Streamline+1","floor":35},{"not_picked":["Coolheaded","Sunder+1"],"picked":"Static Discharge+1","floor":36},{"not_picked":["Go for the Eyes+1","Static Discharge"],"picked":"BootSequence","floor":37},{"not_picked":["Static Discharge+1","Sunder"],"picked":"Compile Driver","floor":38},{"not_picked":["Stack+1","Hologram"],"picked":"Barrage+1","floor":40},{"not_picked":["Go for the Eyes+1","Tempest+1"],"picked":"Static Discharge+1","floor":42},{"not_picked":["Static Discharge+1","Sweeping Beam+1"],"picked":"Glacier","floor":45},{"not_picked":["Rebound","Coolheaded","Beam Cell"],"picked":"SKIP","floor":47},{"not_picked":["Doom and Gloom+1","Gash","Compile Driver+1"],"picked":"SKIP","floor":48},{"not_picked":["Doom and Gloom+1","Aggregate","Sunder"],"picked":"SKIP","floor":54}],"player_experience":78987,"relics_obtained":[{"floor":6,"key":"Turnip"},{"floor":11,"key":"Bag of Preparation"},{"floor":13,"key":"MawBank"},{"floor":23,"key":"MealTicket"},{"floor":27,"key":"Ancient Tea Set"},{"floor":30,"key":"War Paint"},{"floor":39,"key":"Lizard Tail"},{"floor":40,"key":"Centennial Puzzle"},{"floor":42,"key":"StoneCalendar"},{"floor":43,"key":"Gremlin Horn"},{"floor":54,"key":"Boot"}],"event_choices":[{"damage_healed":0,"gold_gain":0,"player_choice":"Upgraded","damage_taken":0,"max_hp_gain":0,"max_hp_loss":0,"event_name":"Upgrade Shrine","floor":2,"gold_loss":0,"cards_upgraded":["Zap"]},{"damage_healed":0,"gold_gain":0,"player_choice":"Success","damage_taken":3,"relics_obtained":["Du-Vu Doll"],"max_hp_gain":0,"max_hp_loss":0,"event_name":"Scrap Ooze","floor":4,"gold_loss":0},{"damage_healed":0,"gold_gain":0,"player_choice":"Donut","damage_taken":0,"max_hp_gain":5,"max_hp_loss":0,"event_name":"Big Fish","floor":5,"gold_loss":0},{"damage_healed":0,"gold_gain":0,"player_choice":"Trade","damage_taken":0,"relics_obtained":["NlothsMask"],"max_hp_gain":0,"max_hp_loss":0,"event_name":"FaceTrader","floor":8,"gold_loss":0},{"damage_healed":0,"gold_gain":0,"cards_transformed":["Defend_B","Strike_B"],"player_choice":"Became Test Subject","damage_taken":0,"max_hp_gain":0,"max_hp_loss":0,"event_name":"Drug Dealer","floor":19,"gold_loss":0,"cards_obtained":["Fusion","Hologram"]},{"damage_healed":0,"gold_gain":0,"player_choice":"Obtained Relic","damage_taken":0,"relics_obtained":["Eternal Feather"],"max_hp_gain":0,"max_hp_loss":0,"event_name":"Addict","floor":21,"gold_loss":85},{"damage_healed":0,"gold_gain":0,"player_choice":"Opened","damage_taken":0,"relics_obtained":["HornCleat"],"max_hp_gain":0,"max_hp_loss":0,"event_name":"The Mausoleum","floor":22,"gold_loss":0},{"cards_removed":["Defend_B"],"damage_healed":0,"gold_gain":0,"player_choice":"Gave Gold","damage_taken":0,"max_hp_gain":0,"max_hp_loss":0,"event_name":"Beggar","floor":29,"gold_loss":75},{"damage_healed":0,"gold_gain":0,"player_choice":"Fight","damage_taken":0,"max_hp_gain":0,"max_hp_loss":0,"event_name":"MindBloom","floor":39,"gold_loss":0},{"cards_removed":["Strike_B"],"damage_healed":0,"gold_gain":0,"player_choice":"Removed Attack","damage_taken":0,"max_hp_gain":0,"max_hp_loss":0,"event_name":"Falling","floor":44,"gold_loss":0}],"is_beta":false,"boss_relics":[{"not_picked":["FrozenCore","Fusion Hammer"],"picked":"Runic Pyramid"},{"not_picked":["Tiny House","Cursed Key"],"picked":"Inserter"}],"items_purged_floors":[3,46],"is_endless":false,"potions_floor_spawned":[6,12,13,20,23,24,33,36,37,42,45],"ascension_level":2}}