{"host":"Connor","time":1610237550,"event":{"mods":["Aspiration","BaseMod","Downfall","Hubris","Marisa????????","Minty Spire (QoL Compilation)","Replay The Spire","StSLib","The Cursed","The Jungle","The Servant 0.9.4"],"gold_per_floor":[119,119,138,162,162,193,193,207,207,207,238,44,68,8,8,113,140,169,36,36,68,77,107,149,149,149,149,193,193,193,193],"floor_reached":30,"playtime":1123,"items_purged":["Strike_R"],"score":508,"play_id":"2479751b-7711-43c4-80fe-9f5665ce031c","local_time":"20210109161230","is_ascension_mode":true,"campfire_choices":[{"floor":7,"key":"RECALL"},{"data":"Rage","floor":10,"key":"SMITH"},{"floor":15,"key":"DIG"},{"data":"Apotheosis","floor":25,"key":"SMITH"},{"data":"Feed","floor":27,"key":"SMITH"}],"circlet_count":0,"master_deck":["AscendersBane","Strike_R","Strike_R","Defend_R","Defend_R","Defend_R","Bash","Twin Strike","Rage+1","Seeing Red","Feel No Pain","Feed+1","expansioncontent:DefensiveStance","Run Through","Corruption","Eclipse+1","Juggernaut+1","Flex+1","Evolve","Apotheosis+1","Burning Pact","Eclipse+1","Iron Wave","Havoc","Limit Break"],"relics":["Burning Blood","Golden Idol","Pet Ghost","The Courier","Ornamental Fan","CeramicFish","aspiration:FetidBarrel","Astrolabe","Replay:Ringing Soul","Blue Doll","hubris:MedicalManual","Another Sword","hubris:EvacipatedBox","Replay:Baseball"],"acts_visited":["Exordium","TheCity"],"potions_floor_usage":[6,11,11,24],"damage_taken":[{"damage":4,"enemies":"Jaw Worm","floor":1,"turns":4},{"damage":14,"enemies":"Small Slimes","floor":3,"turns":5},{"damage":6,"enemies":"Cultist","floor":4,"turns":3},{"damage":6,"enemies":"Replay:BlueRogue","floor":6,"turns":4},{"damage":13,"enemies":"Large Slime","floor":8,"turns":7},{"damage":30,"enemies":"Lagavulin","floor":11,"turns":8},{"damage":3,"enemies":"Exordium Thugs","floor":13,"turns":7},{"damage":9,"enemies":"Fading Forest","floor":16,"turns":11},{"damage":0,"enemies":"Spheric Guardian","floor":18,"turns":3},{"damage":22,"enemies":"Shell Parasite","floor":21,"turns":5},{"damage":26,"enemies":"Cultist and Chosen","floor":23,"turns":5},{"damage":5,"enemies":"Gremlin Leader","floor":24,"turns":6},{"damage":24,"enemies":"Book of Stabbing","floor":28,"turns":4},{"damage":15,"enemies":"Chosen and Byrds","floor":30,"turns":4}],"seed_played":"-7530695714844193298","potions_obtained":[{"floor":3,"key":"SkillPotion"},{"floor":4,"key":"Languid Potion"},{"floor":8,"key":"sneckomod:MuddlingPotion"},{"floor":16,"key":"SpeedPotion"},{"floor":28,"key":"FearPotion"}],"is_trial":false,"path_per_floor":["M","?","M","M","?","E","R","M","T","R","E","$","M","$","R","B",null,"M","$","T","M","?","M","E","R","T","R","E","$","M"],"character_chosen":"IRONCLAD","items_purchased":["expansioncontent:DefensiveStance","CeramicFish","Apotheosis","hubris:EvacipatedBox","Replay:Baseball"],"campfire_rested":0,"item_purchase_floors":[12,12,19,29,29],"current_hp_per_floor":[77,49,41,41,41,41,41,34,34,34,10,10,16,16,16,21,69,75,75,75,62,65,48,52,52,52,52,37,8,0,0],"gold":193,"neow_bonus":"TEN_PERCENT_HP_BONUS","is_daily":false,"chose_seed":false,"campfire_upgraded":3,"win_rate":0.0,"timestamp":1610237550,"path_taken":["M","?","M","M","?","E","R","M","T","R","E","$","M","$","R","BOSS","M","?","?","?","?","M","E","R","T","R","E","?","M"],"items_purchased_type":["Card","Relic","Card","Relic","Relic"],"build_version":"2020-12-18","purchased_purges":1,"victory":false,"max_hp_per_floor":[82,82,82,82,82,82,82,82,82,82,82,82,85,85,85,85,85,85,85,85,88,91,94,97,97,97,97,100,100,100,100],"card_choices":[{"not_picked":["Anger","Abandon","hubris:CleavingFinish"],"picked":"SKIP","floor":1},{"not_picked":["Rupture","Perfected Strike"],"picked":"Twin Strike","floor":3},{"not_picked":["hubris:ReadiedAction","Clash"],"picked":"Rage","floor":4},{"not_picked":["Havoc","ReplayTheSpireMod:LeadingStrike"],"picked":"Seeing Red","floor":6},{"not_picked":["Clash","Searing Blow"],"picked":"Feel No Pain","floor":8},{"not_picked":["Havoc","Anger"],"picked":"Feed","floor":11},{"not_picked":["Headbutt","Clothesline"],"picked":"Run Through","floor":13},{"not_picked":["Brutality","Fiend Fire"],"picked":"Corruption","floor":16},{"not_picked":["Clothesline","Cleave"],"picked":"Evolve","floor":18},{"not_picked":["Reckless Charge","Wild Strike"],"picked":"Burning Pact","floor":21},{"not_picked":["Pommel Strike","Cleave"],"picked":"Iron Wave","floor":23},{"not_picked":["Perfected Strike","Pommel Strike"],"picked":"Havoc","floor":24},{"not_picked":["Burning Pact","hubris:ReadiedAction"],"picked":"Limit Break","floor":28}],"player_experience":575711,"relics_obtained":[{"floor":5,"key":"Pet Ghost"},{"floor":6,"key":"The Courier"},{"floor":11,"key":"Ornamental Fan"},{"floor":15,"key":"aspiration:FetidBarrel"},{"floor":20,"key":"Replay:Ringing Soul"},{"floor":24,"key":"Blue Doll"},{"floor":26,"key":"hubris:MedicalManual"},{"floor":28,"key":"Another Sword"}],"event_choices":[{"damage_healed":0,"gold_gain":0,"player_choice":"Take Damage","damage_taken":28,"relics_obtained":["Golden Idol"],"max_hp_gain":0,"max_hp_loss":0,"event_name":"Golden Idol","floor":2,"gold_loss":0},{"damage_healed":0,"gold_gain":0,"player_choice":"Relic","damage_taken":0,"max_hp_gain":0,"max_hp_loss":0,"event_name":"Wheel of Change","floor":5,"gold_loss":0},{"damage_healed":0,"gold_gain":0,"player_choice":"Copied","damage_taken":0,"max_hp_gain":0,"max_hp_loss":0,"event_name":"Duplicator","floor":22,"gold_loss":0,"cards_obtained":["Eclipse"]}],"is_beta":true,"boss_relics":[{"not_picked":["hubris:HollowSoul","Replay:Drink Me"],"picked":"Astrolabe"}],"items_purged_floors":[14],"is_endless":false,"potions_floor_spawned":[3,4,8,16,28],"killed_by":"Chosen and Byrds","ascension_level":15}}