{"host":"7l2t4psy44vpcd9q","time":1610291583,"event":{"mods":["AchievementEnabler","BaseMod","DeckTracker","Minty Spire (QoL Compilation)","SuperFastMode"],"gold_per_floor":[114,74,92,92,105,105,124,124,124,135,161,171,232,249,249,325,325,335,335,309,5,25,25,42,73,145,160,160,174,174,193,193,266,266,284,299,0,0,10,10,44,44,67,67,78,88,88,103,103,103,103],"floor_reached":52,"playtime":3049,"items_purged":["Strike_B"],"score":1745,"play_id":"645720e0-e778-43cc-96a7-d928ea909681","local_time":"20210111001303","is_ascension_mode":true,"campfire_choices":[{"data":"Sunder","floor":6.0,"key":"SMITH"},{"data":"Beam Cell","floor":8.0,"key":"SMITH"},{"floor":15.0,"key":"REST"},{"data":"Reboot","floor":23.0,"key":"SMITH"},{"floor":28.0,"key":"REST"},{"data":"Go for the Eyes","floor":32.0,"key":"SMITH"},{"data":"Strike_B","floor":40.0,"key":"PURGE"},{"data":"Steam Power","floor":42.0,"key":"SMITH"},{"data":"Writhe","floor":44.0,"key":"PURGE"},{"floor":49.0,"key":"REST"}],"circlet_count":0,"master_deck":["AscendersBane","Strike_B","Strike_B","Defend_B","Defend_B","Defend_B","Defend_B","Zap","Dualcast","Cold Snap","Melter","Sunder+1","Beam Cell+1","Rebound","Reboot+1","Genetic Algorithm+1","Go for the Eyes+1","Ball Lightning","Buffer+1","Capacitor+1","Steam Power+1","Electrodynamics+1","Aggregate","Hologram+1","Force Field+1","Echo Form+1","Double Energy","Trip","Capacitor+1","Glacier+1","Parasite","Consume+1"],"relics":["Cracked Core","The Courier","Frozen Egg 2","Peace Pipe","Meat on the Bone","SlaversCollar","Bag of Preparation","Incense Burner","Shuriken","Cursed Key","Red Mask","Mercury Hourglass","Bag of Marbles"],"acts_visited":["Exordium","TheCity","TheBeyond"],"potions_floor_usage":[51],"damage_taken":[{"damage":6.0,"enemies":"2 Louse","floor":1.0,"turns":2.0},{"damage":0.0,"enemies":"Cultist","floor":3.0,"turns":3.0},{"damage":13.0,"enemies":"Small Slimes","floor":5.0,"turns":2.0},{"damage":6.0,"enemies":"Red Slaver","floor":7.0,"turns":3.0},{"damage":5.0,"enemies":"2 Fungi Beasts","floor":10.0,"turns":3.0},{"damage":8.0,"enemies":"3 Sentries","floor":11.0,"turns":5.0},{"damage":0.0,"enemies":"Large Slime","floor":12.0,"turns":4.0},{"damage":17.0,"enemies":"3 Sentries","floor":13.0,"turns":6.0},{"damage":8.0,"enemies":"3 Louse","floor":14.0,"turns":2.0},{"damage":35.0,"enemies":"The Guardian","floor":16.0,"turns":13.0},{"damage":19.0,"enemies":"Chosen","floor":18.0,"turns":5.0},{"damage":17.0,"enemies":"2 Thieves","floor":20.0,"turns":4.0},{"damage":9.0,"enemies":"Snecko","floor":22.0,"turns":6.0},{"damage":0.0,"enemies":"Centurion and Healer","floor":24.0,"turns":7.0},{"damage":31.0,"enemies":"Book of Stabbing","floor":25.0,"turns":4.0},{"damage":11.0,"enemies":"Sentry and Sphere","floor":27.0,"turns":4.0},{"damage":0.0,"enemies":"Snake Plant","floor":29.0,"turns":3.0},{"damage":11.0,"enemies":"3 Cultists","floor":31.0,"turns":6.0},{"damage":30.0,"enemies":"Automaton","floor":33.0,"turns":10.0},{"damage":1.0,"enemies":"3 Shapes","floor":35.0,"turns":5.0},{"damage":0.0,"enemies":"Orb Walker","floor":36.0,"turns":4.0},{"damage":27.0,"enemies":"Spire Growth","floor":39.0,"turns":5.0},{"damage":29.0,"enemies":"Giant Head","floor":41.0,"turns":8.0},{"damage":36.0,"enemies":"3 Darklings","floor":45.0,"turns":4.0},{"damage":19.0,"enemies":"Transient","floor":46.0,"turns":6.0},{"damage":0.0,"enemies":"Writhing Mass","floor":48.0,"turns":6.0},{"damage":21,"enemies":"Donu and Deca","floor":50,"turns":10},{"damage":36,"enemies":"Awakened One","floor":51,"turns":16}],"seed_played":"6076313581940236955","potions_obtained":[{"floor":1.0,"key":"SmokeBomb"},{"floor":10.0,"key":"CultistPotion"},{"floor":11.0,"key":"Energy Potion"},{"floor":12.0,"key":"Energy Potion"},{"floor":13.0,"key":"Energy Potion"},{"floor":14.0,"key":"Swift Potion"},{"floor":20.0,"key":"FairyPotion"},{"floor":31.0,"key":"Regen Potion"},{"floor":36.0,"key":"SteroidPotion"},{"floor":41.0,"key":"LiquidBronze"},{"floor":45.0,"key":"SteroidPotion"},{"floor":46.0,"key":"Ancient Potion"}],"is_trial":false,"path_per_floor":["M","?","M","?","M","R","M","R","T","M","E","M","?","M","R","B",null,"M","?","M","$","M","R","M","E","T","M","R","M","?","M","R","B",null,"M","M","?","?","M","R","E","R","T","R","M","M","?","M","R","B","B",null],"character_chosen":"DEFECT","items_purchased":["Bag of Preparation","Steam Power","SpeedPotion"],"campfire_rested":3,"item_purchase_floors":[21,21,21],"current_hp_per_floor":[65,65,65,65,52,52,46,46,46,41,33,33,16,20,43,20,64,45,45,40,40,43,43,43,24,24,25,48,48,48,49,49,46,70,69,69,69,64,49,49,32,32,32,32,33,26,26,38,61,40,16],"gold":103,"neow_bonus":"TEN_PERCENT_HP_BONUS","is_daily":false,"chose_seed":false,"campfire_upgraded":5,"win_rate":0.0,"timestamp":1610291583,"path_taken":["M","?","M","?","M","R","?","R","T","M","E","M","?","M","R","BOSS","M","?","M","$","M","R","M","E","T","M","R","M","?","?","R","BOSS","M","M","?","?","M","R","E","R","T","R","M","M","?","M","R","BOSS","BOSS"],"items_purchased_type":["Relic","Card","Potion"],"build_version":"2020-12-22","purchased_purges":1,"victory":true,"max_hp_per_floor":[78,78,78,78,78,78,78,78,78,78,78,78,78,78,78,78,78,78,78,78,78,78,78,78,78,78,78,78,78,78,78,78,78,78,78,78,78,78,78,78,78,78,78,78,78,78,78,78,78,78,78],"card_choices":[{"not_picked":["BootSequence","Compile Driver"],"picked":"Cold Snap","floor":1.0},{"not_picked":["Stack","Leap"],"picked":"Melter","floor":3.0},{"not_picked":["Genetic Algorithm","BootSequence"],"picked":"Sunder","floor":5.0},{"not_picked":["Scrape","Double Energy"],"picked":"Beam Cell","floor":7.0},{"not_picked":["Coolheaded","Steam Power"],"picked":"Rebound","floor":10.0},{"not_picked":["Sweeping Beam","Stack"],"picked":"Reboot","floor":11.0},{"not_picked":["Turbo","Redo"],"picked":"Genetic Algorithm","floor":12.0},{"not_picked":["Turbo","Stack"],"picked":"Go for the Eyes","floor":13.0},{"not_picked":["Cold Snap","Redo"],"picked":"Ball Lightning","floor":14.0},{"not_picked":["Meteor Strike","Multi-Cast"],"picked":"Buffer+1","floor":16.0},{"not_picked":["Sweeping Beam","Redo+1","Barrage"],"picked":"SKIP","floor":18.0},{"not_picked":["Hologram","Coolheaded+1"],"picked":"Capacitor+1","floor":20.0},{"not_picked":["Scrape+1","Self Repair+1"],"picked":"Electrodynamics+1","floor":22.0},{"not_picked":["Chaos","Sweeping Beam"],"picked":"Aggregate","floor":24.0},{"not_picked":["Tempest","Barrage"],"picked":"Hologram+1","floor":25.0},{"not_picked":["Hologram","Turbo"],"picked":"Force Field+1","floor":27.0},{"not_picked":["Rebound","Steam","Aggregate+1"],"picked":"SKIP","floor":29.0},{"not_picked":["Glacier","Streamline","Darkness"],"picked":"SKIP","floor":31.0},{"not_picked":["Fission","Multi-Cast"],"picked":"Echo Form+1","floor":33.0},{"not_picked":["Gash","Cold Snap"],"picked":"Double Energy","floor":35.0},{"not_picked":["Gash","BootSequence","Steam+1"],"picked":"SKIP","floor":36.0},{"not_picked":["Forethought","Dramatic Entrance"],"picked":"Trip","floor":38.0},{"not_picked":["Compile Driver","Tempest"],"picked":"Capacitor+1","floor":39.0},{"not_picked":["Machine Learning+1","Capacitor+1","Core Surge"],"picked":"SKIP","floor":41.0},{"not_picked":["Consume","Rip and Tear"],"picked":"Glacier+1","floor":45.0},{"not_picked":["Fusion","Streamline","Go for the Eyes"],"picked":"SKIP","floor":46.0},{"not_picked":["Lockon","Ball Lightning"],"picked":"Consume+1","floor":48.0}],"player_experience":1177172,"relics_obtained":[{"floor":9.0,"key":"Frozen Egg 2"},{"floor":11.0,"key":"Peace Pipe"},{"floor":13.0,"key":"Meat on the Bone"},{"floor":25.0,"key":"Incense Burner"},{"floor":26.0,"key":"Shuriken"},{"floor":41.0,"key":"Mercury Hourglass"},{"floor":43.0,"key":"Bag of Marbles"}],"event_choices":[{"damage_healed":0.0,"max_hp_gain":0.0,"max_hp_loss":0.0,"gold_gain":0.0,"event_name":"World of Goop","player_choice":"Left Gold","floor":2.0,"gold_loss":40.0,"damage_taken":0.0},{"damage_healed":0.0,"max_hp_gain":0.0,"max_hp_loss":0.0,"gold_gain":0.0,"event_name":"WeMeetAgain","player_choice":"Gave Potion","floor":4.0,"gold_loss":0.0,"damage_taken":0.0,"relics_obtained":["The Courier"]},{"damage_healed":0.0,"max_hp_gain":0.0,"max_hp_loss":0.0,"gold_gain":0.0,"event_name":"Dead Adventurer","player_choice":"Searched \u00271\u0027 times","floor":13.0,"gold_loss":0.0,"damage_taken":0.0},{"damage_healed":0.0,"max_hp_gain":0.0,"max_hp_loss":0.0,"gold_gain":0.0,"event_name":"The Mausoleum","player_choice":"Ignored","floor":19.0,"gold_loss":0.0,"damage_taken":0.0},{"damage_healed":0.0,"max_hp_gain":0.0,"max_hp_loss":0.0,"gold_gain":0.0,"event_name":"Upgrade Shrine","player_choice":"Upgraded","floor":30.0,"gold_loss":0.0,"damage_taken":0.0,"cards_upgraded":["Genetic Algorithm"]},{"damage_healed":0.0,"max_hp_gain":0.0,"max_hp_loss":0.0,"gold_gain":0.0,"event_name":"Tomb of Lord Red Mask","player_choice":"Paid","floor":37.0,"gold_loss":299.0,"damage_taken":0.0,"relics_obtained":["Red Mask"]},{"damage_healed":0.0,"max_hp_gain":0.0,"max_hp_loss":0.0,"gold_gain":0.0,"event_name":"SensoryStone","player_choice":"Memory 2","floor":38.0,"gold_loss":0.0,"damage_taken":5.0},{"damage_healed":0.0,"max_hp_gain":0.0,"max_hp_loss":0.0,"gold_gain":0.0,"event_name":"Mysterious Sphere","player_choice":"Ignored","floor":47.0,"gold_loss":0.0,"damage_taken":0.0}],"is_beta":false,"boss_relics":[{"not_picked":["SacredBark","Sozu"],"picked":"SlaversCollar"},{"not_picked":["Busted Crown","FrozenCore"],"picked":"Cursed Key"}],"items_purged_floors":[21],"is_endless":false,"potions_floor_spawned":[1,10,11,12,13,14,20,22,29,31,36,41,45,46],"ascension_level":20}}