{"host":"Ceyx","time":1610289193,"event":{"mods":["BaseMod","Beaked The Cultist","Better Third Choice","BetterRewards","Conspire","Downfall","Hermit","Hubris","Infinite Spire","Jorbs\u0027s Wanderer Trilogy","Lobotomy","Minty Spire (QoL Compilation)","Permanent Neow","Replay The Spire","Shop Mod","StSLib","The Alterego","The Jungle","The Poker Player"],"gold_per_floor":[13,33,49,69,69,96,96,96,96,131,156,156,169,169,183,209,209,308,308,319,319,319,319,335,335],"floor_reached":24,"playtime":1565,"items_purged":[],"score":304,"play_id":"93b38b14-2cfe-4718-81a0-9796e704da8f","local_time":"20210110213313","is_ascension_mode":true,"campfire_choices":[{"data":"alterego_mod:Venus","floor":7,"key":"SMITH"},{"floor":17,"key":"REST"}],"circlet_count":0,"master_deck":["alterego_mod:Strike","alterego_mod:Strike","alterego_mod:Strike","alterego_mod:Strike","alterego_mod:Defend","alterego_mod:Defend","alterego_mod:Defend","alterego_mod:Defend+1","alterego_mod:Impale","alterego_mod:BigMeatyClaws","alterego_mod:BrynhildrsRune","alterego_mod:Venus+1","alterego_mod:DiscoLights+1","alterego_mod:ChallengeComplete","alterego_mod:MaintainEyeContact","alterego_mod:Rake+1","alterego_mod:Bunnysuit","alterego_mod:ChallengeComplete","alterego_mod:Nekomimi","alterego_mod:BrynhildrRomantia+1","alterego_mod:Pet+1"],"relics":["alterego_mod:MasochisticConstitution","hubris:Icosahedron","Golden Egg","infinitespire:Satchel","Nunchaku","hubris:Towel","Gremlin Food","Replay:Fungal Core"],"acts_visited":["Exordium","TheCity"],"potions_floor_usage":[6,16,20,24],"damage_taken":[{"damage":6,"enemies":"2 Louse","floor":1,"turns":4},{"damage":3,"enemies":"Jaw Worm","floor":2,"turns":3},{"damage":0,"enemies":"Cultist","floor":3,"turns":3},{"damage":6,"enemies":"conspire:2 RoseBushes","floor":4,"turns":10},{"damage":21,"enemies":"Lagavulin","floor":6,"turns":7},{"damage":21,"enemies":"Gremlin Nob","floor":10,"turns":5},{"damage":10,"enemies":"Looter","floor":13,"turns":2},{"damage":1,"enemies":"2 Fungi Beasts","floor":15,"turns":5},{"damage":11,"enemies":"Lagavulin","floor":16,"turns":6},{"damage":0,"enemies":"The Guardian","floor":18,"turns":10},{"damage":7,"enemies":"Spheric Guardian","floor":20,"turns":4},{"damage":10,"enemies":"3 Byrds","floor":24,"turns":3}],"seed_played":"86474622115858017","potions_obtained":[{"floor":2,"key":"LifebloodPotion"},{"floor":3,"key":"LiquidBronze"},{"floor":4,"key":"Fire Potion"},{"floor":12,"key":"infinitespire:BlackPotion"},{"floor":12,"key":"ColorlessPotion"},{"floor":15,"key":"DuplicationPotion"},{"floor":18,"key":"PowerPotion"},{"floor":24,"key":"Explosive Potion"}],"is_trial":false,"path_per_floor":["M","M","M","M","?","E","R","PTL","PTL","E","T","?","M","?","M","E","R","B",null,"M","?","?","?","M"],"character_chosen":"The_Alterego","items_purchased":[],"campfire_rested":1,"item_purchase_floors":[],"current_hp_per_floor":[71,69,69,71,71,51,51,51,51,31,31,31,22,22,22,19,42,42,78,83,67,67,67,58,58],"gold":335,"neow_bonus":"THREE_RARE_CARDS","is_daily":false,"chose_seed":false,"campfire_upgraded":1,"win_rate":0.0,"timestamp":1610289193,"path_taken":["M","M","M","M","?","E","R","PTL","PTL","E","T","?","?","?","M","E","R","BOSS","M","?","?","?","M"],"items_purchased_type":[],"build_version":"2020-12-18","purchased_purges":0,"victory":false,"max_hp_per_floor":[71,72,72,73,73,74,74,74,74,75,75,75,76,76,77,78,78,78,78,83,88,88,88,89,89],"card_choices":[{"not_picked":["alterego_mod:Weigh","alterego_mod:BrynhildrRomantia"],"picked":"alterego_mod:Venus","floor":0},{"not_picked":["alterego_mod:Bunnysuit","alterego_mod:Undulate"],"picked":"alterego_mod:DiscoLights","floor":1},{"not_picked":["alterego_mod:Undulate","alterego_mod:BiFurious"],"picked":"alterego_mod:ChallengeComplete","floor":2},{"not_picked":["alterego_mod:Cooking","alterego_mod:BiFurious"],"picked":"alterego_mod:MaintainEyeContact","floor":3},{"not_picked":["alterego_mod:BreastValley","alterego_mod:AlterEgo","alterego_mod:Maid"],"picked":"SKIP","floor":4},{"not_picked":["alterego_mod:GoddessCore","alterego_mod:Support"],"picked":"alterego_mod:Rake","floor":6},{"not_picked":["alterego_mod:Cushion","alterego_mod:1TonWallop"],"picked":"alterego_mod:Bunnysuit","floor":10},{"not_picked":["alterego_mod:Skirt","alterego_mod:Complex"],"picked":"alterego_mod:ChallengeComplete","floor":13},{"not_picked":["alterego_mod:Punishment","alterego_mod:Skirt","alterego_mod:DeftHands"],"picked":"SKIP","floor":15},{"not_picked":["alterego_mod:BreastValley","alterego_mod:Complex"],"picked":"alterego_mod:Nekomimi","floor":16},{"not_picked":["alterego_mod:Weigh","alterego_mod:AlterEgo"],"picked":"alterego_mod:BrynhildrRomantia","floor":18},{"not_picked":["alterego_mod:MaintainEyeContact+1","alterego_mod:Cycle"],"picked":"alterego_mod:Pet+1","floor":20}],"player_experience":587731,"relics_obtained":[{"floor":6,"key":"Golden Egg"},{"floor":10,"key":"infinitespire:Satchel"},{"floor":11,"key":"Nunchaku"},{"floor":16,"key":"Gremlin Food"}],"event_choices":[{"damage_healed":0,"gold_gain":0,"player_choice":"Got Potions","damage_taken":0,"max_hp_gain":0,"max_hp_loss":0,"event_name":"Lab","floor":12,"gold_loss":0},{"damage_healed":0,"gold_gain":0,"player_choice":"Shed Blood","damage_taken":21,"max_hp_gain":5,"max_hp_loss":0,"event_name":"Forgotten Altar","floor":21,"gold_loss":0},{"damage_healed":0,"gold_gain":0,"player_choice":"Ignored","damage_taken":0,"max_hp_gain":0,"max_hp_loss":0,"event_name":"Vampires","floor":22,"gold_loss":0},{"damage_healed":0,"gold_gain":0,"player_choice":"Upgraded","damage_taken":0,"max_hp_gain":0,"max_hp_loss":0,"event_name":"Upgrade Shrine","floor":23,"gold_loss":0,"cards_upgraded":["alterego_mod:DiscoLights"]}],"is_beta":true,"boss_relics":[{"not_picked":["hubris:RunicObelisk","Ectoplasm"],"picked":"Replay:Fungal Core"}],"items_purged_floors":[],"is_endless":false,"potions_floor_spawned":[2,3,4,13,15,18,24],"killed_by":"3 Byrds","ascension_level":1}}