{"host":"uq4ng344qg9ygyoi","time":1610294412,"event":{"mods":["BaseMod","Minty Spire (QoL Compilation)","Quick Restart","Shop Mod","StSLib","[IsaacMod]ÒÔÈö¼âËþ"],"gold_per_floor":[111,186,39,58,69,183,210,210,235,235,235,235],"floor_reached":11,"playtime":1126,"items_purged":["Strike_R"],"score":89,"play_id":"4604207d-49e7-4c87-ab39-d4d03ab1524e","local_time":"20210111000012","is_ascension_mode":true,"campfire_choices":[{"data":"Rampage","floor":6.0,"key":"SMITH"}],"circlet_count":0,"master_deck":["Strike_R","Strike_R","Strike_R","Defend_R","Defend_R","Defend_R","Defend_R","Bash","Pommel Strike","Rampage+1","Limit Break","Body Slam+1"],"relics":["Burning Blood","HushsDoor","NeowsBlessing","BloodDonationBag","Boot","Strawberry"],"acts_visited":[],"potions_floor_usage":[11],"damage_taken":[{"damage":0.0,"enemies":"Jaw Worm","floor":1.0,"turns":1.0},{"damage":0.0,"enemies":"2 Louse","floor":4.0,"turns":1.0},{"damage":0.0,"enemies":"Small Slimes","floor":5.0,"turns":1.0},{"damage":40.0,"enemies":"3 Sentries","floor":7.0,"turns":10.0},{"damage":25,"enemies":"Lagavulin","floor":11,"turns":5}],"seed_played":"4625463204655355734","potions_obtained":[{"floor":7,"key":"Weak Potion"}],"is_trial":false,"path_per_floor":["M","?","$","M","M","R","E","?","T","?","E"],"character_chosen":"IRONCLAD","items_purchased":["Rampage"],"campfire_rested":0,"item_purchase_floors":[3],"current_hp_per_floor":[80,69,69,75,80,64,30,23,30,30,5,5],"gold":235,"neow_bonus":"THREE_ENEMY_KILL","is_daily":false,"chose_seed":false,"campfire_upgraded":1,"win_rate":0.0,"timestamp":1610294412,"path_taken":["M","?","$","M","M","R","E","?","T","?","E"],"items_purchased_type":["Card"],"build_version":"2020-12-22","purchased_purges":1,"victory":false,"max_hp_per_floor":[80,80,80,80,80,80,80,80,87,87,87,87],"card_choices":[{"not_picked":["Cleave","Thunderclap"],"picked":"Pommel Strike","floor":1.0},{"not_picked":["True Grit","Thunderclap"],"picked":"Limit Break","floor":4.0},{"not_picked":["Body Slam","Clash","Searing Blow"],"picked":"SKIP","floor":5.0},{"not_picked":["Body Slam","Clash","Searing Blow"],"picked":"SKIP","floor":5.0},{"not_picked":["Pommel Strike","Combust"],"picked":"Body Slam","floor":7}],"player_experience":391315,"relics_obtained":[{"floor":7,"key":"Boot"},{"floor":9,"key":"Strawberry"}],"event_choices":[{"damage_healed":0.0,"max_hp_gain":0.0,"max_hp_loss":0.0,"gold_gain":75.0,"event_name":"World of Goop","player_choice":"Gather Gold","floor":2.0,"gold_loss":0.0,"damage_taken":11.0},{"cards_removed":["Strike_R"],"damage_healed":0,"gold_gain":0,"player_choice":"Card Removal","damage_taken":7,"max_hp_gain":0,"max_hp_loss":0,"event_name":"Golden Wing","floor":8,"gold_loss":0},{"damage_healed":0,"gold_gain":0,"player_choice":"Grow","damage_taken":0,"max_hp_gain":0,"max_hp_loss":0,"event_name":"Living Wall","floor":10,"gold_loss":0,"cards_upgraded":["Body Slam"]}],"is_beta":false,"boss_relics":[],"items_purged_floors":[3],"is_endless":false,"potions_floor_spawned":[7],"killed_by":"Lagavulin","ascension_level":5}}