{"host":"3qkmyeoym75lj4wn","time":1610307158,"event":{"mods":["2.2 Compatiblity","BaseMod","Block Reminder","Colored Powertips","Highlight Path","Minty Spire (QoL Compilation)","Permanent Neow","Potion Indicator Mod","Rare Cards Sparkle","Relic Stats","StSLib","Unceasing Turn Reminder"],"gold_per_floor":[119,137,137,149,149,179,179,193,216,131,131,156,156,175,175,253,253,268,268,193,205,216,216,246,246,246,246,262,293,293,306,306,379,379,397,413,125,125,125],"floor_reached":38,"playtime":1492,"items_purged":["Strike_B"],"score":848,"play_id":"769e25f1-86ee-4e59-99d6-d3bb7039a950","local_time":"20210110193238","is_ascension_mode":true,"campfire_choices":[{"floor":7,"key":"REST"},{"floor":13,"key":"REST"},{"data":"Defragment","floor":15,"key":"SMITH"},{"data":"Biased Cognition","floor":23,"key":"SMITH"},{"floor":25,"key":"REST"},{"floor":30,"key":"REST"},{"floor":32,"key":"REST"}],"circlet_count":0,"master_deck":["AscendersBane","Strike_B","Strike_B","Defend_B","Defend_B","Defend_B","Defend_B","Zap+1","Dualcast","Machine Learning","Cold Snap","Ball Lightning","Sweeping Beam","Melter","Leap","Defragment+1","Doom and Gloom","Ball Lightning","Biased Cognition+1","Glacier","Melter","Ball Lightning","Defragment+1","Auto Shields+1","Cold Snap"],"relics":["Cracked Core","GremlinMask","Centennial Puzzle","Potion Belt","Bag of Preparation","Nuclear Battery","Calipers","Bronze Scales","Oddly Smooth Stone","Inserter","PrismaticShard"],"acts_visited":["Exordium","TheCity","TheBeyond"],"potions_floor_usage":[6,12,18,18,29,29,33,33,36],"damage_taken":[{"damage":12,"enemies":"Small Slimes","floor":1,"turns":3},{"damage":0,"enemies":"Cultist","floor":2,"turns":3},{"damage":7,"enemies":"2 Louse","floor":4,"turns":2},{"damage":29,"enemies":"3 Sentries","floor":6,"turns":5},{"damage":12,"enemies":"Red Slaver","floor":8,"turns":2},{"damage":11,"enemies":"Lagavulin","floor":12,"turns":7},{"damage":3,"enemies":"2 Fungi Beasts","floor":14,"turns":3},{"damage":18,"enemies":"The Guardian","floor":16,"turns":9},{"damage":6,"enemies":"2 Thieves","floor":18,"turns":2},{"damage":0,"enemies":"Chosen","floor":21,"turns":4},{"damage":2,"enemies":"Centurion and Healer","floor":22,"turns":6},{"damage":26,"enemies":"Gremlin Leader","floor":24,"turns":6},{"damage":8,"enemies":"3 Cultists","floor":28,"turns":4},{"damage":15,"enemies":"Book of Stabbing","floor":29,"turns":4},{"damage":4,"enemies":"Snake Plant","floor":31,"turns":4},{"damage":38,"enemies":"Collector","floor":33,"turns":12},{"damage":28,"enemies":"3 Shapes","floor":35,"turns":2},{"damage":25,"enemies":"3 Darklings","floor":36,"turns":6},{"damage":9,"enemies":"Writhing Mass","floor":38,"turns":2}],"seed_played":"-8563747673726878885","potions_obtained":[{"floor":2,"key":"LiquidMemories"},{"floor":4,"key":"Fire Potion"},{"floor":8,"key":"BlessingOfTheForge"},{"floor":14,"key":"Weak Potion"},{"floor":16,"key":"LiquidMemories"},{"floor":18,"key":"EssenceOfSteel"},{"floor":21,"key":"BlessingOfTheForge"},{"floor":28,"key":"Swift Potion"},{"floor":29,"key":"Fire Potion"},{"floor":36,"key":"Ancient Potion"}],"is_trial":false,"path_per_floor":["M","M","?","M","$","E","R","M","T","$","?","E","R","M","R","B",null,"M","?","?","M","M","R","E","R","T","?","M","E","R","M","R","B",null,"M","M","$","M"],"character_chosen":"DEFECT","items_purchased":["Defragment","PrismaticShard","BlessingOfTheForge"],"campfire_rested":5,"item_purchase_floors":[10,37,37],"current_hp_per_floor":[52,52,52,45,45,16,37,25,25,25,25,14,35,32,32,14,57,51,51,51,51,49,49,23,44,44,44,36,21,42,38,59,21,59,31,6,6,0,0],"gold":125,"neow_bonus":"ONE_RANDOM_RARE_CARD","is_daily":false,"chose_seed":false,"campfire_upgraded":2,"win_rate":0.0,"timestamp":1610307158,"path_taken":["M","M","?","?","$","E","R","M","T","$","?","E","R","M","R","BOSS","M","?","?","?","M","R","E","R","T","?","M","E","R","M","R","BOSS","M","?","$","M"],"items_purchased_type":["Card","Relic","Potion"],"build_version":"2020-12-22","purchased_purges":1,"victory":false,"max_hp_per_floor":[71,71,71,71,71,71,71,71,71,71,71,71,71,71,71,71,71,71,71,71,71,71,71,71,71,71,71,71,71,71,71,71,71,71,71,71,71,71,71],"relic_stats":{"Centennial Puzzle":[42],"Inserter":[5],"counters":[19,86],"Bronze Scales":[136],"Bag of Preparation":[26],"obtain_stats":[{"Potion Belt":9,"Centennial Puzzle":6,"Calipers":24,"Inserter":34,"Bronze Scales":26,"Oddly Smooth Stone":29,"GremlinMask":3,"Bag of Preparation":12,"Cracked Core":0,"PrismaticShard":37,"Nuclear Battery":17},{"Potion Belt":5,"Centennial Puzzle":4,"Calipers":12,"Inserter":16,"Bronze Scales":12,"Oddly Smooth Stone":14,"GremlinMask":2,"Bag of Preparation":6,"Cracked Core":0,"PrismaticShard":18,"Nuclear Battery":8},{"Potion Belt":15,"Centennial Puzzle":13,"Calipers":52,"Inserter":76,"Bronze Scales":52,"Oddly Smooth Stone":60,"GremlinMask":6,"Bag of Preparation":22,"Cracked Core":0,"PrismaticShard":84,"Nuclear Battery":34}]},"card_choices":[{"not_picked":["Beam Cell","Coolheaded"],"picked":"Cold Snap","floor":1},{"not_picked":["Doom and Gloom","Redo"],"picked":"Ball Lightning","floor":2},{"not_picked":["Tempest","Turbo"],"picked":"Sweeping Beam","floor":4},{"not_picked":["Leap","Gash"],"picked":"Melter","floor":6},{"not_picked":["Scrape","Double Energy"],"picked":"Leap","floor":8},{"not_picked":["Redo","Storm"],"picked":"Doom and Gloom","floor":12},{"not_picked":["Creative AI","Stack"],"picked":"Ball Lightning","floor":14},{"not_picked":["Rainbow","Echo Form"],"picked":"Biased Cognition","floor":16},{"not_picked":["Reinforced Body","Stack","Heatsinks"],"picked":"SKIP","floor":18},{"not_picked":["Steam Power","Redo"],"picked":"Melter","floor":21},{"not_picked":["Steam Power","Go for the Eyes"],"picked":"Ball Lightning","floor":22},{"not_picked":["Heatsinks","Tempest","Consume"],"picked":"SKIP","floor":24},{"not_picked":["Leap","Double Energy"],"picked":"Auto Shields+1","floor":28},{"not_picked":["Rip and Tear","Gash"],"picked":"Cold Snap","floor":29},{"not_picked":["Turbo","Steam","Sweeping Beam"],"picked":"SKIP","floor":31},{"not_picked":["Steam","Genetic Algorithm","Gash+1"],"picked":"SKIP","floor":35},{"not_picked":["Coolheaded","Cold Snap","Undo+1"],"picked":"SKIP","floor":36}],"player_experience":1667659,"relics_obtained":[{"floor":6,"key":"Centennial Puzzle"},{"floor":9,"key":"Potion Belt"},{"floor":12,"key":"Bag of Preparation"},{"floor":24,"key":"Calipers"},{"floor":26,"key":"Bronze Scales"},{"floor":29,"key":"Oddly Smooth Stone"}],"event_choices":[{"damage_healed":0,"gold_gain":0,"player_choice":"Trade","damage_taken":0,"relics_obtained":["GremlinMask"],"max_hp_gain":0,"max_hp_loss":0,"event_name":"FaceTrader","floor":3,"gold_loss":0},{"damage_healed":0,"gold_gain":0,"player_choice":"Upgraded","damage_taken":0,"max_hp_gain":0,"max_hp_loss":0,"event_name":"Upgrade Shrine","floor":11,"gold_loss":0,"cards_upgraded":["Zap"]},{"damage_healed":0,"gold_gain":0,"player_choice":"Read","damage_taken":0,"max_hp_gain":0,"max_hp_loss":0,"event_name":"The Library","floor":19,"gold_loss":0,"cards_obtained":["Glacier"]},{"cards_removed":["Strike_B"],"damage_healed":0,"gold_gain":0,"player_choice":"Gave Gold","damage_taken":0,"max_hp_gain":0,"max_hp_loss":0,"event_name":"Beggar","floor":20,"gold_loss":75},{"damage_healed":0,"gold_gain":0,"player_choice":"Copied","damage_taken":0,"max_hp_gain":0,"max_hp_loss":0,"event_name":"Duplicator","floor":27,"gold_loss":0,"cards_obtained":["Defragment"]}],"is_beta":false,"boss_relics":[{"not_picked":["Philosopher\u0027s Stone","Snecko Eye"],"picked":"Nuclear Battery"},{"not_picked":["Fusion Hammer","Velvet Choker"],"picked":"Inserter"}],"items_purged_floors":[37],"is_endless":false,"potions_floor_spawned":[2,4,8,14,16,18,21,28,29,36],"killed_by":"Writhing Mass","ascension_level":20}}