{"host":"yaxsefyig1et0yi2","time":1610260138,"event":{"mods":["Aspiration","BaseMod","BetterRewards","Colored Powertips","Conspire","Displayed Cursed Tome","Downfall","Halation","Hubris","Infinite Spire","JesterMod","Minty Spire (QoL Compilation)","Quick Restart","RatMod","Replay The Spire","Reworked Bosses","Spikes Relics","StSLib","The Jungle"],"gold_per_floor":[114,141,153,106,116,116,143,143,196,196,196,215,215,234,234,329,329,339,23,42,42,57,57,69,69,69,69,103,121,133,148,148,148,148,148],"floor_reached":33,"playtime":2930,"items_purged":[],"score":344,"play_id":"6005a893-ffd7-4bd8-bf42-0a1c28f2494d","local_time":"20210110012858","is_ascension_mode":false,"campfire_choices":[{"data":"Slimebound:CorrosiveSpit","floor":6.0,"key":"SMITH"},{"data":"Slimebound:RollThrough","floor":8.0,"key":"SMITH"},{"floor":11.0,"key":"REST"},{"data":"Slimebound:Gluttony","floor":13.0,"key":"SMITH"},{"data":"Slimebound:Split","floor":15.0,"key":"SMITH"},{"data":"Slimebound:Nibble","floor":23.0,"key":"SMITH"},{"data":"Slimebound:SplitMire","floor":25.0,"key":"SMITH"},{"data":"Slimebound:Repurpose","floor":32,"key":"SMITH"}],"circlet_count":0,"master_deck":["Slimebound:Strike_Slimebound","Slimebound:Strike_Slimebound","Slimebound:Strike_Slimebound","Slimebound:Tackle+1","Slimebound:Defend_Slimebound","Slimebound:Defend_Slimebound","Slimebound:Defend_Slimebound","Slimebound:Defend_Slimebound","Slimebound:Split+1","Slimebound:CorrosiveSpit+1","Slimebound:Nibble+1","Slimebound:GoopSpray","Slimebound:Equalize+1","Slimebound:RollThrough+1","Slimebound:Repurpose+1","Slimebound:SplitMire+1","Slimebound:Gluttony+1","Slimebound:ComboTackle","Slimebound:MassFeed+1","Slimebound:RejuvenatingLick+1","Sunder+1","Reinforced Body","Slimebound:ForwardTackle","Slimebound:ViciousTackle","Slimebound:LeechingTouch","Slimebound:LeechEnergy","Slimebound:Grow","Slimebound:SelfFormingGoo+1"],"relics":["Slimebound:AbsorbEndCombat","NeowsBlessing","aspiration:StickyExplosives_weak","Golden Egg","Whetstone","aspiration:DefectSkillbook","Slimebound:MaxSlimesRelic","Pear","halation:PinkSoulGem","Replay:Kaleidoscope"],"acts_visited":["Exordium","TheCity"],"potions_floor_usage":[30,33],"damage_taken":[{"damage":2.0,"enemies":"conspire:RoseBush","floor":1.0,"turns":1.0},{"damage":0.0,"enemies":"conspire:MimicChest","floor":2.0,"turns":1.0},{"damage":4.0,"enemies":"2 Louse","floor":3.0,"turns":2.0},{"damage":10.0,"enemies":"Cultist","floor":5.0,"turns":3.0},{"damage":50.0,"enemies":"Gremlin Nob","floor":7.0,"turns":5.0},{"damage":19.0,"enemies":"3 Louse","floor":12.0,"turns":3.0},{"damage":28.0,"enemies":"Exordium Wildlife","floor":14.0,"turns":3.0},{"damage":28.0,"enemies":"Hexaghost","floor":16.0,"turns":6.0},{"damage":19.0,"enemies":"Chosen","floor":18.0,"turns":5.0},{"damage":42.0,"enemies":"2 Thieves","floor":20.0,"turns":4.0},{"damage":54.0,"enemies":"Shelled Parasite and Fungi","floor":22.0,"turns":4.0},{"damage":39.0,"enemies":"conspire:HollyBat","floor":24.0,"turns":7.0},{"damage":76.0,"enemies":"Slavers","floor":28.0,"turns":5.0},{"damage":44,"enemies":"3 Cultists","floor":29,"turns":4},{"damage":32,"enemies":"Shelled Parasite and Fungi","floor":30,"turns":3},{"damage":16,"enemies":"Snecko","floor":31,"turns":4},{"damage":98,"enemies":"hubris:MusketHawk","floor":33,"turns":6}],"seed_played":"7254245564599175549","potions_obtained":[{"floor":2.0,"key":"Strength Potion"},{"floor":3.0,"key":"Swift Potion"},{"floor":7.0,"key":"Guardian:BlockOnCardUsePotion"},{"floor":14.0,"key":"Flashbang"},{"floor":18.0,"key":"BlessingOfTheForge"},{"floor":22.0,"key":"SteroidPotion"},{"floor":24.0,"key":"FearPotion"},{"floor":30,"key":"Fire Potion"},{"floor":31,"key":"SkillPotion"}],"is_trial":false,"path_per_floor":["M","?","M","$","M","R","E","R","T","?","R","M","R","M","R","B",null,"M","$","M","?","M","R","M","R","T","?","E","M","M","M","R","B"],"character_chosen":"SLIMEBOUND","items_purchased":["Slimebound:RollThrough","Slimebound:MaxSlimesRelic","Sunder"],"campfire_rested":1,"item_purchase_floors":[4,19,19],"current_hp_per_floor":[58,58,60,60,54,54,18,18,18,18,36,33,33,31,31,49,60,64,64,58,58,60,60,59,59,69,69,33,19,19,33,33,0,0,0],"gold":148,"neow_bonus":"THREE_ENEMY_KILL","is_daily":false,"chose_seed":false,"campfire_upgraded":7,"win_rate":0.0,"timestamp":1610260138,"path_taken":["M","?","M","$","M","R","E","R","T","?","R","M","R","M","R","BOSS","M","$","M","?","?","R","M","R","T","?","E","M","M","M","R","BOSS"],"items_purchased_type":["Card","Relic","Card"],"build_version":"2020-12-22","purchased_purges":0,"victory":false,"max_hp_per_floor":[60,60,60,60,60,60,60,60,60,60,60,60,60,60,60,60,60,64,64,68,68,72,72,76,76,86,86,98,98,102,102,102,102,102,102],"card_choices":[{"not_picked":["Slimebound:Schlurp","Slimebound:SplitAcid"],"picked":"Slimebound:Nibble","floor":1.0},{"not_picked":["Slimebound:ProtectTheBoss","Slimebound:SplitLeeching"],"picked":"Slimebound:GoopSpray","floor":2.0},{"not_picked":["Slimebound:SplitBruiser","Slimebound:Nibble"],"picked":"Slimebound:Equalize","floor":3.0},{"not_picked":["Slimebound:SplitBruiser","Slimebound:FormOfPuddle"],"picked":"Slimebound:Repurpose","floor":5.0},{"not_picked":["Slimebound:FlameTackle","Slimebound:SlimeBrawl"],"picked":"Slimebound:SplitMire","floor":7.0},{"not_picked":["Slimebound:RainOfGoop","Slimebound:GrowthPunch"],"picked":"Slimebound:Gluttony","floor":12.0},{"not_picked":["Slimebound:FirmFortitude","Slimebound:SlimeSpikes"],"picked":"Slimebound:ComboTackle","floor":14.0},{"not_picked":["Slimebound:RallyTheTroops","Slimebound:WasteNot"],"picked":"Slimebound:MassFeed","floor":16.0},{"not_picked":["Sweeping Beam","Slimebound:SamplingLick","Slimebound:RollThrough"],"picked":"Slimebound:RejuvenatingLick+1","floor":18.0},{"not_picked":["Slimebound:GrowthPunch","Heatsinks","Slimebound:MegaLick"],"picked":"Reinforced Body","floor":20.0},{"not_picked":["Double Energy","Rebound","Go for the Eyes"],"picked":"Slimebound:ForwardTackle","floor":22.0},{"not_picked":["Storm","Redo","Compile Driver"],"picked":"Slimebound:ViciousTackle","floor":24.0},{"not_picked":["Slimebound:SplitBruiser","Slimebound:SplitAcid+1","Go for the Eyes"],"picked":"Slimebound:LeechingTouch","floor":28},{"not_picked":["FTL","Slimebound:ComboTackle","BasicCrystalCard"],"picked":"Slimebound:LeechEnergy","floor":29},{"not_picked":["Slimebound:Dissolve+1","Auto Shields","Slimebound:SplitMire"],"picked":"Slimebound:Grow","floor":30},{"not_picked":["Doom and Gloom+1","Steam+1","Slimebound:AcidTongue"],"picked":"Slimebound:SelfFormingGoo","floor":31}],"player_experience":238324,"relics_obtained":[{"floor":2.0,"key":"aspiration:StickyExplosives_weak"},{"floor":7.0,"key":"Golden Egg"},{"floor":9.0,"key":"Whetstone"},{"floor":26.0,"key":"Pear"},{"floor":28,"key":"Replay:Kaleidoscope"}],"event_choices":[{"damage_healed":0.0,"max_hp_gain":0.0,"max_hp_loss":0.0,"gold_gain":0.0,"event_name":"conspire:Investor","player_choice":"Leave","floor":10.0,"gold_loss":0.0,"damage_taken":0.0},{"damage_healed":0.0,"max_hp_gain":0.0,"max_hp_loss":0.0,"gold_gain":0.0,"event_name":"NoteForYourself","player_choice":"Ignored","floor":21.0,"gold_loss":0.0,"damage_taken":0.0}],"is_beta":false,"boss_relics":[{"not_picked":["infinitespire:Cupcake","conspire:RunicOctahedron"],"picked":"aspiration:DefectSkillbook"}],"items_purged_floors":[],"is_endless":false,"potions_floor_spawned":[2,3,7,14,18,22,24,30,31],"killed_by":"hubris:MusketHawk","ascension_level":0}}