{"host":"daa8jqyg4gqfaysm","time":1610261204,"event":{"mods":["BaseMod","Colored Powertips","Minty Spire (QoL Compilation)","StSLib"],"gold_per_floor":[164,8,8,19,34,60,60,71,71,103,3,3,3,20,20,115,115,132,57,75,94,105,105,140,156,202,217,251,251,251,269,269,374,374,389,407,407,407,418,418,434,434,734,734,762,762,788,807,807,807,807],"floor_reached":50,"playtime":2311,"items_purged":["Strike_G","Strike_G"],"score":599,"play_id":"a2fb8089-cd53-4659-8486-60ef8a2a3e39","local_time":"20210110144644","is_ascension_mode":false,"campfire_choices":[{"data":"All Out Attack","floor":7,"key":"SMITH"},{"floor":13,"key":"REST"},{"data":"Calculated Gamble","floor":15,"key":"SMITH"},{"data":"Burst","floor":23,"key":"SMITH"},{"floor":30,"key":"REST"},{"data":"Malaise","floor":32,"key":"SMITH"},{"data":"A Thousand Cuts","floor":40,"key":"SMITH"},{"floor":42,"key":"REST"},{"floor":46,"key":"RECALL"},{"data":"Reflex","floor":49,"key":"SMITH"}],"circlet_count":0,"master_deck":["Strike_G","Strike_G","Strike_G","Defend_G","Defend_G","Defend_G","Defend_G+1","Defend_G","Survivor","Neutralize+1","Dagger Spray+1","Flying Knee","Phantasmal Killer","Dagger Throw","All Out Attack+1","Calculated Gamble+1","Slice","Cloak And Dagger","Backflip","Malaise+1","Acrobatics","Reflex+1","Burst+1","Blur+1","Footwork","Footwork","A Thousand Cuts+1","PiercingWail+1","Acrobatics+1","Dash+1","Poisoned Stab","Tactician","Bouncing Flask+1","Prepared+1"],"relics":["Tiny House","Kunai","Question Card","Orichalcum","Sozu","Regal Pillow","Incense Burner","Dream Catcher","HoveringKite","Old Coin","Anchor","PreservedInsect"],"acts_visited":["Exordium","TheCity","TheBeyond"],"potions_floor_usage":[50],"damage_taken":[{"damage":0.0,"enemies":"Cultist","floor":1.0,"turns":4.0},{"damage":1.0,"enemies":"Small Slimes","floor":4.0,"turns":2.0},{"damage":1.0,"enemies":"2 Louse","floor":5.0,"turns":2.0},{"damage":25,"enemies":"Gremlin Nob","floor":6,"turns":5},{"damage":7,"enemies":"Exordium Thugs","floor":8,"turns":4},{"damage":10,"enemies":"3 Sentries","floor":10,"turns":4},{"damage":0,"enemies":"Large Slime","floor":14,"turns":4},{"damage":29,"enemies":"Slime Boss","floor":16,"turns":8},{"damage":1,"enemies":"Spheric Guardian","floor":18,"turns":4},{"damage":0,"enemies":"Chosen","floor":20,"turns":6},{"damage":0,"enemies":"3 Cultists","floor":21,"turns":2},{"damage":4,"enemies":"Snake Plant","floor":22,"turns":5},{"damage":29,"enemies":"Slavers","floor":24,"turns":7},{"damage":0,"enemies":"Snecko","floor":25,"turns":9},{"damage":0,"enemies":"Cultist and Chosen","floor":27,"turns":8},{"damage":0,"enemies":"Gremlin Leader","floor":28,"turns":9},{"damage":3,"enemies":"Centurion and Healer","floor":31,"turns":10},{"damage":24,"enemies":"Automaton","floor":33,"turns":16},{"damage":4,"enemies":"3 Shapes","floor":35,"turns":7},{"damage":15,"enemies":"Orb Walker","floor":36,"turns":7},{"damage":8,"enemies":"Sphere and 2 Shapes","floor":39,"turns":6},{"damage":8,"enemies":"Writhing Mass","floor":41,"turns":10},{"damage":0,"enemies":"Giant Head","floor":45,"turns":12},{"damage":10,"enemies":"Spire Growth","floor":48,"turns":6},{"damage":68,"enemies":"Donu and Deca","floor":50,"turns":10}],"seed_played":"4958150307806379351","potions_obtained":[{"floor":0.0,"key":"Energy Potion"},{"floor":8,"key":"Strength Potion"},{"floor":10,"key":"Strength Potion"}],"is_trial":false,"path_per_floor":["M","$","$","M","M","E","R","M","T","E","$","?","R","M","R","B",null,"M","?","M","M","M","R","E","M","T","M","E","?","R","M","R","B",null,"M","M","?","?","M","R","M","R","T","?","E","R","T","M","R","B"],"character_chosen":"THE_SILENT","items_purchased":["Phantasmal Killer"],"campfire_rested":3,"item_purchase_floors":[2],"current_hp_per_floor":[75,75,75,74,73,48,48,41,41,31,31,16,38,38,38,9,75,74,74,74,74,70,70,41,41,41,41,41,41,75,72,72,48,75,71,56,56,56,48,48,40,75,75,71,71,71,71,61,61,0,0],"gold":807,"neow_bonus":"BOSS_RELIC","is_daily":false,"chose_seed":false,"campfire_upgraded":6,"win_rate":0.0,"timestamp":1610261204,"path_taken":["M","?","$","M","M","E","R","M","T","E","?","?","R","M","R","BOSS","M","?","?","M","M","R","E","M","T","M","E","?","R","M","R","BOSS","M","M","?","?","M","R","?","R","T","?","E","R","?","M","R","BOSS"],"items_purchased_type":["Card"],"build_version":"2020-12-22","purchased_purges":2,"victory":false,"max_hp_per_floor":[75,75,75,75,75,75,75,75,75,75,75,75,75,75,75,75,75,75,75,75,75,75,75,75,75,75,75,75,75,75,75,75,75,75,75,75,75,75,75,75,75,75,75,71,71,71,71,71,71,71,71],"card_choices":[{"not_picked":["Acrobatics","Deflect"],"picked":"Dagger Spray","floor":0.0},{"not_picked":["Infinite Blades","Calculated Gamble"],"picked":"Flying Knee","floor":1.0},{"not_picked":["Prepared","Setup"],"picked":"Dagger Throw","floor":4.0},{"not_picked":["Footwork","Prepared"],"picked":"All Out Attack","floor":5.0},{"not_picked":["Flying Knee","Poisoned Stab"],"picked":"Calculated Gamble","floor":6},{"not_picked":["Accuracy","Deadly Poison"],"picked":"Slice","floor":8},{"not_picked":["Slice","Infinite Blades","Dagger Throw"],"picked":"Cloak And Dagger","floor":10},{"not_picked":["Deadly Poison","Dodge and Roll","Outmaneuver"],"picked":"Backflip","floor":14},{"not_picked":["Wraith Form v2","Phantasmal Killer","Bullet Time"],"picked":"Malaise","floor":16},{"not_picked":["Bane","Outmaneuver+1","Noxious Fumes"],"picked":"Acrobatics","floor":18},{"not_picked":["Quick Slash","Tactician","Leg Sweep"],"picked":"Reflex","floor":20},{"not_picked":["Infinite Blades","Distraction","Sucker Punch+1","Quick Slash"],"picked":"SKIP","floor":21},{"not_picked":["Dagger Spray","Acrobatics","Accuracy"],"picked":"Burst","floor":22},{"not_picked":["Backflip","Glass Knife","Bane+1"],"picked":"Blur+1","floor":24},{"not_picked":["Endless Agony+1","Dagger Throw+1","Deflect+1"],"picked":"Footwork","floor":25},{"not_picked":["Endless Agony","Deflect","Backflip","Prepared"],"picked":"SKIP","floor":27},{"not_picked":["Malaise","Expertise","Sucker Punch","Calculated Gamble"],"picked":"SKIP","floor":28},{"not_picked":["Heel Hook","Noxious Fumes","Dagger Spray+1","Choke"],"picked":"SKIP","floor":31},{"not_picked":["Phantasmal Killer","Storm of Steel","Wraith Form v2"],"picked":"A Thousand Cuts","floor":33},{"not_picked":["Prepared+1","Deflect+1","Flechettes"],"picked":"PiercingWail+1","floor":35},{"not_picked":["Dodge and Roll+1","Calculated Gamble","Bane+1"],"picked":"Acrobatics+1","floor":36},{"not_picked":["Expertise","PiercingWail","Sucker Punch"],"picked":"Dash+1","floor":39},{"not_picked":["Dodge and Roll+1","Backflip","Leg Sweep"],"picked":"Poisoned Stab","floor":41},{"not_picked":["Poisoned Stab","Backflip","Deadly Poison"],"picked":"Tactician","floor":42},{"not_picked":["Sucker Punch+1","Slice","Poisoned Stab+1"],"picked":"Bouncing Flask+1","floor":45},{"not_picked":["Terror","Bouncing Flask","Outmaneuver"],"picked":"Prepared+1","floor":48}],"player_experience":806386,"relics_obtained":[{"floor":6,"key":"Kunai"},{"floor":9,"key":"Question Card"},{"floor":10,"key":"Orichalcum"},{"floor":24,"key":"Incense Burner"},{"floor":28,"key":"Dream Catcher"},{"floor":43,"key":"Old Coin"},{"floor":45,"key":"Anchor"},{"floor":47,"key":"PreservedInsect"}],"event_choices":[{"damage_healed":0,"gold_gain":0,"player_choice":"Entered Light","damage_taken":15,"max_hp_gain":0,"max_hp_loss":0,"event_name":"Shining Light","floor":12,"gold_loss":0,"cards_upgraded":["Defend_G","Dagger Spray"]},{"damage_healed":0,"gold_gain":0,"player_choice":"Paid Gold","damage_taken":0,"relics_obtained":["Regal Pillow"],"max_hp_gain":0,"max_hp_loss":0,"event_name":"WeMeetAgain","floor":19,"gold_loss":75},{"damage_healed":0,"gold_gain":0,"player_choice":"Read","damage_taken":0,"max_hp_gain":0,"max_hp_loss":0,"event_name":"The Library","floor":29,"gold_loss":0,"cards_obtained":["Footwork"]},{"damage_healed":0,"gold_gain":0,"player_choice":"Ignored","damage_taken":0,"max_hp_gain":0,"max_hp_loss":0,"event_name":"Tomb of Lord Red Mask","floor":37,"gold_loss":0},{"damage_healed":0,"gold_gain":0,"player_choice":"Got Potions","damage_taken":0,"max_hp_gain":0,"max_hp_loss":0,"event_name":"Lab","floor":38,"gold_loss":0},{"damage_healed":0,"gold_gain":0,"player_choice":"Max HP","damage_taken":0,"max_hp_gain":0,"max_hp_loss":4,"event_name":"Winding Halls","floor":44,"gold_loss":0}],"is_beta":false,"boss_relics":[{"not_picked":["Runic Dome","Cursed Key"],"picked":"Sozu"},{"not_picked":["Calling Bell","Pandora\u0027s Box"],"picked":"HoveringKite"}],"items_purged_floors":[2,11],"is_endless":false,"potions_floor_spawned":[8,10,14,20,21,22,27,31,41,48],"killed_by":"Donu and Deca","ascension_level":0}}