{"host":"eil9x6nly2al6731","time":1610294705,"event":{"mods":["Aspiration","BaseMod","Better Third Choice","Colored Powertips","Conspire","Energized Spire","Friendly Minions","Halation","Hubris","Infinite Spire","Minty Spire (QoL Compilation)","Random Character Button","Replay The Spire","Robot Space Explorer","Shop Mod","StSLib","The Druid","The Factory","The Jungle","The Mystic","The Servant 0.9.4","TheBandit"],"gold_per_floor":[116,116,116,136,136,136,176,55,55,75,175,223,343,459,459,744,744,944,694,897,897,35,35,54,54,54,54,86,324,344,360,360,461,461,472,487,505,505,519,551,826,1182,1209,1209,1252,1252,1281,1333,1333,1351,1351,1351,1351,2791,2815],"floor_reached":56,"playtime":5341,"items_purged":["hubris:Greed"],"score":1767,"play_id":"a1efdd64-e24d-4b4c-8f9f-72852c1b8aef","local_time":"20210111000505","is_ascension_mode":false,"campfire_choices":[{"data":"FastForward","floor":6.0,"key":"SMITH"},{"data":"MurderousAura","floor":15.0,"key":"SMITH"},{"data":"Luminosity","floor":23.0,"key":"SMITH"},{"data":"Foresight","floor":25.0,"key":"SMITH"},{"data":"SurpressingFire","floor":27.0,"key":"SMITH"},{"data":"WasteNot","floor":32,"key":"SMITH"},{"floor":44,"key":"RECALL"},{"data":"Luminosity","floor":46,"key":"SMITH"},{"data":"Strike_S","floor":49,"key":"PURGE"},{"data":"PendulumOfEternity","floor":52,"key":"SMITH"}],"circlet_count":0,"master_deck":["Strike_S","Strike_S","Strike_S","Defend_S","Defend_S","Defend_S","Defend_S","KidneyShot","Exchange","FastForward+1","Contraction+1","infinitespire:Fortify+1","TheWorld+1","InstantArmor+1","Mind Blast","SurpressingFire+1","Desolation","MurderousAura+1","Luminosity+1","Initiator","BottledTime+1","ShiftingGears+1","DualDimension+1","Foresight+1","TimeWarp","GearUp+1","Pot Of Greed+1","Pot Of Greed+1","Pot Of Greed+1","Replace+1","Advance+1","Shuttle+1","Barrier+1","Advance+1","DualDimension+1","Rearm+1","DualDimension+1","Reset+1","Pot Of Greed+1","Secret Weapon+1","hubris:Insight+1","TimeWarp+1","MurderousAura","SilverBlades","ShatteredReality","Rearm+1","Revamp+1","WasteNot+1","Survey Options+1","Violence+1","Potential+1","Pot Of Greed+1","Barrier+1","PendulumOfEternity+1","Collapse","SpecialFormula+1","SpecialFormula+1","ReturningBlade+1","Regret","Luminosity+1","BottledTime+1","Reset+1","FanOfKnives"],"relics":["Uniform","NeowsBlessing","Toxic Egg 2","Darkstone Periapt","Mirror","The Courier","Tiny Chest","Replay:Bronze Core","Grinning Jar","halation:Toothbrush","Replay:Rubber Ducky","hubris:NiceRug","Potion Belt","conspire:TopHat","BargainBundle","hubris:VirtuousBlindfold","Replay:Bandana","Old Coin","Anchor","halation:AfternoonTea","hubris:Potato"],"acts_visited":["Exordium","Exordium","theJungle:Jungle","TheEnding"],"potions_floor_usage":[29,29,29,39],"damage_taken":[{"damage":0.0,"enemies":"2 Louse","floor":1.0,"turns":1.0},{"damage":0.0,"enemies":"Small Slimes","floor":4.0,"turns":1.0},{"damage":0.0,"enemies":"Lagavulin","floor":7.0,"turns":3.0},{"damage":0.0,"enemies":"Jaw Worm","floor":10.0,"turns":2.0},{"damage":4.0,"enemies":"Exordium Thugs","floor":12.0,"turns":7.0},{"damage":8.0,"enemies":"3 Sentries","floor":13.0,"turns":11.0},{"damage":0.0,"enemies":"Exordium Wildlife","floor":14.0,"turns":3.0},{"damage":52.0,"enemies":"The Guardian","floor":16.0,"turns":14.0},{"damage":83.0,"enemies":"theJungle:Flameango_and_Byrd","floor":18.0,"turns":10.0},{"damage":28.0,"enemies":"theJungle:GiantWrat","floor":20.0,"turns":9.0},{"damage":0.0,"enemies":"hubris:Merchant","floor":22.0,"turns":2.0},{"damage":0.0,"enemies":"theJungle:Lyon","floor":24.0,"turns":6.0},{"damage":0.0,"enemies":"theJungle:2_Phrogs","floor":28.0,"turns":8.0},{"damage":37,"enemies":"hubris:Merchant","floor":29,"turns":10},{"damage":0,"enemies":"theJungle:2_Flameangoes","floor":30,"turns":7},{"damage":0,"enemies":"theJungle:JungleHuntersEncounter","floor":31,"turns":5},{"damage":0,"enemies":"theJungle:QueenSpyder","floor":33,"turns":9},{"damage":0,"enemies":"theFactory:4_Mini-Bots","floor":35,"turns":7},{"damage":0,"enemies":"theFactory:BigBot","floor":36,"turns":3},{"damage":0,"enemies":"theFactory:DefectiveSentry","floor":37,"turns":5},{"damage":14,"enemies":"theFactory:Personnel_and_Big_Bot","floor":39,"turns":3},{"damage":0,"enemies":"theFactory:SmogElemental","floor":40,"turns":5},{"damage":0,"enemies":"theFactory:Manservantes","floor":42,"turns":7},{"damage":0,"enemies":"theFactory:DrinkBrewer","floor":45,"turns":7},{"damage":0,"enemies":"theFactory:ShrapnelTosser","floor":47,"turns":6},{"damage":0,"enemies":"theFactory:Sentry and Guards","floor":48,"turns":4},{"damage":0,"enemies":"theFactory:Experiment01","floor":50,"turns":10},{"damage":69,"enemies":"Shield and Spear","floor":54,"turns":20},{"damage":0,"enemies":"The Heart","floor":55,"turns":11}],"seed_played":"45085133374362079","potions_obtained":[{"floor":4.0,"key":"Weak Potion"},{"floor":12.0,"key":"Energy Potion"},{"floor":16.0,"key":"Block Potion"},{"floor":24.0,"key":"Venom Potion"},{"floor":29,"key":"ColorlessPotion"},{"floor":29,"key":"Fire Potion"},{"floor":29,"key":"PowerPotion"},{"floor":30,"key":"Fire Potion"},{"floor":33,"key":"Death Potion"},{"floor":40,"key":"Ancient Potion"}],"is_trial":false,"path_per_floor":["M","?","?","M","?","R","E","$","T","M","?","M","E","M","R","B",null,"M","$","M","?","$","R","M","R","T","R","E","$","M","M","R","B",null,"M","M","M","T","M","E","?","E","T","R","E","R","M","M","R","B",null,"R","$","E","B",null],"character_chosen":"THE_SERVANT","items_purchased":["InstantArmor+1","Mind Blast","ShiftingGears+1","DualDimension+1","Foresight","GearUp+1","Grinning Jar","Replace+1","Advance+1","Shuttle+1","Barrier+1","Advance+1","DualDimension+1","Rearm+1","DualDimension+1","Reset+1","Secret Weapon+1","hubris:Insight+1","SilverBlades"],"campfire_rested":0,"item_purchase_floors":[8,8,19,19,19,22,22,22,22,22,22,22,22,22,22,22,22,22,29],"current_hp_per_floor":[65,65,58,58,70,70,76,76,76,76,76,96,154,178,178,228,299,216,216,188,188,188,188,188,188,188,188,188,151,151,151,151,151,299,299,299,299,299,293,299,305,305,305,305,305,305,305,305,308,308,308,308,308,239,255],"gold":2815,"neow_bonus":"THREE_ENEMY_KILL","is_daily":false,"chose_seed":false,"campfire_upgraded":8,"win_rate":0.0,"timestamp":1610294705,"path_taken":["M","?","?","M","?","R","E","?","T","?","?","M","E","M","R","BOSS","M","$","M","?","$","R","M","R","T","R","E","?","?","M","R","BOSS","M","M","M","?","?","E","?","E","T","R","E","R","?","M","R","BOSS","R","$","E","BOSS"],"items_purchased_type":["Card","Card","Card","Card","Card","Card","Relic","Card","Card","Card","Card","Card","Card","Card","Card","Card","Card","Card","Card"],"build_version":"2020-12-22","purchased_purges":1,"victory":true,"max_hp_per_floor":[65,65,65,65,77,77,83,83,83,83,83,107,173,197,197,299,299,299,299,299,299,299,299,299,299,299,299,299,299,299,299,299,299,299,299,299,299,299,299,299,305,305,305,305,305,305,305,305,308,308,308,308,308,308,308],"card_choices":[{"not_picked":["BottledTime","Defy"],"picked":"FastForward","floor":1.0},{"not_picked":["Ricochet","ShatteredReality"],"picked":"Contraction+1","floor":4.0},{"not_picked":["infinitespire:SevenWalls","ReplayTheSpireMod:Black Plague"],"picked":"infinitespire:Fortify","floor":5.0},{"not_picked":["DoubleEdge","ShiftingGears+1"],"picked":"TheWorld+1","floor":7.0},{"not_picked":["Foresight","Collapse"],"picked":"SurpressingFire","floor":10.0},{"not_picked":["Rewind+1","SurpressingFire"],"picked":"Desolation","floor":12.0},{"not_picked":["Moonlight","StarChef"],"picked":"MurderousAura","floor":13.0},{"not_picked":["Revamp+1","DualDimension+1"],"picked":"Luminosity","floor":14.0},{"not_picked":["PendulumOfEternity","Duplication+1"],"picked":"Initiator","floor":16.0},{"not_picked":["Revamp+1","StarChef"],"picked":"BottledTime+1","floor":18.0},{"not_picked":["ReturningBlade","Alleviate+1"],"picked":"TimeWarp","floor":20.0},{"not_picked":["StarChef+1","Unruled"],"picked":"TimeWarp+1","floor":24.0},{"not_picked":["Misdirection+1","SpecialFormula+1"],"picked":"MurderousAura","floor":28.0},{"not_picked":[],"picked":"ShatteredReality","floor":29},{"not_picked":[],"picked":"Rearm+1","floor":29},{"not_picked":[],"picked":"Revamp+1","floor":29},{"not_picked":[],"picked":"WasteNot","floor":29},{"not_picked":[],"picked":"Survey Options+1","floor":29},{"not_picked":[],"picked":"Violence+1","floor":29},{"not_picked":["DoubleEdge"],"picked":"SKIP","floor":29},{"not_picked":["ShatteredReality","Alleviate+1"],"picked":"Potential+1","floor":30},{"not_picked":["LightFlow","Alleviate+1"],"picked":"Barrier+1","floor":31},{"not_picked":["FlawlessForm","Sunlight"],"picked":"PendulumOfEternity","floor":33},{"not_picked":["TimeWarp","DoubleEdge"],"picked":"Collapse","floor":35},{"not_picked":["DualDimension+1","Alleviate+1"],"picked":"SpecialFormula+1","floor":36},{"not_picked":["Spin","Sabotage"],"picked":"SpecialFormula+1","floor":37},{"not_picked":["Replace+1","Revamp+1","Rearm+1"],"picked":"SKIP","floor":39},{"not_picked":["Revamp+1","DoubleEdge"],"picked":"ReturningBlade+1","floor":40},{"not_picked":["Reset+1","Replace+1"],"picked":"Luminosity","floor":42},{"not_picked":["SilverBlades","Unruled"],"picked":"BottledTime+1","floor":45},{"not_picked":["Foresight+1","Unruled"],"picked":"Reset+1","floor":47},{"not_picked":["InstantArmor+1","Defy+1"],"picked":"FanOfKnives","floor":48},{"not_picked":["Replace+1","Revamp+1","Desolation"],"picked":"SKIP","floor":54}],"player_experience":1472182,"relics_obtained":[{"floor":7.0,"key":"Mirror"},{"floor":9.0,"key":"The Courier"},{"floor":13.0,"key":"Tiny Chest"},{"floor":26.0,"key":"halation:Toothbrush"},{"floor":28.0,"key":"Replay:Rubber Ducky"},{"floor":29,"key":"Potion Belt"},{"floor":29,"key":"conspire:TopHat"},{"floor":29,"key":"BargainBundle"},{"floor":40,"key":"Replay:Bandana"},{"floor":42,"key":"Old Coin"},{"floor":43,"key":"Anchor"},{"floor":45,"key":"halation:AfternoonTea"},{"floor":54,"key":"hubris:Potato"}],"event_choices":[{"damage_healed":0.0,"max_hp_gain":0.0,"max_hp_loss":0.0,"gold_gain":0.0,"event_name":"betterThird:BetterScrap","player_choice":"Relic ","floor":3.0,"gold_loss":0.0,"damage_taken":7.0,"cards_obtained":["Eviscerate"]},{"damage_healed":0.0,"max_hp_gain":0.0,"max_hp_loss":0.0,"gold_gain":100.0,"event_name":"Golden Shrine","player_choice":"Pray","floor":11.0,"gold_loss":0.0,"damage_taken":0.0},{"cards_removed":["hubris:Greed","hubris:Greed","hubris:Greed","hubris:Greed","hubris:Greed","hubris:Greed","hubris:Greed","hubris:Greed","hubris:Greed","hubris:Greed","hubris:Greed","hubris:Greed","hubris:Greed","hubris:Greed","hubris:Greed","hubris:Greed","hubris:Greed","hubris:Greed","hubris:Greed","hubris:Greed","hubris:Greed","hubris:Greed","hubris:Greed","hubris:Greed","hubris:Greed","hubris:Greed","hubris:Greed","hubris:Greed","hubris:Greed","hubris:Greed","hubris:Greed","hubris:Greed","hubris:Greed","hubris:Greed","hubris:Greed","hubris:Greed","Hallucinations","hubris:Greed","Injury"],"damage_healed":0.0,"max_hp_gain":0.0,"max_hp_loss":0.0,"gold_gain":0.0,"event_name":"Fountain of Cleansing","player_choice":"Removed Curses","floor":21.0,"gold_loss":0.0,"damage_taken":0.0},{"damage_healed":0,"gold_gain":275,"player_choice":"Desecrate","damage_taken":0,"max_hp_gain":0,"max_hp_loss":0,"event_name":"Golden Shrine","floor":41,"gold_loss":0,"cards_obtained":["Regret"]}],"is_beta":false,"boss_relics":[{"not_picked":["halation:PinkAlligatorPlush","hubris:ScarierMask"],"picked":"Replay:Bronze Core"},{"not_picked":["energizedSpire:DeadBattery","aspiration:RunicSpoon"],"picked":"hubris:VirtuousBlindfold"}],"items_purged_floors":[19],"is_endless":false,"potions_floor_spawned":[4,12,16,24,28,30,33,36,40,47,48,54],"ascension_level":0}}