{"host":"7l2t4psy44vpcd9q","time":1610282225,"event":{"mods":["AchievementEnabler","BaseMod","DeckTracker","Minty Spire (QoL Compilation)","SuperFastMode"],"gold_per_floor":[10,27,27,27,46,46,65,65,91,116,129,129,170,191,191,287,287,312,327,146,167,217,217,217,217,217,217,236,250,250,165,165,165,165],"floor_reached":33,"playtime":1402,"items_purged":["Strike_B"],"score":502,"play_id":"4ce1f603-3406-45b5-8d8b-6fdabbb3161a","local_time":"20210110213705","is_ascension_mode":true,"campfire_choices":[{"floor":6,"key":"DIG"},{"floor":8,"key":"DIG"},{"data":"Beam Cell","floor":12,"key":"SMITH"},{"floor":15,"key":"REST"},{"data":"Genetic Algorithm","floor":23,"key":"SMITH"},{"floor":25,"key":"DIG"},{"floor":27,"key":"DIG"},{"floor":32,"key":"REST"}],"circlet_count":0,"master_deck":["AscendersBane","Strike_B+1","Strike_B+1","Strike_B+1","Defend_B+1","Defend_B+1","Defend_B+1","Defend_B+1","Zap","Dualcast","Glacier","Compile Driver","Gash","Sweeping Beam","Ball Lightning","Beam Cell+1","Rebound","Chill","Machine Learning","Genetic Algorithm+1","Turbo","Dark Shackles","Darkness"],"relics":["Cracked Core","Shovel","Golden Idol","Anchor","Du-Vu Doll","Regal Pillow","Incense Burner","Velvet Choker","Art of War","Shuriken","StrikeDummy"],"acts_visited":["Exordium","TheCity"],"potions_floor_usage":[13,16,19,24,24,24,28],"damage_taken":[{"damage":2,"enemies":"Jaw Worm","floor":1,"turns":3},{"damage":6,"enemies":"Small Slimes","floor":2,"turns":4},{"damage":3,"enemies":"2 Louse","floor":5,"turns":4},{"damage":17,"enemies":"Exordium Thugs","floor":7,"turns":6},{"damage":0,"enemies":"Large Slime","floor":10,"turns":4},{"damage":0,"enemies":"Red Slaver","floor":11,"turns":3},{"damage":11,"enemies":"3 Sentries","floor":13,"turns":7},{"damage":3,"enemies":"Blue Slaver","floor":14,"turns":3},{"damage":33,"enemies":"Slime Boss","floor":16,"turns":9},{"damage":0,"enemies":"Chosen","floor":18,"turns":3},{"damage":3,"enemies":"3 Byrds","floor":19,"turns":3},{"damage":16,"enemies":"3 Cultists","floor":21,"turns":5},{"damage":0,"enemies":"Cultist and Chosen","floor":24,"turns":2},{"damage":20,"enemies":"Chosen and Byrds","floor":28,"turns":7},{"damage":6,"enemies":"Snake Plant","floor":29,"turns":5},{"damage":68,"enemies":"Automaton","floor":33,"turns":6}],"seed_played":"1758966673251817492","potions_obtained":[{"floor":7,"key":"Explosive Potion"},{"floor":13,"key":"Swift Potion"},{"floor":14,"key":"SkillPotion"},{"floor":16,"key":"Explosive Potion"},{"floor":19,"key":"FearPotion"},{"floor":21,"key":"EntropicBrew"}],"is_trial":false,"path_per_floor":["M","M","$","?","M","R","M","R","T","M","M","R","E","M","R","B",null,"M","M","$","M","?","R","M","R","T","R","M","M","?","$","R","B"],"character_chosen":"DEFECT","items_purchased":["Dark Shackles","Darkness"],"campfire_rested":2,"item_purchase_floors":[20,31],"current_hp_per_floor":[62,56,56,56,53,53,36,36,36,36,36,36,25,22,56,23,54,54,51,51,35,35,35,35,35,35,35,15,9,9,9,43,0,0],"gold":165,"neow_bonus":"ONE_RARE_RELIC","is_daily":false,"chose_seed":false,"campfire_upgraded":2,"win_rate":0.0,"timestamp":1610282225,"path_taken":["M","M","$","?","M","R","M","R","T","M","M","R","E","M","R","BOSS","M","M","$","M","?","R","M","R","T","R","M","M","?","?","R","BOSS"],"items_purchased_type":["Card","Card"],"build_version":"2020-12-22","purchased_purges":1,"victory":false,"max_hp_per_floor":[71,71,71,64,64,64,64,64,64,64,64,64,64,64,64,64,64,64,64,64,64,64,64,64,64,64,64,64,64,64,64,64,64,64],"card_choices":[{"not_picked":["Gash","Aggregate"],"picked":"Glacier","floor":1},{"not_picked":["Turbo","Barrage"],"picked":"Compile Driver","floor":2},{"not_picked":["Rebound","Amplify"],"picked":"Gash","floor":5},{"not_picked":["Coolheaded","Conserve Battery"],"picked":"Sweeping Beam","floor":7},{"not_picked":["Auto Shields","Turbo"],"picked":"Ball Lightning","floor":10},{"not_picked":["Doom and Gloom","Hologram"],"picked":"Beam Cell","floor":11},{"not_picked":["Conserve Battery","Stack"],"picked":"Rebound","floor":13},{"not_picked":["Cold Snap","Self Repair"],"picked":"Chill","floor":14},{"not_picked":["Fission","Thunder Strike"],"picked":"Machine Learning","floor":16},{"not_picked":["Cold Snap","Turbo"],"picked":"Genetic Algorithm","floor":18},{"not_picked":["Streamline","Stack"],"picked":"Turbo","floor":19},{"not_picked":["Fusion","Ball Lightning","Gash"],"picked":"SKIP","floor":21},{"not_picked":["Heatsinks","Rebound","Conserve Battery"],"picked":"SKIP","floor":28},{"not_picked":["Ball Lightning","Streamline","Beam Cell+1"],"picked":"SKIP","floor":29}],"player_experience":1169904,"relics_obtained":[{"floor":6,"key":"Anchor"},{"floor":8,"key":"Du-Vu Doll"},{"floor":9,"key":"Regal Pillow"},{"floor":13,"key":"Incense Burner"},{"floor":25,"key":"Art of War"},{"floor":26,"key":"Shuriken"},{"floor":27,"key":"StrikeDummy"}],"event_choices":[{"damage_healed":0,"gold_gain":0,"player_choice":"Lose Max HP","damage_taken":0,"relics_obtained":["Golden Idol"],"max_hp_gain":0,"max_hp_loss":7,"event_name":"Golden Idol","floor":4,"gold_loss":0},{"damage_healed":0,"gold_gain":50,"player_choice":"Stole From Cult","damage_taken":0,"max_hp_gain":0,"max_hp_loss":0,"event_name":"Nest","floor":22,"gold_loss":0},{"damage_healed":0,"gold_gain":0,"player_choice":"Simplicity","damage_taken":0,"max_hp_gain":0,"max_hp_loss":0,"event_name":"Back to Basics","floor":30,"gold_loss":0,"cards_upgraded":["Strike_B","Strike_B","Strike_B","Defend_B","Defend_B","Defend_B","Defend_B"]}],"is_beta":false,"boss_relics":[{"not_picked":["FrozenCore","Sozu"],"picked":"Velvet Choker"}],"items_purged_floors":[20],"is_endless":false,"potions_floor_spawned":[7,13,14,16,19,21],"killed_by":"Automaton","ascension_level":20}}