{"host":"zgdag062zrknap1a","time":1610260529,"event":{"mods":["AchievementEnabler","Act Like it!","Aspiration","Bard","BaseMod","BetterRewards","Colored Map","Colored Powertips","Conspire","Downfall","Gensokyo","Hallownest","Hermit","Highlight Path","Hubris","Infinite Spire","Jorbs\u0027s Wanderer Trilogy","Marisa????????","Minty Spire (QoL Compilation)","Quick Restart","Rare Cards Sparkle","Replay The Spire","Shop Mod","StSLib","The Bug Knight","The Cursed","The Hierophant","The Necromancer","The Runesmith","The Servant 0.9.4"],"gold_per_floor":[110,124,124,124,141,141,141,167,167,137,153,172,172,172,172,272,272],"floor_reached":16,"playtime":1394,"items_purged":["Bash"],"score":175,"play_id":"7effb106-0e84-4c6a-8bf2-edde94f3ff77","local_time":"20210109223529","is_ascension_mode":false,"campfire_choices":[{"floor":6,"key":"RECALL"},{"data":"Body Slam","floor":13,"key":"SMITH"},{"data":"Flame Barrier","floor":15,"key":"SMITH"}],"circlet_count":0,"master_deck":["Strike_R","Strike_R","Strike_R","Strike_R","Strike_R","Defend_R","Defend_R","Defend_R","Defend_R","Shrug It Off","True Grit","Flame Barrier+1","Replay:SS_hec_2+1","Body Slam+1"],"relics":["Burning Blood","Replay:Baseball","Replay:Rubber Ducky","hubris:PeanutButter","Blue Candle"],"acts_visited":["Exordium"],"potions_floor_usage":[8,8,16],"damage_taken":[{"damage":0,"enemies":"Cultist","floor":1,"turns":5},{"damage":0,"enemies":"2 Louse","floor":2,"turns":5},{"damage":0,"enemies":"Small Slimes","floor":5,"turns":5},{"damage":0,"enemies":"3 Sentries","floor":8,"turns":16},{"damage":0,"enemies":"Looter","floor":10,"turns":4},{"damage":0,"enemies":"Exordium Wildlife","floor":11,"turns":6},{"damage":0,"enemies":"2 Fungi Beasts","floor":12,"turns":5},{"damage":29,"enemies":"Hexaghost","floor":16,"turns":11}],"seed_played":"-3974371242520306258","potions_obtained":[{"floor":5,"key":"Adrenaline Potion"},{"floor":8,"key":"PowerPotion"},{"floor":11,"key":"Explosive Potion"},{"floor":16,"key":"Elixir"}],"is_trial":false,"path_per_floor":["M","M","T","?","M","R","$","E","T","M","M","M","R","?","R","B"],"character_chosen":"IRONCLAD","items_purchased":["Shrug It Off","True Grit","Replay:Baseball","Flame Barrier","Replay:Rubber Ducky","Replay:SS_hec_2","Cursed Concoction"],"campfire_rested":0,"item_purchase_floors":[0,0,0,0,0,0,0],"current_hp_per_floor":[50,56,56,56,62,62,62,68,68,74,80,80,80,80,80,57,57],"gold":272,"neow_bonus":"","is_daily":false,"chose_seed":false,"campfire_upgraded":2,"win_rate":0.0,"timestamp":1610260529,"path_taken":["M","M","?","?","M","R","$","E","T","M","M","M","R","?","R","BOSS"],"items_purchased_type":["Card","Card","Relic","Card","Relic","Card","Potion"],"build_version":"2020-12-22","purchased_purges":1,"victory":false,"max_hp_per_floor":[80,80,80,80,80,80,80,80,80,80,80,80,80,80,80,80,80],"card_choices":[{"not_picked":["Sever Soul","Warcry","Burning Pact"],"picked":"SKIP","floor":1},{"not_picked":["Reckless Charge","hubris:SharpeningStone","Cleave"],"picked":"SKIP","floor":2},{"not_picked":["Whirlwind","Carnage","hubris:SharpeningStone"],"picked":"SKIP","floor":5},{"not_picked":["Run Through","Bloodletting","Massacre"],"picked":"SKIP","floor":8},{"not_picked":["Heavy Blade","Intimidate","Havoc"],"picked":"SKIP","floor":10},{"not_picked":["Flex","Thunderclap"],"picked":"Body Slam","floor":11},{"not_picked":["Heavy Blade","Dual Wield","Warcry"],"picked":"SKIP","floor":12}],"player_experience":366650,"relics_obtained":[{"floor":8,"key":"hubris:PeanutButter"},{"floor":9,"key":"Blue Candle"}],"event_choices":[{"damage_healed":0,"gold_gain":0,"player_choice":"0 cards matched","damage_taken":0,"max_hp_gain":0,"max_hp_loss":0,"event_name":"Match and Keep!","floor":14,"gold_loss":0,"cards_obtained":[]}],"is_beta":false,"boss_relics":[],"items_purged_floors":[0],"is_endless":false,"potions_floor_spawned":[5,8,11,16],"killed_by":"Hexaghost","ascension_level":0}}