{"host":"f5uumzf5hfexzk8l","time":1610301294,"event":{"mods":["AchievementEnabler","BaseMod","Bestiary","Colored Map","Googly Eyes","Minty Spire (QoL Compilation)","Permanent Neow","Relic Sorter","Relic Stats","SuperFastMode","Unceasing Turn Reminder","everything is the same but u backflip on backflip"],"gold_per_floor":[114,129,129,144,159,159,174,189,214,214,229,244,259,289,289,389,389,404,429,429,354,369,369,384,399,399,399,399,414,414,414],"floor_reached":30,"playtime":854,"items_purged":[],"score":263,"play_id":"4204b4e5-7006-4375-814e-744de590f1ea","local_time":"20210110095454","daily_mods":["Specialized","Diverse","Night Terrors"],"is_ascension_mode":false,"campfire_choices":[{"data":"Eruption","floor":6.0,"key":"SMITH"},{"data":"Clothesline","floor":10.0,"key":"SMITH"},{"data":"Footwork","floor":15.0,"key":"SMITH"},{"data":"Echo Form","floor":23.0,"key":"SMITH"},{"data":"Sunder","floor":27.0,"key":"SMITH"}],"circlet_count":0,"master_deck":["Strike_P+1","Strike_P+1","Strike_P+1","Strike_P+1","Defend_P+1","Defend_P+1","Defend_P+1","Defend_P+1","Eruption+1","Vigilance","Accuracy","Accuracy","Accuracy","Accuracy","Clothesline+1","Crippling Poison+1","ReachHeaven","Footwork+1","Backflip","Echo Form+1","Sunder+1","True Grit+1","EmptyBody+1"],"relics":["PureWater","Strawberry","Mummified Hand","Runic Pyramid","Boot","Bag of Marbles","MutagenicStrength"],"acts_visited":["Exordium","TheCity"],"potions_floor_usage":[],"damage_taken":[{"damage":0.0,"enemies":"2 Louse","floor":1.0,"turns":4.0},{"damage":3.0,"enemies":"Cultist","floor":2.0,"turns":5.0},{"damage":0.0,"enemies":"Small Slimes","floor":4.0,"turns":4.0},{"damage":0.0,"enemies":"2 Fungi Beasts","floor":5.0,"turns":2.0},{"damage":1.0,"enemies":"3 Louse","floor":7.0,"turns":2.0},{"damage":10.0,"enemies":"Blue Slaver","floor":8.0,"turns":4.0},{"damage":2.0,"enemies":"Exordium Thugs","floor":11.0,"turns":3.0},{"damage":11.0,"enemies":"Gremlin Gang","floor":12.0,"turns":3.0},{"damage":24.0,"enemies":"Exordium Wildlife","floor":13.0,"turns":5.0},{"damage":9.0,"enemies":"Lagavulin","floor":14.0,"turns":7.0},{"damage":2.0,"enemies":"Slime Boss","floor":16.0,"turns":8.0},{"damage":25.0,"enemies":"2 Thieves","floor":18.0,"turns":4.0},{"damage":0.0,"enemies":"Chosen","floor":22.0,"turns":3.0},{"damage":10.0,"enemies":"Snake Plant","floor":24.0,"turns":5.0},{"damage":8.0,"enemies":"Cultist and Chosen","floor":25.0,"turns":5.0},{"damage":8.0,"enemies":"Centurion and Healer","floor":29.0,"turns":6.0},{"damage":0,"enemies":"Slavers","floor":30,"turns":1}],"seed_played":"-956745095108410897","potions_obtained":[{"floor":1.0,"key":"Fire Potion"},{"floor":4.0,"key":"DuplicationPotion"},{"floor":8.0,"key":"DuplicationPotion"},{"floor":13.0,"key":"Explosive Potion"},{"floor":14.0,"key":"Weak Potion"},{"floor":22.0,"key":"GamblersBrew"},{"floor":29.0,"key":"AttackPotion"}],"is_trial":false,"path_per_floor":["M","M","?","M","M","R","M","M","T","R","M","M","M","E","R","B",null,"M","T","?","?","M","R","M","M","T","R","?","M","E"],"character_chosen":"WATCHER","items_purchased":[],"campfire_rested":0,"item_purchase_floors":[],"current_hp_per_floor":[72,69,69,69,69,69,68,58,65,65,63,52,28,19,19,17,79,54,54,54,54,54,54,44,36,36,36,36,28,28,28],"gold":414,"neow_bonus":"","is_daily":true,"chose_seed":false,"campfire_upgraded":5,"win_rate":0.0,"timestamp":1610301294,"path_taken":["M","M","?","M","M","R","M","M","T","R","M","M","M","E","R","BOSS","M","?","?","?","M","R","M","M","T","R","?","M","E"],"items_purchased_type":[],"build_version":"2020-12-22","purchased_purges":0,"victory":false,"max_hp_per_floor":[72,72,72,72,72,72,72,72,79,79,79,79,79,79,79,79,79,79,79,79,79,79,79,79,79,79,79,79,79,79,79],"relic_stats":{"counters":[17,71],"Mummified Hand":[28],"Boot":[4],"obtain_stats":[{"Mummified Hand":14,"Strawberry":9,"MutagenicStrength":28,"Bag of Marbles":26,"PureWater":0,"Boot":19,"Runic Pyramid":17},{"Mummified Hand":10,"Strawberry":6,"MutagenicStrength":15,"Bag of Marbles":15,"PureWater":0,"Boot":12,"Runic Pyramid":11},{"Mummified Hand":39,"Strawberry":21,"MutagenicStrength":64,"Bag of Marbles":64,"PureWater":0,"Boot":51,"Runic Pyramid":47}]},"card_choices":[{"not_picked":["Finisher","Flechettes"],"picked":"Clothesline","floor":1.0},{"not_picked":["Poisoned Stab","Steam"],"picked":"Crippling Poison","floor":2.0},{"not_picked":["Underhanded Strike","Havoc","Fission"],"picked":"SKIP","floor":4.0},{"not_picked":["Sever Soul","Riddle With Holes","Halt"],"picked":"SKIP","floor":5.0},{"not_picked":["Deflect","Setup","SashWhip"],"picked":"SKIP","floor":7.0},{"not_picked":["SignatureMove","Wireheading"],"picked":"ReachHeaven","floor":8.0},{"not_picked":["Acrobatics","Twin Strike","Prostrate"],"picked":"SKIP","floor":11.0},{"not_picked":["Capacitor","Hemokinesis","Worship"],"picked":"SKIP","floor":12.0},{"not_picked":["Coolheaded","Flechettes"],"picked":"Footwork","floor":13.0},{"not_picked":["Electrodynamics","Deadly Poison"],"picked":"Backflip","floor":14.0},{"not_picked":["Buffer","Offering"],"picked":"Echo Form","floor":16.0},{"not_picked":["Dagger Throw","FlyingSleeves"],"picked":"Sunder","floor":18.0},{"not_picked":["Cold Snap","Rip and Tear+1"],"picked":"True Grit+1","floor":22.0},{"not_picked":["Pray","Sword Boomerang","Twin Strike"],"picked":"SKIP","floor":24.0},{"not_picked":["Scrape","Shockwave+1"],"picked":"EmptyBody+1","floor":25.0},{"not_picked":["Beam Cell","Predator","Steam Power+1"],"picked":"SKIP","floor":29.0}],"player_experience":386784,"relics_obtained":[{"floor":9.0,"key":"Strawberry"},{"floor":14.0,"key":"Mummified Hand"},{"floor":19.0,"key":"Boot"},{"floor":26.0,"key":"Bag of Marbles"}],"event_choices":[{"damage_healed":0.0,"max_hp_gain":0.0,"max_hp_loss":0.0,"gold_gain":0.0,"event_name":"Upgrade Shrine","player_choice":"Upgraded","floor":3.0,"gold_loss":0.0,"damage_taken":0.0,"cards_upgraded":["Crippling Poison"]},{"damage_healed":0.0,"max_hp_gain":0.0,"max_hp_loss":0.0,"gold_gain":0.0,"event_name":"Back to Basics","player_choice":"Simplicity","floor":20.0,"gold_loss":0.0,"damage_taken":0.0,"cards_upgraded":["Strike_P","Strike_P","Strike_P","Strike_P","Defend_P","Defend_P","Defend_P","Defend_P"]},{"cards_removed":["Accuracy"],"damage_healed":0.0,"max_hp_gain":0.0,"max_hp_loss":0.0,"gold_gain":0.0,"event_name":"Beggar","player_choice":"Gave Gold","floor":21.0,"gold_loss":75.0,"damage_taken":0.0},{"damage_healed":0.0,"max_hp_gain":0.0,"max_hp_loss":0.0,"gold_gain":0.0,"event_name":"Drug Dealer","player_choice":"Inject Mutagens","floor":28.0,"gold_loss":0.0,"damage_taken":0.0,"relics_obtained":["MutagenicStrength"]}],"is_beta":false,"boss_relics":[{"not_picked":["Fusion Hammer","Velvet Choker"],"picked":"Runic Pyramid"}],"items_purged_floors":[],"is_endless":false,"potions_floor_spawned":[1,4,8,13,14,22,29],"killed_by":"Slavers","ascension_level":0}}