{"host":"hcg1n1zeml53gytb","time":1610237849,"event":{"mods":["BaseMod","Better Third Choice","Colored Powertips","Displayed Cursed Tome","Hermit","Highlight Path","Minty Spire (QoL Compilation)","Quick Restart","Rare Cards Sparkle","Relic Stats","Replay The Spire","StSLib","The Cursed"],"gold_per_floor":[117,117,133,133,133,166,178,211,211,211,211,228,243,308,308,405,405,423,423,433,433,433],"floor_reached":21,"playtime":962,"items_purged":[],"score":257,"play_id":"b2a8b4dd-d40e-405b-8126-1845a9744a85","local_time":"20210109181729","is_ascension_mode":true,"campfire_choices":[{"floor":11,"key":"REST"},{"floor":15,"key":"REST"}],"circlet_count":0,"master_deck":["Strike_R","Strike_R","Strike_R","Defend_R","Defend_R","Defend_R","Defend_R","Bash+1","Cleave","Disarm","Twin Strike","Reaper","Shrug It Off","Dropkick","Impervious","True Grit+1","Sword Boomerang"],"relics":["Burning Blood","NeowsBlessing","Garlic","TungstenRod","Bag of Preparation","Replay:WaspNest","Replay:Mystery Machine","Cursed Key"],"acts_visited":["Exordium","TheCity"],"potions_floor_usage":[8,14,16,16,21],"damage_taken":[{"damage":0,"enemies":"2 Louse","floor":1,"turns":1},{"damage":5,"enemies":"Small Slimes","floor":3,"turns":2},{"damage":0,"enemies":"3 Sentries","floor":6,"turns":2},{"damage":2,"enemies":"Cultist","floor":7,"turns":3},{"damage":73,"enemies":"Lagavulin","floor":8,"turns":9},{"damage":7,"enemies":"Looter","floor":12,"turns":2},{"damage":29,"enemies":"Large Slime","floor":13,"turns":7},{"damage":26,"enemies":"3 Sentries","floor":14,"turns":6},{"damage":63,"enemies":"Fading Forest","floor":16,"turns":11},{"damage":15,"enemies":"3 Byrds","floor":18,"turns":6},{"damage":21,"enemies":"Spheric Guardian","floor":20,"turns":8},{"damage":0,"enemies":"3 Cultists","floor":21,"turns":1}],"seed_played":"7007824187939585556","potions_obtained":[{"floor":7,"key":"ElixirPotion"},{"floor":12,"key":"SpeedPotion"},{"floor":13,"key":"LiquidBronze"},{"floor":14,"key":"Elixir"},{"floor":16,"key":"DistilledChaos"},{"floor":20,"key":"SpeedPotion"}],"is_trial":false,"path_per_floor":["M","?","M","?","?","E","M","E","T","?","R","M","M","?","R","B",null,"M","?","M","M"],"character_chosen":"IRONCLAD","items_purchased":[],"campfire_rested":2,"item_purchase_floors":[],"current_hp_per_floor":[80,80,80,80,80,80,80,13,13,13,37,36,17,9,33,12,80,71,71,56,56,56],"gold":433,"neow_bonus":"THREE_ENEMY_KILL","is_daily":false,"chose_seed":false,"campfire_upgraded":0,"win_rate":0.0,"timestamp":1610237849,"path_taken":["M","?","M","?","?","E","M","E","T","?","R","?","M","?","R","BOSS","M","?","M","?"],"items_purchased_type":[],"build_version":"2020-12-22","purchased_purges":0,"victory":false,"max_hp_per_floor":[80,80,80,80,80,80,80,80,80,80,80,80,80,80,80,80,80,80,80,80,80,80],"relic_stats":{"counters":[12,58],"Bag of Preparation":[14],"Cursed Key":0,"obtain_stats":[{"NeowsBlessing":0,"Replay:WaspNest":9,"Garlic":2,"Bag of Preparation":8,"Replay:Mystery Machine":14,"Cursed Key":17,"Burning Blood":0,"TungstenRod":6},{"NeowsBlessing":0,"Replay:WaspNest":5,"Garlic":1,"Bag of Preparation":5,"Replay:Mystery Machine":8,"Cursed Key":9,"Burning Blood":0,"TungstenRod":3},{"NeowsBlessing":0,"Replay:WaspNest":17,"Garlic":1,"Bag of Preparation":17,"Replay:Mystery Machine":32,"Cursed Key":43,"Burning Blood":0,"TungstenRod":5}],"Burning Blood":49,"TungstenRod":30},"card_choices":[{"not_picked":["Warcry","Havoc"],"picked":"Cleave","floor":1},{"not_picked":["Replay:Undeath\u0027s Touch","Havoc","Clash"],"picked":"SKIP","floor":3},{"not_picked":["Battle Trance","Berserk"],"picked":"Disarm","floor":6},{"not_picked":["Wild Strike","Replay:Undeath\u0027s Touch","ReplayTheSpireMod:Strike From Hell"],"picked":"SKIP","floor":7},{"not_picked":["Blood for Blood","True Grit"],"picked":"Twin Strike","floor":8},{"not_picked":["Burning Pact","Inflame"],"picked":"Reaper","floor":12},{"not_picked":["Sword Boomerang","Life Link"],"picked":"Shrug It Off","floor":13},{"not_picked":["Heavy Blade","Rampage"],"picked":"Dropkick","floor":14},{"not_picked":["Berserk","Reaper"],"picked":"Impervious","floor":16},{"not_picked":["Anger+1","Defy Death"],"picked":"True Grit+1","floor":18},{"not_picked":["ReplayTheSpireMod:Limb From Limb","Dropkick"],"picked":"Sword Boomerang","floor":20}],"player_experience":469145,"relics_obtained":[{"floor":6,"key":"TungstenRod"},{"floor":8,"key":"Bag of Preparation"},{"floor":9,"key":"Replay:WaspNest"},{"floor":14,"key":"Replay:Mystery Machine"}],"event_choices":[{"damage_healed":0,"gold_gain":0,"player_choice":"Box","damage_taken":0,"relics_obtained":["Garlic"],"max_hp_gain":0,"max_hp_loss":0,"event_name":"Big Fish","floor":2,"gold_loss":0,"cards_obtained":["Regret"]},{"damage_healed":0,"gold_gain":0,"player_choice":"Grow","damage_taken":0,"max_hp_gain":0,"max_hp_loss":0,"event_name":"Living Wall","floor":4,"gold_loss":0,"cards_upgraded":["Bash"]},{"cards_removed":["Regret"],"damage_healed":0,"gold_gain":0,"player_choice":"Purged","damage_taken":0,"max_hp_gain":0,"max_hp_loss":0,"event_name":"Purifier","floor":10,"gold_loss":0},{"damage_healed":0,"gold_gain":0,"player_choice":"Searched \u00271\u0027 times","damage_taken":0,"max_hp_gain":0,"max_hp_loss":0,"event_name":"Dead Adventurer","floor":14,"gold_loss":0},{"cards_removed":["Strike_R"],"damage_healed":0,"gold_gain":0,"player_choice":"Offered Basic","damage_taken":0,"max_hp_gain":0,"max_hp_loss":0,"event_name":"Bonfire Elementals","floor":19,"gold_loss":0}],"is_beta":false,"boss_relics":[{"not_picked":["Replay:Drink Me","Electric Blood"],"picked":"Cursed Key"}],"items_purged_floors":[],"is_endless":false,"potions_floor_spawned":[7,12,13,14,16,20],"killed_by":"3 Cultists","ascension_level":4}}