{"host":"9n6i2vl93jt4o42q","time":1610246771,"event":{"mods":["BaseMod","Downfall","Minty Spire (QoL Compilation)","Relic Stats","StSLib"],"gold_per_floor":[99,99,114,114,124,274,297,297,316,335,260,15,0,17,29,107,107,107,121,136,16,33,33,33,44,62,28,28,38,38,51,63,141,141,141,157,168,179,40,40,67,67,67,179,104,131,56,67,77,77,77,111,2,2,2],"floor_reached":56,"playtime":7065,"items_purged":["Slimebound:Icky","Guardian:Strike_Guardian","Guardian:Strike_Guardian","Guardian:Defend_Guardian"],"score":1740,"play_id":"5410108b-020e-4154-9b09-c91a8ee068fc","local_time":"20210110034611","is_ascension_mode":true,"campfire_choices":[{"data":"Guardian:TwinSlam","floor":1.0,"key":"SMITH"},{"floor":8.0,"key":"RECALL"},{"data":"Guardian:CurlUp","floor":11.0,"key":"SMITH"},{"data":"Guardian:FastForward","floor":23.0,"key":"SMITH"},{"data":"Guardian:PrismaticBarrier","floor":28.0,"key":"SMITH"},{"data":"Guardian:TemporalShield","floor":30.0,"key":"SMITH"},{"data":"Guardian:TimeSifter","floor":40,"key":"SMITH"},{"data":"Guardian:BronzeArmor","floor":45,"key":"SMITH"},{"data":"Guardian:FuturePlans","floor":47,"key":"SMITH"},{"floor":54,"key":"REST"}],"circlet_count":0,"master_deck":["AscendersBane","Guardian:Strike_Guardian","Guardian:Defend_Guardian","Guardian:Defend_Guardian","Guardian:CurlUp+1","Guardian:TwinSlam+1","Guardian:PrimingBeam","Guardian:BronzeOrb","Guardian:AncientConstruct","Guardian:PiercingHide","Guardian:FuturePlans+1","Guardian:PrismaticBarrier+1","Guardian:Recover","Guardian:Planning","Guardian:FastForward+1","Guardian:Harden","Guardian:ChargeCore","Guardian:SentryBeam","Guardian:TemporalShield+1","Guardian:Repulse","Guardian:TemporalStrike+1","Guardian:PolyBeam","Guardian:DonusPower","Guardian:TimeSifter+1","Guardian:Gem_Fragmented","Guardian:ShieldCharger+1","Guardian:PrimingBeam","Guardian:MultiBeam+1","Guardian:SpikerProtocol","expansioncontent:ManipulateTime","Guardian:BronzeArmor+1","Guardian:TemporalShield+1","Guardian:DonusPower+1","Guardian:Clone"],"relics":["Guardian:ModeShifter","Guardian:PickAxe","Toy Ornithopter","downfall:HeartBlessingRed","Membership Card","Sozu","Guardian:PocketSentry","HornCleat","Empty Cage","Guardian:StasisUpgradeRelic","Pear","downfall:HeartBlessingBlue","Ginger","downfall:HeartBlessingGreen","InkBottle"],"acts_visited":["Exordium","TheCity","TheBeyond","TheEnding"],"potions_floor_usage":[],"damage_taken":[{"damage":6.0,"enemies":"Jaw Worm","floor":3.0,"turns":3.0},{"damage":0.0,"enemies":"Cultist","floor":4.0,"turns":1.0},{"damage":0.0,"enemies":"2 Louse","floor":5.0,"turns":2.0},{"damage":0.0,"enemies":"Exordium Wildlife","floor":9.0,"turns":2.0},{"damage":8.0,"enemies":"Blue Slaver","floor":10.0,"turns":4.0},{"damage":0.0,"enemies":"downfall:FleeingMerchant","floor":12.0,"turns":4.0},{"damage":7.0,"enemies":"downfall:FleeingMerchant","floor":13.0,"turns":4.0},{"damage":19.0,"enemies":"2 Fungi Beasts","floor":14.0,"turns":4.0},{"damage":3.0,"enemies":"Blue Slaver","floor":15.0,"turns":3.0},{"damage":27.0,"enemies":"downfall:Silent","floor":16.0,"turns":11.0},{"damage":5.0,"enemies":"Spheric Guardian","floor":19.0,"turns":5.0},{"damage":0.0,"enemies":"Chosen","floor":20.0,"turns":4.0},{"damage":0.0,"enemies":"downfall:FleeingMerchant","floor":21.0,"turns":4.0},{"damage":5.0,"enemies":"Centurion and Healer","floor":22.0,"turns":8.0},{"damage":0.0,"enemies":"3 Cultists","floor":25.0,"turns":5.0},{"damage":0.0,"enemies":"Snecko","floor":26.0,"turns":5.0},{"damage":0.0,"enemies":"downfall:FleeingMerchant","floor":27.0,"turns":4.0},{"damage":4.0,"enemies":"Shelled Parasite and Fungi","floor":29.0,"turns":5.0},{"damage":15.0,"enemies":"Snake Plant","floor":31.0,"turns":5.0},{"damage":0.0,"enemies":"Snecko","floor":32.0,"turns":6.0},{"damage":3.0,"enemies":"downfall:Watcher","floor":33.0,"turns":11.0},{"damage":0.0,"enemies":"Orb Walker","floor":36.0,"turns":3.0},{"damage":6.0,"enemies":"3 Shapes","floor":37.0,"turns":5.0},{"damage":12,"enemies":"Writhing Mass","floor":38,"turns":7},{"damage":0,"enemies":"downfall:FleeingMerchant","floor":39,"turns":4},{"damage":0,"enemies":"downfall:FleeingMerchant","floor":44,"turns":3},{"damage":0,"enemies":"Giant Head","floor":46,"turns":8},{"damage":0,"enemies":"Spire Growth","floor":48,"turns":5},{"damage":17,"enemies":"Transient","floor":49,"turns":5},{"damage":29,"enemies":"downfall:Ironclad","floor":50,"turns":11},{"damage":41,"enemies":"downfall:CharBossMerchant","floor":52,"turns":9},{"damage":15,"enemies":"downfall:NeowBoss","floor":55,"turns":17}],"seed_played":"-5758665752246516403","potions_obtained":[{"floor":5.0,"key":"Strength Potion"},{"floor":14.0,"key":"Weak Potion"},{"floor":16.0,"key":"Explosive Potion"}],"is_trial":false,"path_per_floor":["R","?","M","M","M","?","T","R","M","M","R","$","$","M","M","B",null,"R","M","M","$","M","R","T","M","M","$","R","M","R","M","M","B",null,"R","M","M","M","$","R","T","?","?","$","R","E","R","M","M","B",null,"E","$","R","B",null],"character_chosen":"GUARDIAN","items_purchased":["Membership Card","Guardian:FuturePlans","Guardian:PocketSentry","Guardian:ChargeCore","Guardian:Repulse","Guardian:Gem_Orange","Guardian:SpikerProtocol","Guardian:StasisUpgradeRelic","Pear","Guardian:Clone"],"campfire_rested":1,"item_purchase_floors":[12,12,21,21,27,39,39,44,44,53],"current_hp_per_floor":[72,72,66,66,66,66,66,66,66,58,58,58,51,32,29,7,62,62,57,67,67,62,62,62,62,62,62,62,58,58,43,43,40,70,70,70,64,52,52,52,52,52,52,62,72,72,72,72,55,26,82,41,41,71,56],"gold":2,"neow_bonus":"RANDOM_COMMON_RELIC","is_daily":false,"chose_seed":false,"campfire_upgraded":8,"win_rate":0.0,"timestamp":1610246771,"path_taken":["R","?","M","M","M","?","T","R","M","M","R","?","$","M","M","BOSS","R","M","M","?","M","R","T","M","M","$","R","M","R","?","M","BOSS","R","M","M","?","$","R","T","?","?","$","R","E","R","M","M","BOSS","E","$","R","BOSS"],"items_purchased_type":["Relic","Card","Relic","Card","Card","Card","Card","Relic","Relic","Card"],"build_version":"2020-12-22","purchased_purges":4,"victory":true,"max_hp_per_floor":[80,80,80,80,80,80,80,80,80,80,80,80,80,80,80,80,80,80,80,80,80,80,80,80,80,80,80,80,80,80,80,80,80,80,80,80,80,80,80,80,80,80,80,90,100,100,100,100,100,100,100,100,100,100,100],"relic_stats":{"Sozu":10,"counters":[32,175],"Ginger":[9],"obtain_stats":[{"Pear":44,"downfall:HeartBlessingRed":11,"Guardian:ModeShifter":0,"downfall:HeartBlessingGreen":47,"Guardian:PocketSentry":21,"Ginger":46,"Empty Cage":34,"Guardian:PickAxe":0,"Sozu":17,"Guardian:StasisUpgradeRelic":44,"downfall:BrokenWingStatue":2,"HornCleat":24,"downfall:HeartBlessingBlue":45,"Membership Card":12,"Toy Ornithopter":7,"InkBottle":52},{"Pear":26,"downfall:HeartBlessingRed":5,"Guardian:ModeShifter":0,"downfall:HeartBlessingGreen":27,"Guardian:PocketSentry":13,"Ginger":27,"Empty Cage":21,"Guardian:PickAxe":0,"Sozu":10,"Guardian:StasisUpgradeRelic":26,"downfall:BrokenWingStatue":0,"HornCleat":14,"downfall:HeartBlessingBlue":26,"Membership Card":6,"Toy Ornithopter":3,"InkBottle":31},{"Pear":120,"downfall:HeartBlessingRed":12,"Guardian:ModeShifter":0,"downfall:HeartBlessingGreen":128,"Guardian:PocketSentry":51,"Ginger":128,"Empty Cage":98,"Guardian:PickAxe":0,"Sozu":38,"Guardian:StasisUpgradeRelic":120,"downfall:BrokenWingStatue":0,"HornCleat":59,"downfall:HeartBlessingBlue":120,"Membership Card":16,"Toy Ornithopter":6,"InkBottle":158}],"Toy Ornithopter":15,"InkBottle":[15]},"card_choices":[{"not_picked":["Guardian:WalkerClaw","Guardian:Gem_Lightblue"],"picked":"Guardian:PrimingBeam","floor":3.0},{"not_picked":["Guardian:TemporalShield","Guardian:Suspension"],"picked":"Guardian:BronzeOrb","floor":4.0},{"not_picked":["Guardian:ShieldSpikes","Guardian:GuardianWhirl"],"picked":"Guardian:Gem_Fragmented","floor":5.0},{"not_picked":["Guardian:RollAttack","Guardian:Gem_Green"],"picked":"Guardian:AncientConstruct","floor":9.0},{"not_picked":["Guardian:Incinerate","Guardian:ShieldCharger"],"picked":"Guardian:Gem_Cyan","floor":10.0},{"not_picked":["Guardian:Gem_Purple","Guardian:TemporalStrike"],"picked":"Guardian:PiercingHide","floor":12.0},{"not_picked":["Guardian:ConstructionForm","Guardian:Gem_Lightblue"],"picked":"Guardian:PrismaticBarrier","floor":13.0},{"not_picked":["Guardian:Reroute","Guardian:TemporalShield"],"picked":"Guardian:Recover","floor":14.0},{"not_picked":["Guardian:PiercingHide","Guardian:VentSteam"],"picked":"Guardian:Planning","floor":15.0},{"not_picked":["Guardian:GatlingBeam","Guardian:StasisStrike"],"picked":"Guardian:FastForward","floor":16.0},{"not_picked":["Guardian:CrystalBeam","Guardian:ShieldSpikes"],"picked":"Guardian:Harden","floor":19.0},{"not_picked":["Guardian:CrystalBeam","Guardian:Gem_Lightblue","Guardian:FloatingOrbs"],"picked":"SKIP","floor":20.0},{"not_picked":["Guardian:PrimingBeam","Guardian:Reroute"],"picked":"Guardian:Gem_Red","floor":21.0},{"not_picked":["Guardian:RefractedBeam","Guardian:PrimingBeam"],"picked":"Guardian:SentryBeam","floor":22.0},{"not_picked":["Guardian:Preprogram","Guardian:FuturePlans"],"picked":"Guardian:Gem_Blue","floor":25.0},{"not_picked":["Guardian:PrismaticBeam","Guardian:CrystalBeam"],"picked":"Guardian:TemporalShield","floor":26.0},{"not_picked":["Guardian:FastForward","Guardian:ChargeCore","Guardian:Suspension"],"picked":"SKIP","floor":27.0},{"not_picked":["Guardian:Planning","Guardian:Incinerate"],"picked":"Guardian:TemporalStrike+1","floor":29.0},{"not_picked":["Guardian:Incinerate","Guardian:Reroute"],"picked":"Guardian:PolyBeam","floor":31.0},{"not_picked":["Guardian:Repulse","Guardian:GemFire"],"picked":"Guardian:DonusPower","floor":32.0},{"not_picked":["Guardian:FastForward","Guardian:GatlingBeam"],"picked":"Guardian:TimeSifter","floor":33.0},{"not_picked":["Guardian:DecasProtection","Guardian:Gem_Green"],"picked":"Guardian:ShieldCharger+1","floor":36.0},{"not_picked":["Guardian:ChargeCore+1","Guardian:DecasProtection"],"picked":"Guardian:PrimingBeam","floor":37.0},{"not_picked":["Guardian:Gem_Green","Guardian:Clone"],"picked":"Guardian:MultiBeam+1","floor":38},{"not_picked":["Guardian:VentSteam","Guardian:Gem_Lightblue"],"picked":"Guardian:Gem_Purple","floor":39},{"not_picked":["expansioncontent:HyperBeam","expansioncontent:Hexaburn"],"picked":"expansioncontent:ManipulateTime","floor":43},{"not_picked":["Guardian:RefractedBeam","Guardian:Suspension"],"picked":"Guardian:BronzeArmor","floor":44},{"not_picked":["Guardian:Orbwalk","Guardian:PiercingHide"],"picked":"Guardian:TemporalShield+1","floor":46},{"not_picked":["Guardian:ShieldSpikes","Guardian:Gem_Purple","Guardian:TemporalShield"],"picked":"SKIP","floor":48},{"not_picked":["Guardian:Gem_Cyan","Guardian:Reroute"],"picked":"Guardian:DonusPower+1","floor":49},{"not_picked":["Guardian:WalkerClaw","Guardian:PrimingBeam","Guardian:Gem_Red"],"picked":"SKIP","floor":52}],"player_experience":2286651,"relics_obtained":[{"floor":7.0,"key":"Toy Ornithopter"},{"floor":24.0,"key":"HornCleat"},{"floor":46,"key":"Ginger"},{"floor":52,"key":"InkBottle"}],"event_choices":[],"is_beta":false,"boss_relics":[{"not_picked":["Runic Pyramid","Tiny House"],"picked":"Sozu"},{"not_picked":["SlaversCollar","Guardian:ModeShifterPlus"],"picked":"Empty Cage"}],"items_purged_floors":[12,39,44,53],"is_endless":false,"potions_floor_spawned":[5,14,15,16,22,25,26,31,32,33,36,46,49,52],"ascension_level":13}}