{"host":"Krakhan","time":1610314010,"event":{"mods":["AchievementEnabler","BaseMod","Colored Map","Colored Powertips","Faster Ascension Climbing","Highlight Path","Minty Spire (QoL Compilation)","Rare Cards Sparkle","Relic Stats","StSLib"],"gold_per_floor":[110,110,35,51,51,51,51,51,122,137,150,150,168,188,188,290,290,304,204,204,204,214,214,224,224,224,243,243,270,270,115,115,219,219,232,249,249,124,124,124,124,124,124],"floor_reached":42,"playtime":1149,"items_purged":["Defend_R","Strike_R","Strike_R"],"score":384,"play_id":"1de86e12-8df0-4cb7-9b98-98f6cba604ca","local_time":"20210110162650","is_ascension_mode":false,"campfire_choices":[{"data":"Bash","floor":6.0,"key":"SMITH"},{"floor":8.0,"key":"REST"},{"data":"Rampage","floor":12.0,"key":"SMITH"},{"floor":15.0,"key":"REST"},{"floor":23.0,"key":"REST"},{"floor":25.0,"key":"REST"},{"data":"Strike_R","floor":28.0,"key":"PURGE"},{"data":"Strike_R","floor":30.0,"key":"PURGE"},{"floor":32.0,"key":"REST"},{"floor":40,"key":"REST"}],"circlet_count":0,"master_deck":["Strike_R","Defend_R+1","Defend_R+1","Bash+1","Rampage+1","Headbutt","Rampage+1"],"relics":["Snecko Eye","War Paint","InkBottle","Runic Dome","Girya","Peace Pipe","Red Mask","DollysMirror","SacredBark"],"acts_visited":["Exordium","TheCity","TheBeyond"],"potions_floor_usage":[33,35],"damage_taken":[{"damage":1.0,"enemies":"Jaw Worm","floor":1.0,"turns":2.0},{"damage":6.0,"enemies":"Cultist","floor":4.0,"turns":3.0},{"damage":5.0,"enemies":"2 Louse","floor":10.0,"turns":2.0},{"damage":4.0,"enemies":"Blue Slaver","floor":11.0,"turns":2.0},{"damage":12.0,"enemies":"Exordium Thugs","floor":13.0,"turns":3.0},{"damage":9.0,"enemies":"3 Louse","floor":14.0,"turns":3.0},{"damage":40.0,"enemies":"The Guardian","floor":16.0,"turns":7.0},{"damage":16.0,"enemies":"Shell Parasite","floor":18.0,"turns":3.0},{"damage":12.0,"enemies":"2 Thieves","floor":22.0,"turns":2.0},{"damage":30.0,"enemies":"Snake Plant","floor":24.0,"turns":4.0},{"damage":20.0,"enemies":"Cultist and Chosen","floor":27.0,"turns":4.0},{"damage":13.0,"enemies":"Masked Bandits","floor":29.0,"turns":4.0},{"damage":47,"enemies":"Collector","floor":33,"turns":6},{"damage":70,"enemies":"3 Darklings","floor":35,"turns":8},{"damage":3,"enemies":"3 Shapes","floor":36,"turns":3},{"damage":42,"enemies":"Spire Growth","floor":42,"turns":3}],"seed_played":"-5472602563647484871","potions_obtained":[{"floor":10.0,"key":"EntropicBrew"},{"floor":11.0,"key":"BloodPotion"},{"floor":27.0,"key":"Block Potion"},{"floor":29.0,"key":"PowerPotion"},{"floor":33,"key":"Swift Potion"}],"is_trial":false,"path_per_floor":["M","?","$","M","$","R","?","R","T","M","M","R","M","M","R","B",null,"M","$","?","?","M","R","M","R","T","M","R","?","R","$","R","B",null,"M","M","?","$","?","R","?","M"],"character_chosen":"IRONCLAD","items_purchased":["DollysMirror"],"campfire_rested":6,"item_purchase_floors":[31],"current_hp_per_floor":[79,79,79,73,73,73,73,80,80,75,71,71,59,50,74,34,80,64,64,64,64,52,76,46,70,70,50,50,49,49,49,73,26,80,10,7,7,7,7,29,29,0,0],"gold":124,"neow_bonus":"BOSS_RELIC","is_daily":false,"chose_seed":false,"campfire_upgraded":2,"win_rate":0.0,"timestamp":1610314010,"path_taken":["M","?","$","M","?","R","?","R","T","M","?","R","M","M","R","BOSS","M","$","?","?","M","R","?","R","T","M","R","?","R","$","R","BOSS","M","M","?","$","?","R","?","M"],"items_purchased_type":["Relic"],"build_version":"2020-12-18","purchased_purges":3,"victory":false,"max_hp_per_floor":[80,80,80,80,80,80,80,80,80,80,80,80,80,80,80,80,80,80,80,80,80,80,80,80,80,80,80,80,80,80,80,80,80,80,80,80,80,80,76,76,76,76,76],"relic_stats":{"Peace Pipe":2,"counters":[16,59],"Snecko Eye":[128,95,102,106],"War Paint":["Defend_R","Defend_R"],"obtain_stats":[{"Peace Pipe":26,"Runic Dome":17,"Girya":21,"DollysMirror":31,"SacredBark":34,"Snecko Eye":0,"Red Mask":29,"War Paint":7,"Burning Blood":0,"InkBottle":9},{"Peace Pipe":10,"Runic Dome":7,"Girya":8,"DollysMirror":12,"SacredBark":13,"Snecko Eye":0,"Red Mask":12,"War Paint":2,"Burning Blood":0,"InkBottle":2},{"Peace Pipe":31,"Runic Dome":22,"Girya":25,"DollysMirror":39,"SacredBark":45,"Snecko Eye":0,"Red Mask":39,"War Paint":5,"Burning Blood":0,"InkBottle":5}],"InkBottle":[18]},"card_choices":[{"not_picked":["Anger","Flex","Warcry"],"picked":"SKIP","floor":1.0},{"not_picked":["Warcry","Pommel Strike","Perfected Strike"],"picked":"SKIP","floor":4.0},{"not_picked":["Wild Strike","Clothesline","Uppercut"],"picked":"SKIP","floor":10.0},{"not_picked":["Clash","Body Slam"],"picked":"Rampage","floor":11.0},{"not_picked":["Evolve","Warcry","Entrench"],"picked":"SKIP","floor":13.0},{"not_picked":["Fire Breathing","Thunderclap","Perfected Strike"],"picked":"SKIP","floor":14.0},{"not_picked":["Thunderclap","Power Through"],"picked":"Headbutt","floor":18.0},{"not_picked":["Pommel Strike","Perfected Strike+1","Twin Strike+1"],"picked":"SKIP","floor":22.0},{"not_picked":["Dual Wield","Flex","Intimidate+1"],"picked":"SKIP","floor":24.0},{"not_picked":["Anger+1","Armaments","Power Through"],"picked":"SKIP","floor":27.0},{"not_picked":["Evolve+1","Rupture","Clothesline"],"picked":"SKIP","floor":35},{"not_picked":["Anger","Sentinel","Clothesline"],"picked":"SKIP","floor":36}],"player_experience":1303631,"relics_obtained":[{"floor":9.0,"key":"InkBottle"},{"floor":26.0,"key":"Peace Pipe"},{"floor":29.0,"key":"Red Mask"}],"event_choices":[{"cards_removed":["Defend_R"],"damage_healed":0.0,"max_hp_gain":0.0,"max_hp_loss":0.0,"gold_gain":0.0,"event_name":"Wheel of Change","player_choice":"Card Removal","floor":2.0,"gold_loss":0.0,"damage_taken":0.0},{"damage_healed":0.0,"max_hp_gain":0.0,"max_hp_loss":0.0,"gold_gain":0.0,"event_name":"Dead Adventurer","player_choice":"Searched \u00272\u0027 times","floor":7.0,"gold_loss":0.0,"damage_taken":0.0,"relics_obtained":["War Paint"]},{"damage_healed":0.0,"max_hp_gain":0.0,"max_hp_loss":0.0,"gold_gain":0.0,"event_name":"Vampires","player_choice":"Ignored","floor":20.0,"gold_loss":0.0,"damage_taken":0.0},{"damage_healed":0.0,"max_hp_gain":0.0,"max_hp_loss":0.0,"gold_gain":0.0,"event_name":"WeMeetAgain","player_choice":"Gave Potion","floor":21.0,"gold_loss":0.0,"damage_taken":0.0,"relics_obtained":["Girya"]},{"damage_healed":0.0,"max_hp_gain":0.0,"max_hp_loss":0.0,"gold_gain":0.0,"event_name":"Masked Bandits","player_choice":"Fought Bandits","floor":29.0,"gold_loss":0.0,"damage_taken":0.0},{"damage_healed":0,"gold_gain":0,"player_choice":"Ignored","damage_taken":0,"max_hp_gain":0,"max_hp_loss":0,"event_name":"Mysterious Sphere","floor":37,"gold_loss":0},{"damage_healed":0,"gold_gain":0,"player_choice":"Max HP","damage_taken":0,"max_hp_gain":0,"max_hp_loss":4,"event_name":"Winding Halls","floor":39,"gold_loss":0},{"damage_healed":0,"gold_gain":0,"player_choice":"Memory 1","damage_taken":0,"max_hp_gain":0,"max_hp_loss":0,"event_name":"SensoryStone","floor":41,"gold_loss":0}],"is_beta":true,"boss_relics":[{"not_picked":["Coffee Dripper","Runic Pyramid"],"picked":"Runic Dome"},{"not_picked":["SlaversCollar","Runic Cube"],"picked":"SacredBark"}],"items_purged_floors":[3,19,38],"is_endless":false,"potions_floor_spawned":[10,11,27,29,33],"killed_by":"Spire Growth","ascension_level":0}}