{"host":"m113y2j4kbc0e5kb","time":1610276267,"event":{"mods":["BaseMod","Colored Powertips","Lobotomy","LobotomyExtend","Minty Spire (QoL Compilation)","StSLib"],"gold_per_floor":[370,389,60,74,149,149,169,169,242,242,253,253,268,284,284,387,387,398,412,430,54,68,102,116,142,142,142,142],"floor_reached":27,"playtime":2044,"items_purged":["MeatLantern"],"score":374,"play_id":"c57e7015-0a25-4c96-bc93-91592d8e4b24","local_time":"20210110195747","is_ascension_mode":false,"campfire_choices":[],"circlet_count":0,"master_deck":["SpecialBullet","SpecialBullet","SpecialBullet","SpecialBullet","SpecialBullet","SpecialBullet","SpecialBullet","SpecialBullet","InformationCode","CentralCode","ExtractionCode","Twilight","TodaysExpression","Hornet","SpiderBud","Lamp+9","WristCuter","SnowQueen","Horn","CrumblingArmor","GrinderMk4","GrinderMk4","Mercenary","Mimicry","Rudolta","WristCuter+1","LongBird","OSAHOGD","Lamp+7","RedShoes","SecurityCode","WallGazer","BearPaw+1","DreamingCurrent","Reverberation+1","UniverseFragment","Beak+1","Pain"],"relics":["CogitoBucket","RabbitCall","LetterFromLob","Kunai","Pantograph","TreeSap","Cursed Key","AspirationHeart","Vajra","DollysMirror","Akabeko","Tiny Chest","Turnip"],"acts_visited":["Exordium","TheCity"],"potions_floor_usage":[16,20,20,23,27,27],"damage_taken":[{"damage":6,"enemies":"2 Louse","floor":1,"turns":2},{"damage":0,"enemies":"Small Slimes","floor":2,"turns":2},{"damage":0,"enemies":"Cultist","floor":4,"turns":3},{"damage":1,"enemies":"Exordium Wildlife","floor":7,"turns":3},{"damage":0,"enemies":"Looter","floor":11,"turns":4},{"damage":0,"enemies":"Exordium Thugs","floor":13,"turns":4},{"damage":1,"enemies":"Large Slime","floor":14,"turns":7},{"damage":0,"enemies":"Slime Boss","floor":16,"turns":6},{"damage":7,"enemies":"Spheric Guardian","floor":18,"turns":6},{"damage":5,"enemies":"3 Byrds","floor":19,"turns":5},{"damage":62,"enemies":"Centurion and Healer","floor":20,"turns":11},{"damage":0,"enemies":"3 Cultists","floor":22,"turns":3},{"damage":8,"enemies":"Slavers","floor":23,"turns":2},{"damage":3,"enemies":"Snake Plant","floor":24,"turns":2},{"damage":36,"enemies":"Gremlin Leader","floor":25,"turns":6},{"damage":95,"enemies":"Shelled Parasite and Fungi","floor":27,"turns":3}],"seed_played":"-5443949157475898725","potions_obtained":[{"floor":2,"key":"Strength Potion"},{"floor":4,"key":"EssenceOfSteel"},{"floor":16,"key":"Fruit Juice"},{"floor":18,"key":"Energy Potion"},{"floor":22,"key":"Swift Potion"},{"floor":25,"key":"LiquidBronze"}],"is_trial":false,"path_per_floor":["M","M","$","M","?","R","M","M","T","?","M","R","M","M","R","B",null,"M","M","M","$","M","E","M","E","T","M"],"character_chosen":"Angela","items_purchased":["Kunai","Hornet","Vajra","DollysMirror"],"campfire_rested":0,"item_purchase_floors":[3,3,21,21],"current_hp_per_floor":[43,43,43,43,32,32,31,31,31,31,31,31,35,34,34,68,83,80,79,52,52,56,52,61,67,67,0,0],"gold":142,"neow_bonus":"TWO_FIFTY_GOLD","is_daily":false,"chose_seed":false,"campfire_upgraded":0,"win_rate":0.0,"timestamp":1610276267,"path_taken":["M","M","$","M","?","R","M","M","T","?","M","R","M","M","R","BOSS","M","M","M","$","M","E","M","E","T","M"],"items_purchased_type":["Relic","Card","Relic","Relic"],"build_version":"2020-12-22","purchased_purges":1,"victory":false,"max_hp_per_floor":[70,70,70,70,70,70,70,70,70,70,70,70,74,74,74,83,83,87,91,105,105,109,113,117,121,121,121,121],"card_choices":[{"not_picked":["Murderer","ShyLook"],"picked":"MeatLantern","floor":1},{"not_picked":["Penitence"],"picked":"Twilight","floor":1},{"not_picked":["RedEyes"],"picked":"TodaysExpression","floor":2},{"not_picked":["Murderer","OldLady"],"picked":"SpiderBud","floor":4},{"not_picked":["Lantern"],"picked":"Lamp","floor":4},{"not_picked":["Harmony"],"picked":"WristCuter","floor":7},{"not_picked":["Murderer","HeroicMonk"],"picked":"SnowQueen","floor":11},{"not_picked":["Loneliness"],"picked":"Horn","floor":11},{"not_picked":["LittlePrince","BigBird"],"picked":"CrumblingArmor","floor":13},{"not_picked":["FourthMatchFlame"],"picked":"GrinderMk4","floor":13},{"not_picked":["FourthMatchFlame","RapturousDream"],"picked":"SKIP","floor":13},{"not_picked":["BlueScar"],"picked":"GrinderMk4","floor":14},{"not_picked":["Loneliness","Pinks"],"picked":"SKIP","floor":14},{"not_picked":["Scorched","Wellcheers"],"picked":"Mercenary","floor":16},{"not_picked":["Justitia","SoundOfStar"],"picked":"Mimicry","floor":16},{"not_picked":["MHz","HeroicMonk","LittlePrince"],"picked":"Singing Bowl","floor":18},{"not_picked":["DespairKnight","Bloodbath"],"picked":"Rudolta","floor":18},{"not_picked":["BlackSwan_ego+1","RapturousDream"],"picked":"WristCuter+1","floor":18},{"not_picked":["Regret_ego","SomewhereSpear","Lantern+1"],"picked":"SKIP","floor":18},{"not_picked":["WhiteNight","HappyTeddy","FieryBird"],"picked":"Singing Bowl","floor":19},{"not_picked":["Wellcheers","Bloodbath"],"picked":"LongBird","floor":19},{"not_picked":["WristCuter","RedEyes","FourthMatchFlame"],"picked":"SKIP","floor":19},{"not_picked":["BigBadWolf","Wellcheers"],"picked":"OSAHOGD","floor":20},{"not_picked":["Amita+1","RapturousDream+1","CrimsonScar+1"],"picked":"SKIP","floor":20},{"not_picked":["FourthMatchFlame+1","Tough+1","ParadiseLost+1"],"picked":"SKIP","floor":20},{"not_picked":["Wellcheers","Funeral","DespairKnight"],"picked":"Singing Bowl","floor":22},{"not_picked":["OldLady","LittlePrince"],"picked":"RedShoes","floor":22},{"not_picked":["Horn+1","Noise+1","Tough+1"],"picked":"SKIP","floor":22},{"not_picked":["Laetitia","WallGazer","GalaxyChild"],"picked":"Singing Bowl","floor":23},{"not_picked":["Freischutz","BigBird"],"picked":"WallGazer","floor":23},{"not_picked":["Reverberation+1","Discord+1"],"picked":"BearPaw+1","floor":23},{"not_picked":["Porccubus","BeautyBeast"],"picked":"DreamingCurrent","floor":24},{"not_picked":["FrostShard+1","Lamp+1"],"picked":"Reverberation+1","floor":24},{"not_picked":["Wellcheers","Alriune"],"picked":"UniverseFragment","floor":25},{"not_picked":["RedEyes+1","FourthMatchFlame+1"],"picked":"Beak+1","floor":25}],"player_experience":1120018,"relics_obtained":[{"floor":1,"key":"LetterFromLob"},{"floor":9,"key":"Pantograph"},{"floor":23,"key":"Akabeko"},{"floor":25,"key":"Tiny Chest"},{"floor":26,"key":"Turnip"}],"event_choices":[{"damage_healed":0,"gold_gain":75,"player_choice":"Gather Gold","damage_taken":11,"max_hp_gain":0,"max_hp_loss":0,"event_name":"World of Goop","floor":5,"gold_loss":0},{"damage_healed":0,"gold_gain":0,"player_choice":"Ignored","damage_taken":0,"max_hp_gain":0,"max_hp_loss":0,"event_name":"Liars Game","floor":10,"gold_loss":0}],"is_beta":false,"boss_relics":[{"not_picked":["SlaversCollar","Runic Dome"],"picked":"Cursed Key"}],"items_purged_floors":[21],"is_endless":false,"potions_floor_spawned":[2,4,16,18,22,25],"killed_by":"Shelled Parasite and Fungi","ascension_level":0}}