{"host":"058erotkld4bsq33","time":1610254219,"event":{"mods":["BaseMod","Better Third Choice","Colored Powertips","Curses Come First","Dark Map","Minty Spire (QoL Compilation)","Quick Restart","Rare Cards Sparkle","Relic Stats","StSLib","UnlockEverythingMod"],"gold_per_floor":[109,41,41,53,63,63,76,76,76,96,113,113,187,204,204,307,307,327,327,339,438,33,33,44,44,44,3,3,3,14,14,14,109,109,119,169,169,184,184,184,203,203,254,254,271,284,284,37,37,37,37],"floor_reached":50,"playtime":2746,"items_purged":[],"score":507,"play_id":"1b924aee-3e15-403e-8cb3-581cdfb2a7be","local_time":"20210109205019","is_ascension_mode":false,"campfire_choices":[{"data":"Zap","floor":6.0,"key":"SMITH"},{"data":"Endless Agony","floor":8.0,"key":"SMITH"},{"data":"Venomology","floor":15.0,"key":"SMITH"},{"data":"Ghostly","floor":23.0,"key":"SMITH"},{"data":"Ghostly","floor":25.0,"key":"SMITH"},{"data":"Ghostly","floor":28.0,"key":"SMITH"},{"data":"Ghostly","floor":32.0,"key":"SMITH"},{"data":"Ghostly","floor":40.0,"key":"SMITH"},{"data":"Terror","floor":44.0,"key":"SMITH"},{"floor":47.0,"key":"REST"},{"data":"Neutralize","floor":49.0,"key":"SMITH"}],"circlet_count":0,"master_deck":["Strike_G","Strike_G","Strike_G","Defend_G","Defend_G","Defend_G","Survivor","Neutralize","Endless Agony+1","Sucker Punch","PiercingWail","Zap+1","Noxious Fumes","Deflect","Slice","Backstab","Venomology+1","Dodge and Roll","Corpse Explosion","Flying Knee","Ghostly+1","Ghostly+1","Ghostly+1","Ghostly+1","Ghostly+1","Deadly Poison","Backstab","Terror+1","Slice+1","Deadly Poison+1","Catalyst+1","Poisoned Stab","Neutralize+1","Parasite","Endless Agony+1"],"relics":["Ring of the Snake","Bronze Scales","StrikeDummy","Empty Cage","TwistedFunnel","Letter Opener","The Courier","Black Star","Dead Branch","Regal Pillow","Orichalcum","Blood Vial"],"acts_visited":[],"potions_floor_usage":[50],"damage_taken":[{"damage":0.0,"enemies":"Jaw Worm","floor":1.0,"turns":5.0},{"damage":0.0,"enemies":"Cultist","floor":4.0,"turns":3.0},{"damage":0.0,"enemies":"2 Louse","floor":5.0,"turns":3.0},{"damage":1.0,"enemies":"2 Fungi Beasts","floor":7.0,"turns":2.0},{"damage":9.0,"enemies":"Blue Slaver","floor":10.0,"turns":3.0},{"damage":0.0,"enemies":"Exordium Thugs","floor":11.0,"turns":3.0},{"damage":2.0,"enemies":"Red Slaver","floor":14.0,"turns":2.0},{"damage":39.0,"enemies":"The Guardian","floor":16.0,"turns":10.0},{"damage":0.0,"enemies":"3 Byrds","floor":18.0,"turns":2.0},{"damage":2.0,"enemies":"Chosen","floor":20.0,"turns":5.0},{"damage":0.0,"enemies":"Snake Plant","floor":24.0,"turns":3.0},{"damage":0.0,"enemies":"Centurion and Healer","floor":30.0,"turns":4.0},{"damage":17.0,"enemies":"Collector","floor":33.0,"turns":8.0},{"damage":8.0,"enemies":"3 Shapes","floor":35.0,"turns":3.0},{"damage":0.0,"enemies":"Mind Bloom Boss Battle","floor":36.0,"turns":6.0},{"damage":0.0,"enemies":"Orb Walker","floor":38.0,"turns":3.0},{"damage":1.0,"enemies":"Writhing Mass","floor":41.0,"turns":6.0},{"damage":0.0,"enemies":"Transient","floor":45.0,"turns":5.0},{"damage":0.0,"enemies":"4 Shapes","floor":46.0,"turns":3.0},{"damage":17,"enemies":"Awakened One","floor":50,"turns":7}],"seed_played":"-2845697901647309852","potions_obtained":[{"floor":4.0,"key":"SneckoOil"},{"floor":5.0,"key":"CunningPotion"},{"floor":11.0,"key":"Energy Potion"},{"floor":24.0,"key":"LiquidMemories"},{"floor":38.0,"key":"SpeedPotion"},{"floor":41.0,"key":"Block Potion"},{"floor":46.0,"key":"FearPotion"}],"is_trial":false,"path_per_floor":["M","$","?","M","M","R","M","R","T","M","M","$","T","M","R","B",null,"M","?","M","?","$","R","M","R","T","$","R","$","M","$","R","B",null,"M","?","?","M","?","R","M","?","T","R","M","M","R","$","R","B"],"character_chosen":"THE_SILENT","items_purchased":["Sucker Punch","PiercingWail","TwistedFunnel","Letter Opener","PowerPotion","Orichalcum","Blood Vial"],"campfire_rested":1,"item_purchase_floors":[2,2,22,22,27,48,48],"current_hp_per_floor":[77,77,77,77,77,77,76,76,76,67,67,67,67,65,65,26,77,77,38,36,36,36,36,36,36,36,36,36,36,36,36,36,19,38,30,30,30,30,30,30,29,26,26,26,26,26,38,38,38,21,21],"gold":37,"neow_bonus":"TEN_PERCENT_HP_BONUS","is_daily":false,"chose_seed":false,"campfire_upgraded":10,"win_rate":0.0,"timestamp":1610254219,"path_taken":["M","$","?","?","?","R","M","R","T","M","M","$","?","M","R","BOSS","M","?","M","?","?","R","?","R","T","$","R","?","?","$","R","BOSS","M","?","?","M","?","R","?","?","T","R","M","M","R","$","R","BOSS"],"items_purchased_type":["Card","Card","Relic","Relic","Potion","Relic","Relic"],"build_version":"2020-12-22","purchased_purges":0,"victory":false,"max_hp_per_floor":[77,77,77,77,77,77,77,77,77,77,77,77,77,77,77,77,77,77,38,38,38,38,38,38,38,38,38,38,38,38,38,38,38,38,38,38,38,38,38,38,38,38,38,38,38,38,38,38,38,38,38],"relic_stats":{"Blood Vial":0,"Regal Pillow":0,"counters":[1,7],"Bronze Scales":[33],"Dead Branch":[13],"Black Star":0,"Letter Opener":[10],"Orichalcum":[36],"obtain_stats":[{"TwistedFunnel":0,"Blood Vial":0,"Regal Pillow":0,"Bronze Scales":0,"Dead Branch":0,"The Courier":0,"Black Star":0,"Letter Opener":0,"Orichalcum":0,"StrikeDummy":0,"Empty Cage":0,"Ring of the Snake":0},{"TwistedFunnel":0,"Blood Vial":0,"Regal Pillow":0,"Bronze Scales":0,"Dead Branch":0,"The Courier":0,"Black Star":0,"Letter Opener":0,"Orichalcum":0,"StrikeDummy":0,"Empty Cage":0,"Ring of the Snake":0},{"TwistedFunnel":0,"Blood Vial":0,"Regal Pillow":0,"Bronze Scales":0,"Dead Branch":0,"The Courier":0,"Black Star":0,"Letter Opener":0,"Orichalcum":0,"StrikeDummy":0,"Empty Cage":0,"Ring of the Snake":0}],"Ring of the Snake":[2]},"card_choices":[{"not_picked":["Slice","Concentrate"],"picked":"Endless Agony","floor":1.0},{"not_picked":["Dagger Throw","Poisoned Stab"],"picked":"Noxious Fumes","floor":4.0},{"not_picked":["Underhanded Strike","Reflex"],"picked":"Deflect","floor":5.0},{"not_picked":["Flying Knee","Riddle With Holes"],"picked":"Slice","floor":7.0},{"not_picked":["Bane","Well Laid Plans"],"picked":"Backstab","floor":10.0},{"not_picked":["Underhanded Strike","Bane"],"picked":"Venomology","floor":11.0},{"not_picked":["PiercingWail","Sucker Punch"],"picked":"Dodge and Roll","floor":14.0},{"not_picked":["Bullet Time","Envenom"],"picked":"Corpse Explosion","floor":16.0},{"not_picked":["Dagger Throw","Eviscerate+1"],"picked":"Flying Knee","floor":18.0},{"not_picked":["Dodge and Roll+1","Backflip"],"picked":"Deadly Poison","floor":20.0},{"not_picked":["Deflect+1","Footwork+1"],"picked":"Backstab","floor":24.0},{"not_picked":["PiercingWail+1","Slice"],"picked":"Terror","floor":30.0},{"not_picked":["Bane+1","PiercingWail"],"picked":"Slice+1","floor":35.0},{"not_picked":["Dagger Spray","Bane"],"picked":"Deadly Poison+1","floor":36.0},{"not_picked":["Prepared+1","Setup+1"],"picked":"Catalyst+1","floor":38.0},{"not_picked":["Poisoned Stab","Cloak And Dagger+1","Backflip"],"picked":"SKIP","floor":41.0},{"not_picked":["Bane","Masterful Stab"],"picked":"Endless Agony+1","floor":45.0},{"not_picked":["All Out Attack","Underhanded Strike","Cloak And Dagger"],"picked":"SKIP","floor":46.0}],"player_experience":97126,"relics_obtained":[{"floor":9.0,"key":"Bronze Scales"},{"floor":13.0,"key":"StrikeDummy"},{"floor":26.0,"key":"The Courier"},{"floor":36.0,"key":"Dead Branch"},{"floor":43.0,"key":"Regal Pillow"}],"event_choices":[{"cards_removed":["Strike_G"],"damage_healed":0.0,"max_hp_gain":0.0,"max_hp_loss":0.0,"gold_gain":0.0,"event_name":"NoteForYourself","player_choice":"Took Card","floor":3.0,"gold_loss":0.0,"damage_taken":0.0,"cards_obtained":["Zap"]},{"damage_healed":0.0,"max_hp_gain":0.0,"max_hp_loss":39.0,"gold_gain":0.0,"event_name":"Ghosts","player_choice":"Became a Ghost","floor":19.0,"gold_loss":0.0,"damage_taken":0.0,"cards_obtained":["Ghostly","Ghostly","Ghostly","Ghostly","Ghostly"]},{"damage_healed":0.0,"max_hp_gain":0.0,"max_hp_loss":0.0,"gold_gain":99.0,"event_name":"betterThird:BetterNest","player_choice":"Steal","floor":21.0,"gold_loss":0.0,"damage_taken":0.0},{"damage_healed":0.0,"max_hp_gain":0.0,"max_hp_loss":0.0,"gold_gain":0.0,"event_name":"MindBloom","player_choice":"Fight","floor":36.0,"gold_loss":0.0,"damage_taken":0.0},{"cards_removed":["Strike_G"],"damage_healed":0.0,"max_hp_gain":0.0,"max_hp_loss":0.0,"gold_gain":0.0,"event_name":"Falling","player_choice":"Removed Attack","floor":37.0,"gold_loss":0.0,"damage_taken":0.0},{"damage_healed":0.0,"max_hp_gain":0.0,"max_hp_loss":0.0,"gold_gain":0.0,"event_name":"Match and Keep!","player_choice":"2 cards matched","floor":39.0,"gold_loss":0.0,"damage_taken":0.0,"cards_obtained":["Poisoned Stab","Neutralize"]},{"damage_healed":0.0,"max_hp_gain":0.0,"max_hp_loss":0.0,"gold_gain":0.0,"event_name":"Wheel of Change","player_choice":"Damaged","floor":42.0,"gold_loss":0.0,"damage_taken":3.0}],"is_beta":false,"boss_relics":[{"not_picked":["Fusion Hammer","Pandora\u0027s Box"],"picked":"Empty Cage"},{"not_picked":["Busted Crown","Runic Dome"],"picked":"Black Star"}],"items_purged_floors":[],"is_endless":false,"potions_floor_spawned":[4,5,11,24,33,38,41,46],"killed_by":"Awakened One","ascension_level":0}}