{"host":"bhbf7zxbh2qxgvbr","time":1610298805,"event":{"mods":["BaseMod","Chen","Friendly Minions","Marisa£®ÏF”Í°°ƒß¿Ì…≥£©","Minty Spire (QoL Compilation)","Quick Restart","Reimu£®≤©¿ˆ¡È√Œ£©","Remilia£®¿Ÿ√◊¿Ú—«£©","StSLib","The Administrix","The Servant 0.9.4","Youmu£®ªÍ∆«—˝√Œ£©","vexMod"],"gold_per_floor":[111,111,36,36,36,71,45,45,68,88,123,123,142,173,173,173,173],"floor_reached":16,"playtime":668,"items_purged":["Strike_P"],"score":155,"play_id":"f011a1f1-2494-4800-8a7b-5da0c047167e","local_time":"20210111011325","is_ascension_mode":true,"campfire_choices":[{"data":"Eruption","floor":8,"key":"SMITH"},{"data":"Vault","floor":12,"key":"SMITH"},{"data":"MentalFortress","floor":15,"key":"SMITH"}],"circlet_count":0,"master_deck":["Strike_P","Strike_P","Strike_P","Defend_P","Defend_P","Defend_P","Defend_P","Eruption+1","Vigilance","Wallop","FlurryOfBlows","FlurryOfBlows","Collect","Vault+1","MentalFortress+1"],"relics":["PureWater","NeowsBlessing","Golden Idol","Mummified Hand","MealTicket","Damaru"],"acts_visited":["Exordium"],"potions_floor_usage":[14,16,16],"damage_taken":[{"damage":0,"enemies":"Jaw Worm","floor":1,"turns":1},{"damage":0,"enemies":"Gremlin Nob","floor":6,"turns":1},{"damage":0,"enemies":"2 Louse","floor":10,"turns":1},{"damage":14,"enemies":"3 Sentries","floor":11,"turns":8},{"damage":0,"enemies":"Small Slimes","floor":13,"turns":3},{"damage":6,"enemies":"Lagavulin","floor":14,"turns":6},{"damage":38,"enemies":"The Guardian","floor":16,"turns":6}],"seed_played":"-7504371340912341591","potions_obtained":[{"floor":1,"key":"SteroidPotion"},{"floor":5,"key":"SneckoOil"},{"floor":5,"key":"SteroidPotion"}],"is_trial":false,"path_per_floor":["M","?","$","?","?","E","$","R","T","M","E","R","M","E","R","B"],"character_chosen":"WATCHER","items_purchased":["FlurryOfBlows"],"campfire_rested":0,"item_purchase_floors":[7],"current_hp_per_floor":[72,54,54,54,54,54,54,54,54,54,40,40,40,34,34,0,0],"gold":173,"neow_bonus":"THREE_ENEMY_KILL","is_daily":false,"chose_seed":false,"campfire_upgraded":3,"win_rate":0.0,"timestamp":1610298805,"path_taken":["M","?","$","?","?","E","$","R","T","M","E","R","M","E","R","BOSS"],"items_purchased_type":["Card"],"build_version":"2020-12-22","purchased_purges":1,"victory":false,"max_hp_per_floor":[72,72,72,72,72,72,72,72,72,72,72,72,72,72,72,72,72],"card_choices":[{"not_picked":["Conclude","Consecrate"],"picked":"Wallop","floor":1},{"not_picked":["DeceiveReality","Study"],"picked":"FlurryOfBlows","floor":6},{"not_picked":["CutThroughFate","FlyingSleeves"],"picked":"Collect","floor":10},{"not_picked":["SashWhip","PathToVictory"],"picked":"Vault","floor":11},{"not_picked":["CarveReality","Halt"],"picked":"MentalFortress","floor":13},{"not_picked":["Protect","FollowUp","ThirdEye"],"picked":"SKIP","floor":14}],"player_experience":359710,"relics_obtained":[{"floor":6,"key":"Mummified Hand"},{"floor":11,"key":"MealTicket"},{"floor":14,"key":"Damaru"}],"event_choices":[{"damage_healed":0,"gold_gain":0,"player_choice":"Take Damage","damage_taken":18,"relics_obtained":["Golden Idol"],"max_hp_gain":0,"max_hp_loss":0,"event_name":"Golden Idol","floor":2,"gold_loss":0},{"damage_healed":0,"gold_gain":0,"player_choice":"Ignored","damage_taken":0,"max_hp_gain":0,"max_hp_loss":0,"event_name":"Liars Game","floor":4,"gold_loss":0},{"damage_healed":0,"gold_gain":0,"player_choice":"Got Potions","damage_taken":0,"max_hp_gain":0,"max_hp_loss":0,"event_name":"Lab","floor":5,"gold_loss":0}],"is_beta":false,"boss_relics":[],"items_purged_floors":[3],"is_endless":false,"potions_floor_spawned":[1,6,10],"killed_by":"The Guardian","ascension_level":2}}