{"host":"bg8va46pgqgvtzim","time":1610281691,"event":{"mods":["BaseMod","Minty Spire (QoL Compilation)","Quick Restart","StSLib","SuperFastMode","¡¾ÒÅÎï¿¨ÅÆ¡¿REMEMod"],"gold_per_floor":[15,28,40,57,57,83,83,109,109,140,140,16,35,55,55,154,154,165,175,250,96,116,141,153,153,153,179,195,223,223,243,243,342,342,353,372,11,27,27,53,53,84,84,112,122,150,176,195,195,195,195,195,70,103,103],"floor_reached":56,"playtime":1570,"items_purged":["Strike_B","Strike_B","Strike_B"],"score":1821,"play_id":"3c328000-257d-4e69-a1f2-d0c55a492f09","local_time":"20210110202811","is_ascension_mode":true,"campfire_choices":[{"data":"Zap","floor":7.0,"key":"SMITH"},{"data":"Dualcast","floor":15.0,"key":"SMITH"},{"data":"REME_Flogging","floor":25.0,"key":"SMITH"},{"data":"Turbo","floor":32.0,"key":"SMITH"},{"data":"Defragment","floor":41.0,"key":"SMITH"},{"floor":49.0,"key":"RECALL"},{"data":"Skim","floor":52.0,"key":"SMITH"}],"circlet_count":0,"master_deck":["Strike_B","Defend_B","Defend_B","Defend_B","Defend_B","Zap+1","Dualcast+1","REME_Flogging+1","A Thousand Cuts+1","Recycle+1","Skim+1","Skim+1","Hologram","Defragment+1","Electrodynamics","Heatsinks+1","Turbo+1","Gash","Core Surge"],"relics":["Cracked Core","REME_ComplimentaryCards","War Paint","Bag of Preparation","Eternal Feather","FossilizedHelix","Runic Pyramid","TheAbacus","Symbiotic Virus","Tiny Chest","Girya","Philosopher\u0027s Stone","Mummified Hand","Du-Vu Doll","Happy Flower","Regal Pillow","Potion Belt","Toxic Egg 2","MealTicket","Strawberry"],"acts_visited":["Exordium","TheCity","TheBeyond","TheEnding"],"potions_floor_usage":[55,55,55],"damage_taken":[{"damage":1.0,"enemies":"Cultist","floor":1.0,"turns":3.0},{"damage":2.0,"enemies":"Small Slimes","floor":2.0,"turns":2.0},{"damage":0.0,"enemies":"2 Louse","floor":3.0,"turns":2.0},{"damage":9.0,"enemies":"Blue Slaver","floor":4.0,"turns":3.0},{"damage":21.0,"enemies":"Gremlin Nob","floor":6.0,"turns":4.0},{"damage":17.0,"enemies":"3 Sentries","floor":8.0,"turns":5.0},{"damage":13.0,"enemies":"Lagavulin","floor":10.0,"turns":4.0},{"damage":0.0,"enemies":"Exordium Wildlife","floor":13.0,"turns":2.0},{"damage":0.0,"enemies":"Large Slime","floor":14.0,"turns":2.0},{"damage":0.0,"enemies":"The Guardian","floor":16.0,"turns":5.0},{"damage":0.0,"enemies":"Shell Parasite","floor":18.0,"turns":4.0},{"damage":0.0,"enemies":"Spheric Guardian","floor":19.0,"turns":3.0},{"damage":5.0,"enemies":"Chosen and Byrds","floor":22.0,"turns":3.0},{"damage":0.0,"enemies":"REME_1_Revenger","floor":23.0,"turns":2.0},{"damage":0.0,"enemies":"Snake Plant","floor":24.0,"turns":2.0},{"damage":0.0,"enemies":"Book of Stabbing","floor":27.0,"turns":3.0},{"damage":0.0,"enemies":"Snecko","floor":28.0,"turns":4.0},{"damage":0.0,"enemies":"Gremlin Leader","floor":29.0,"turns":3.0},{"damage":0.0,"enemies":"Centurion and Healer","floor":31.0,"turns":2.0},{"damage":0.0,"enemies":"Collector","floor":33.0,"turns":3.0},{"damage":0.0,"enemies":"3 Shapes","floor":35.0,"turns":1.0},{"damage":1.0,"enemies":"Orb Walker","floor":36.0,"turns":3.0},{"damage":0.0,"enemies":"Sphere and 2 Shapes","floor":38.0,"turns":1.0},{"damage":0.0,"enemies":"Giant Head","floor":40.0,"turns":3.0},{"damage":0.0,"enemies":"Nemesis","floor":42.0,"turns":1.0},{"damage":0.0,"enemies":"Giant Head","floor":44.0,"turns":1.0},{"damage":0.0,"enemies":"Spire Growth","floor":45.0,"turns":2.0},{"damage":0.0,"enemies":"Reptomancer","floor":46.0,"turns":1.0},{"damage":0.0,"enemies":"Transient","floor":48.0,"turns":2.0},{"damage":4.0,"enemies":"Time Eater","floor":50.0,"turns":5.0},{"damage":0.0,"enemies":"Shield and Spear","floor":54.0,"turns":1.0},{"damage":0,"enemies":"The Heart","floor":55,"turns":3}],"seed_played":"-5127272180188190757","potions_obtained":[{"floor":2.0,"key":"AttackPotion"},{"floor":4.0,"key":"Explosive Potion"},{"floor":6.0,"key":"EntropicBrew"},{"floor":23.0,"key":"AttackPotion"},{"floor":28.0,"key":"Weak Potion"},{"floor":33.0,"key":"AttackPotion"},{"floor":44.0,"key":"GamblersBrew"},{"floor":45.0,"key":"Weak Potion"},{"floor":48.0,"key":"PowerPotion"},{"floor":54.0,"key":"Swift Potion"}],"is_trial":false,"path_per_floor":["M","M","M","M","?","E","R","E","T","E","?","$","M","M","R","B",null,"M","M","?","$","M","E","M","R","T","E","M","E","?","M","R","B",null,"M","M","$","M","?","E","R","E","T","E","M","E","T","M","R","B",null,"R","$","E","B",null],"character_chosen":"DEFECT","items_purchased":["Hologram","TheAbacus","Mummified Hand"],"campfire_rested":0,"item_purchase_floors":[12,21,37],"current_hp_per_floor":[74,72,72,63,68,47,47,30,30,17,17,17,17,17,26,26,80,80,80,72,72,67,67,67,76,76,76,76,76,76,76,80,80,80,80,79,79,79,79,79,80,80,80,80,80,80,80,80,80,76,80,80,80,87,87],"gold":103,"neow_bonus":"RANDOM_COLORLESS_2","is_daily":false,"chose_seed":false,"campfire_upgraded":6,"win_rate":0.0,"timestamp":1610281691,"path_taken":["M","M","?","M","?","E","R","E","T","E","?","?","M","?","R","BOSS","M","M","?","$","?","E","M","R","T","E","M","E","?","M","R","BOSS","M","M","$","M","?","E","R","E","T","E","?","E","?","M","R","BOSS","R","$","E","BOSS"],"items_purchased_type":["Card","Relic","Relic"],"build_version":"2020-12-22","purchased_purges":3,"victory":true,"max_hp_per_floor":[75,75,75,75,80,80,80,80,80,80,80,80,80,80,80,80,80,80,80,80,80,80,80,80,80,80,80,80,80,80,80,80,80,80,80,80,80,80,80,80,80,80,80,80,80,80,80,80,80,80,80,80,80,87,87],"card_choices":[{"not_picked":["Panache","REME_ProfessionalPlagiarism"],"picked":"REME_Flogging","floor":0.0},{"not_picked":["REME_SelfUpgrade","Hello World","Go for the Eyes"],"picked":"SKIP","floor":1.0},{"not_picked":["Sweeping Beam","Tempest"],"picked":"Recycle","floor":2.0},{"not_picked":["Genetic Algorithm","Blizzard"],"picked":"Skim","floor":3.0},{"not_picked":["Sweeping Beam","Auto Shields"],"picked":"Skim","floor":4.0},{"not_picked":["Rebound","Force Field","Darkness"],"picked":"SKIP","floor":6.0},{"not_picked":["Cold Snap","REME_Compress","Tempest"],"picked":"SKIP","floor":8.0},{"not_picked":["Sunder","Stack","Gash"],"picked":"SKIP","floor":10.0},{"not_picked":["Cold Snap","Capacitor"],"picked":"Defragment","floor":13.0},{"not_picked":["Lockon","Gash","Cold Snap"],"picked":"SKIP","floor":14.0},{"not_picked":["Biased Cognition","Hyperbeam"],"picked":"Electrodynamics","floor":16.0},{"not_picked":["Redo","Ball Lightning+1","Cold Snap"],"picked":"SKIP","floor":18.0},{"not_picked":["Ball Lightning+1","Loop+1"],"picked":"Heatsinks","floor":19.0},{"not_picked":["Hologram+1","Streamline","Compile Driver"],"picked":"SKIP","floor":22.0},{"not_picked":["Stack","Redo"],"picked":"Turbo","floor":23.0},{"not_picked":["Loop","Steam","Rebound"],"picked":"SKIP","floor":24.0},{"not_picked":["Hello World","Chaos","REME_Compress+1"],"picked":"SKIP","floor":27.0},{"not_picked":["Steam","Compile Driver","Hello World"],"picked":"SKIP","floor":28.0},{"not_picked":["REME_Whirling","Doom and Gloom+1","Go for the Eyes"],"picked":"SKIP","floor":29.0},{"not_picked":["Compile Driver","Streamline+1","Redo"],"picked":"SKIP","floor":31.0},{"not_picked":["Sweeping Beam+1","Double Energy"],"picked":"Gash","floor":35.0},{"not_picked":["Sunder+1","Ball Lightning+1","Hologram"],"picked":"SKIP","floor":36.0},{"not_picked":["Ball Lightning+1","Cold Snap","Fusion"],"picked":"SKIP","floor":38.0},{"not_picked":["Ball Lightning","Compile Driver","Hologram+1"],"picked":"SKIP","floor":40.0},{"not_picked":["Rebound","Fission","REME_DataAnalysis+1"],"picked":"SKIP","floor":42.0},{"not_picked":["Chaos+1","REME_SelfUpgrade+1","Steam+1"],"picked":"SKIP","floor":44.0},{"not_picked":["Steam Power","Barrage+1","Steam"],"picked":"SKIP","floor":45.0},{"not_picked":["Gash+1","Static Discharge"],"picked":"Core Surge","floor":46.0},{"not_picked":["Defragment","Redo+1","Cold Snap"],"picked":"SKIP","floor":48.0},{"not_picked":["Thunder Strike","Sweeping Beam","Rebound"],"picked":"SKIP","floor":54.0}],"player_experience":2261445,"relics_obtained":[{"floor":6.0,"key":"War Paint"},{"floor":8.0,"key":"Bag of Preparation"},{"floor":9.0,"key":"Eternal Feather"},{"floor":10.0,"key":"FossilizedHelix"},{"floor":23.0,"key":"Symbiotic Virus"},{"floor":27.0,"key":"Tiny Chest"},{"floor":29.0,"key":"Girya"},{"floor":40.0,"key":"Du-Vu Doll"},{"floor":42.0,"key":"Happy Flower"},{"floor":43.0,"key":"Regal Pillow"},{"floor":44.0,"key":"Potion Belt"},{"floor":46.0,"key":"Toxic Egg 2"},{"floor":47.0,"key":"MealTicket"},{"floor":54.0,"key":"Strawberry"}],"event_choices":[{"damage_healed":0.0,"max_hp_gain":5.0,"max_hp_loss":0.0,"gold_gain":0.0,"event_name":"Big Fish","player_choice":"Donut","floor":5.0,"gold_loss":0.0,"damage_taken":0.0},{"damage_healed":0.0,"max_hp_gain":0.0,"max_hp_loss":0.0,"gold_gain":0.0,"event_name":"Scrap Ooze","player_choice":"Fled","floor":11.0,"gold_loss":0.0,"damage_taken":0.0},{"damage_healed":0.0,"max_hp_gain":0.0,"max_hp_loss":0.0,"gold_gain":75.0,"event_name":"FaceTrader","player_choice":"Touch","floor":20.0,"gold_loss":0.0,"damage_taken":8.0},{"damage_healed":0.0,"max_hp_gain":0.0,"max_hp_loss":0.0,"gold_gain":0.0,"event_name":"Upgrade Shrine","player_choice":"Upgraded","floor":30.0,"gold_loss":0.0,"damage_taken":0.0,"cards_upgraded":["Heatsinks"]},{"damage_healed":0.0,"max_hp_gain":0.0,"max_hp_loss":0.0,"gold_gain":0.0,"event_name":"Upgrade Shrine","player_choice":"Upgraded","floor":39.0,"gold_loss":0.0,"damage_taken":0.0,"cards_upgraded":["A Thousand Cuts"]}],"is_beta":false,"boss_relics":[{"not_picked":["Snecko Eye","SacredBark"],"picked":"Runic Pyramid"},{"not_picked":["Empty Cage","Inserter"],"picked":"Philosopher\u0027s Stone"}],"items_purged_floors":[12,37,53],"is_endless":false,"potions_floor_spawned":[2,4,6,10,16,18,19,23,28,33,36,44,45,48,54],"ascension_level":1}}