{"host":"5x08nt64u3vxxcfi","time":1610273111,"event":{"mods":["BaseMod","Minty Spire (QoL Compilation)","StSLib","SuperFastMode"],"gold_per_floor":[114,125,139,155,155,155,175,235,258,71,71,71,71,91,91,190,190,201,22,122,22,36,36,36,36,36,54,86,86,86],"floor_reached":29,"playtime":627,"items_purged":["Strike_G","Strike_G"],"score":373,"play_id":"5623c11d-fc56-4b25-8e50-d1c583bd181c","local_time":"20210110190511","is_ascension_mode":true,"campfire_choices":[{"data":"After Image","floor":6.0,"key":"SMITH"},{"data":"Panache","floor":11.0,"key":"SMITH"},{"data":"Poisoned Stab","floor":13.0,"key":"SMITH"},{"data":"Poisoned Stab","floor":15.0,"key":"SMITH"},{"floor":23,"key":"REST"},{"floor":25,"key":"REST"}],"circlet_count":0,"master_deck":["AscendersBane","Strike_G","Defend_G","Defend_G","Defend_G","Defend_G","Defend_G","Survivor","Neutralize+1","After Image+1","Dagger Spray","Poisoned Stab+1","Cloak And Dagger","Backstab","PiercingWail","Panache+1","Poisoned Stab+1","Die Die Die","Cloak And Dagger","Footwork","Terror","Backflip","Acrobatics+1","Tactician"],"relics":["Ring of the Snake","PreservedInsect","Toy Ornithopter","Empty Cage","HornCleat","Tiny Chest"],"acts_visited":["Exordium","TheCity"],"potions_floor_usage":[28,28],"damage_taken":[{"damage":2.0,"enemies":"Cultist","floor":1.0,"turns":5.0},{"damage":1.0,"enemies":"Jaw Worm","floor":2.0,"turns":5.0},{"damage":11.0,"enemies":"Small Slimes","floor":3.0,"turns":3.0},{"damage":24.0,"enemies":"Exordium Wildlife","floor":4.0,"turns":6.0},{"damage":0.0,"enemies":"2 Fungi Beasts","floor":7.0,"turns":3.0},{"damage":5.0,"enemies":"3 Sentries","floor":8.0,"turns":7.0},{"damage":0.0,"enemies":"Blue Slaver","floor":14.0,"turns":4.0},{"damage":23.0,"enemies":"The Guardian","floor":16.0,"turns":11.0},{"damage":16.0,"enemies":"Spheric Guardian","floor":18.0,"turns":7.0},{"damage":23,"enemies":"3 Byrds","floor":22,"turns":7},{"damage":9,"enemies":"Snake Plant","floor":27,"turns":5},{"damage":33,"enemies":"Gremlin Leader","floor":28,"turns":8},{"damage":16,"enemies":"Chosen and Byrds","floor":29,"turns":4}],"seed_played":"1735116955966417133","potions_obtained":[{"floor":2.0,"key":"LiquidBronze"},{"floor":3.0,"key":"Energy Potion"},{"floor":8.0,"key":"Swift Potion"},{"floor":22,"key":"SmokeBomb"},{"floor":27,"key":"AttackPotion"}],"is_trial":false,"path_per_floor":["M","M","M","M","?","R","M","?","T","$","R","?","R","M","R","B",null,"M","$","?","$","M","R","?","R","T","M","E","M"],"character_chosen":"THE_SILENT","items_purchased":["Panache","Footwork","Terror"],"campfire_rested":2,"item_purchase_floors":[10,19,19],"current_hp_per_floor":[43,42,31,7,30,30,30,25,25,25,25,25,25,25,25,7,54,38,38,38,38,15,36,23,45,45,36,13,0,0],"gold":86,"neow_bonus":"THREE_RARE_CARDS","is_daily":false,"chose_seed":false,"campfire_upgraded":4,"win_rate":0.0,"timestamp":1610273111,"path_taken":["M","M","?","M","?","R","M","?","T","?","R","?","R","?","R","BOSS","M","$","?","$","?","R","?","R","T","M","E","M"],"items_purchased_type":["Card","Card","Card"],"build_version":"2020-12-22","purchased_purges":2,"victory":false,"max_hp_per_floor":[70,70,70,70,70,70,70,70,70,70,70,70,70,70,70,70,70,70,70,70,70,70,70,75,75,75,75,75,75,75],"card_choices":[{"not_picked":["Adrenaline","Storm of Steel"],"picked":"After Image","floor":0.0},{"not_picked":["Outmaneuver","Terror"],"picked":"Dagger Spray","floor":1.0},{"not_picked":["Outmaneuver","Dagger Throw"],"picked":"Poisoned Stab","floor":2.0},{"not_picked":["Acrobatics","Poisoned Stab"],"picked":"Cloak And Dagger","floor":3.0},{"not_picked":["Dodge and Roll","Bane"],"picked":"Backstab","floor":4.0},{"not_picked":["Noxious Fumes","Acrobatics"],"picked":"PiercingWail","floor":7.0},{"not_picked":["Deadly Poison","Reflex"],"picked":"Poisoned Stab","floor":14.0},{"not_picked":["Glass Knife","Bullet Time"],"picked":"Die Die Die","floor":16.0},{"not_picked":["Quick Slash","Deflect"],"picked":"Cloak And Dagger","floor":18.0},{"not_picked":["Underhanded Strike","Dodge and Roll"],"picked":"Backflip","floor":22},{"not_picked":["Well Laid Plans","PiercingWail+1"],"picked":"Acrobatics+1","floor":27},{"not_picked":["Masterful Stab","Bane"],"picked":"Tactician","floor":28}],"player_experience":88628,"relics_obtained":[{"floor":9.0,"key":"Toy Ornithopter"},{"floor":26,"key":"HornCleat"},{"floor":28,"key":"Tiny Chest"}],"event_choices":[{"damage_healed":23.0,"max_hp_gain":0.0,"max_hp_loss":0.0,"gold_gain":0.0,"event_name":"Big Fish","player_choice":"Banana","floor":5.0,"gold_loss":0.0,"damage_taken":0.0},{"damage_healed":0.0,"max_hp_gain":0.0,"max_hp_loss":0.0,"gold_gain":0.0,"event_name":"Dead Adventurer","player_choice":"Searched \u00272\u0027 times","floor":8.0,"gold_loss":0.0,"damage_taken":0.0,"relics_obtained":["PreservedInsect"]},{"damage_healed":0.0,"max_hp_gain":0.0,"max_hp_loss":0.0,"gold_gain":0.0,"event_name":"Living Wall","player_choice":"Grow","floor":12.0,"gold_loss":0.0,"damage_taken":0.0,"cards_upgraded":["Neutralize"]},{"damage_healed":0,"gold_gain":100,"player_choice":"Pray","damage_taken":0,"max_hp_gain":0,"max_hp_loss":0,"event_name":"Golden Shrine","floor":20,"gold_loss":0},{"damage_healed":0,"gold_gain":0,"player_choice":"Shed Blood","damage_taken":18,"max_hp_gain":5,"max_hp_loss":0,"event_name":"Forgotten Altar","floor":24,"gold_loss":0}],"is_beta":false,"boss_relics":[{"not_picked":["SacredBark","Ring of the Serpent"],"picked":"Empty Cage"}],"items_purged_floors":[19,21],"is_endless":false,"potions_floor_spawned":[2,3,8,22,27],"killed_by":"Chosen and Byrds","ascension_level":12}}