{"host":"cv77zuuuekizn3ic","time":1610277131,"event":{"mods":["AchievementEnabler","BaseMod","Marisa£®ÏF”Í°°ƒß¿Ì…≥£©","Minty Spire (QoL Compilation)","StSLib","Waifu the Spire","everything is the same but u backflip on backflip","slay the spire mod where everything is the same but ironclad has a cowboy hat"],"gold_per_floor":[119,129,143,156,169,203,203,233,245,257,269,298,310,337,349,361,361],"floor_reached":16,"playtime":726,"items_purged":[],"score":228,"play_id":"53838f60-1aca-453d-8897-93bea38e86ad","local_time":"20210110191211","is_ascension_mode":true,"campfire_choices":[{"data":"Armaments","floor":7.0,"key":"SMITH"},{"floor":11.0,"key":"REST"},{"floor":13.0,"key":"REST"},{"floor":15,"key":"REST"}],"circlet_count":0,"master_deck":["AscendersBane","Strike_R","Strike_R","Strike_R","Strike_R","Strike_R","Defend_R","Defend_R","Defend_R","Defend_R","Bash","Spot Weakness","Disarm","Disarm","Flame Barrier","Limit Break","Armaments+1","Shrug It Off","Evolve","Havoc"],"relics":["Cursed Key","Centennial Puzzle","MawBank"],"acts_visited":["Exordium"],"potions_floor_usage":[16],"damage_taken":[{"damage":9.0,"enemies":"2 Louse","floor":1.0,"turns":2.0},{"damage":5.0,"enemies":"Small Slimes","floor":2.0,"turns":4.0},{"damage":7.0,"enemies":"Jaw Worm","floor":3.0,"turns":2.0},{"damage":3.0,"enemies":"2 Fungi Beasts","floor":4.0,"turns":4.0},{"damage":0.0,"enemies":"3 Louse","floor":5.0,"turns":4.0},{"damage":25.0,"enemies":"3 Sentries","floor":6.0,"turns":6.0},{"damage":11.0,"enemies":"Lagavulin","floor":8.0,"turns":8.0},{"damage":11.0,"enemies":"Exordium Thugs","floor":12.0,"turns":3.0},{"damage":14,"enemies":"Lots of Slimes","floor":14,"turns":5},{"damage":43,"enemies":"Slime Boss","floor":16,"turns":10}],"seed_played":"-2288580793089716248","potions_obtained":[{"floor":2.0,"key":"Block Potion"},{"floor":4.0,"key":"Fire Potion"},{"floor":14,"key":"SpeedPotion"}],"is_trial":false,"path_per_floor":["M","M","M","M","M","E","R","E","T","?","R","M","R","M","R","B"],"character_chosen":"IRONCLAD","items_purchased":[],"campfire_rested":3,"item_purchase_floors":[],"current_hp_per_floor":[59,54,47,44,44,19,19,8,8,1,23,12,34,20,42,0,0],"gold":361,"neow_bonus":"BOSS_RELIC","is_daily":false,"chose_seed":false,"campfire_upgraded":1,"win_rate":0.0,"timestamp":1610277131,"path_taken":["M","M","M","M","M","E","R","E","T","?","R","M","R","M","R","BOSS"],"items_purchased_type":[],"build_version":"2020-12-22","purchased_purges":0,"victory":false,"max_hp_per_floor":[75,75,75,75,75,75,75,75,75,75,75,75,75,75,75,75,75],"card_choices":[{"not_picked":["Cleave","Twin Strike"],"picked":"Spot Weakness","floor":1.0},{"not_picked":["Twin Strike","Thunderclap"],"picked":"Disarm","floor":2.0},{"not_picked":["Entrench","Perfected Strike"],"picked":"Disarm","floor":3.0},{"not_picked":["Perfected Strike","Clothesline"],"picked":"Flame Barrier","floor":4.0},{"not_picked":["Sword Boomerang","Pommel Strike"],"picked":"Limit Break","floor":5.0},{"not_picked":["Dropkick","Rupture"],"picked":"Armaments","floor":6.0},{"not_picked":["Combust","Sword Boomerang"],"picked":"Shrug It Off","floor":8.0},{"not_picked":["Entrench","Havoc"],"picked":"Evolve","floor":12.0},{"not_picked":["Armaments","Headbutt"],"picked":"Havoc","floor":14}],"player_experience":833893,"relics_obtained":[{"floor":6.0,"key":"Centennial Puzzle"},{"floor":8.0,"key":"MawBank"}],"event_choices":[{"cards_removed":["Writhe"],"damage_healed":0.0,"max_hp_gain":0.0,"max_hp_loss":0.0,"gold_gain":0.0,"event_name":"Golden Wing","player_choice":"Card Removal","floor":10.0,"gold_loss":0.0,"damage_taken":7.0}],"is_beta":false,"boss_relics":[],"items_purged_floors":[],"is_endless":false,"potions_floor_spawned":[2,4,14],"killed_by":"Slime Boss","ascension_level":20}}