{"host":"hwdg34753f7m8ow2","time":1610249137,"event":{"mods":["AchievementEnabler","BaseMod","Koishi","Marisa????????","Minty Spire (QoL Compilation)","Permanent Neow","Quick Restart","Shop Mod","StSLib","The Senshi","The Servant 0.9.4"],"gold_per_floor":[116,129,129,144,144,172,28,58,58,58,77,89,89,105,105,203,203,220,233,233,245,51,83,95,107,107,121,121,121,156,170,170,271,271,289,314,314,324,337,370,370,382,382,394,405,405,405],"floor_reached":46,"playtime":2370,"items_purged":["Koishi:PhilosophyOfTheDespised"],"score":762,"play_id":"03a13b26-45d8-451a-bd8c-23ce8741aa65","local_time":"20210109202537","is_ascension_mode":true,"campfire_choices":[{"floor":13.0,"key":"REST"},{"data":"Koishi:PerfectMindControl","floor":15.0,"key":"SMITH"},{"data":"Koishi:BasicDefend","floor":29.0,"key":"SMITH"},{"data":"Koishi:HeartStoppingHorror","floor":32.0,"key":"SMITH"}],"circlet_count":0,"master_deck":["AscendersBane","Koishi:BasicStrike+1","Koishi:BasicDefend+1","Koishi:BasicDefend","Koishi:BasicDefend","Koishi:BasicDefend+1","Koishi:Provoke+1","Koishi:HauntingSlash","Koishi:HeartStoppingHorror+1","Koishi:RacingHeart","Koishi:JumpScare+1","Koishi:RuptureMind","Koishi:ParalyzingFear","Koishi:PerfectMindControl+1","Koishi:UnconsciousUrges","Koishi:LastRemote","Koishi:PredatoryInstincts","Koishi:Heartbroken","Koishi:BloodcurdlingScream","Koishi:FleetingPhantom+1","Koishi:TremblingHands","Flash of Steel","Koishi:DanmakuParanoia","Koishi:Untouchable+1","Koishi:TremblingHands+1","Parasite"],"relics":["Koishi:ImaginaryFriend","Pantograph","War Paint","Dream Catcher","Gremlin Horn","Coffee Dripper","Happy Flower","Letter Opener","Art of War","Black Star","Boot","Blue Candle","Vajra","The Courier"],"acts_visited":["Exordium","TheCity","TheBeyond"],"potions_floor_usage":[],"damage_taken":[{"damage":12.0,"enemies":"Cultist","floor":1.0,"turns":6.0},{"damage":2.0,"enemies":"Jaw Worm","floor":2.0,"turns":4.0},{"damage":8.0,"enemies":"Small Slimes","floor":4.0,"turns":4.0},{"damage":19.0,"enemies":"Lagavulin","floor":6.0,"turns":6.0},{"damage":14.0,"enemies":"Gremlin Nob","floor":8.0,"turns":5.0},{"damage":11.0,"enemies":"Looter","floor":11.0,"turns":3.0},{"damage":7.0,"enemies":"Exordium Thugs","floor":12.0,"turns":4.0},{"damage":1.0,"enemies":"Gremlin Gang","floor":14.0,"turns":4.0},{"damage":15.0,"enemies":"Hexaghost","floor":16.0,"turns":10.0},{"damage":10.0,"enemies":"Shell Parasite","floor":18.0,"turns":5.0},{"damage":11.0,"enemies":"Chosen","floor":19.0,"turns":6.0},{"damage":0.0,"enemies":"3 Cultists","floor":21.0,"turns":4.0},{"damage":39.0,"enemies":"Gremlin Leader","floor":23.0,"turns":6.0},{"damage":9.0,"enemies":"Shelled Parasite and Fungi","floor":24.0,"turns":5.0},{"damage":0.0,"enemies":"Centurion and Healer","floor":25.0,"turns":5.0},{"damage":16.0,"enemies":"Snake Plant","floor":27.0,"turns":4.0},{"damage":26.0,"enemies":"Slavers","floor":30.0,"turns":4.0},{"damage":18.0,"enemies":"Snecko","floor":31.0,"turns":5.0},{"damage":43.0,"enemies":"Automaton","floor":33.0,"turns":11.0},{"damage":7.0,"enemies":"Orb Walker","floor":35.0,"turns":4.0},{"damage":27.0,"enemies":"3 Shapes","floor":38.0,"turns":5.0},{"damage":10,"enemies":"3 Darklings","floor":39,"turns":7},{"damage":33,"enemies":"Nemesis","floor":40,"turns":9},{"damage":13,"enemies":"Jaw Worm Horde","floor":42,"turns":5},{"damage":0,"enemies":"Writhing Mass","floor":44,"turns":5},{"damage":52,"enemies":"Transient","floor":45,"turns":5},{"damage":71,"enemies":"Reptomancer","floor":46,"turns":5}],"seed_played":"7171857048802419656","potions_obtained":[{"floor":2.0,"key":"PowerPotion"},{"floor":8.0,"key":"SteroidPotion"},{"floor":11.0,"key":"PowerPotion"},{"floor":19.0,"key":"BlessingOfTheForge"},{"floor":21.0,"key":"FairyPotion"},{"floor":25.0,"key":"Swift Potion"},{"floor":27.0,"key":"SpeedPotion"},{"floor":33.0,"key":"BlessingOfTheForge"},{"floor":42,"key":"Ancient Potion"}],"is_trial":false,"path_per_floor":["M","M","?","M","?","E","$","E","T","?","M","M","R","M","R","B",null,"M","M","?","M","$","E","M","M","T","M","?","R","E","M","R","B",null,"M","T","?","M","M","E","?","M","T","M","M","E"],"character_chosen":"KOISHI","items_purchased":["War Paint","Koishi:TremblingHands","Flash of Steel"],"campfire_rested":1,"item_purchase_floors":[7,22,22],"current_hp_per_floor":[45,48,48,46,34,25,25,20,20,20,18,16,34,40,40,60,60,60,59,59,60,60,38,44,60,60,53,53,53,48,40,40,43,56,56,56,70,62,70,55,55,51,51,66,23,0,0],"gold":405,"neow_bonus":"ONE_RANDOM_RARE_CARD","is_daily":false,"chose_seed":false,"campfire_upgraded":3,"win_rate":0.0,"timestamp":1610249137,"path_taken":["M","?","?","?","?","E","$","E","T","?","?","M","R","M","R","BOSS","M","M","?","M","$","E","M","?","T","M","?","R","E","M","R","BOSS","M","?","?","?","M","E","?","M","T","?","M","E"],"items_purchased_type":["Relic","Card","Card"],"build_version":"2020-12-22","purchased_purges":1,"victory":false,"max_hp_per_floor":[60,60,60,60,60,60,60,60,60,60,60,60,60,60,60,60,60,60,60,60,60,60,60,60,60,60,60,60,60,60,60,60,60,60,60,60,70,70,70,70,70,70,70,70,70,70,70],"card_choices":[{"not_picked":["Koishi:Jaunt","Koishi:PhantomBarrier"],"picked":"Koishi:RacingHeart","floor":1.0},{"not_picked":["Koishi:RacingHeart","Koishi:Whimsy"],"picked":"Koishi:JumpScare","floor":2.0},{"not_picked":["Koishi:VengefulSpirit","Koishi:Prune"],"picked":"Koishi:RuptureMind","floor":4.0},{"not_picked":["Koishi:StrangeCloudFist","Koishi:SpiritedAway"],"picked":"Koishi:ParalyzingFear","floor":6.0},{"not_picked":["Koishi:FleetingPhantom","Koishi:TraumaticStroke"],"picked":"Koishi:PerfectMindControl","floor":8.0},{"not_picked":["Koishi:BloodcurdlingScream","Koishi:MassHysteria"],"picked":"Koishi:UnconsciousUrges","floor":11.0},{"not_picked":["Koishi:RacingHeart","Koishi:CatchAndRose","Koishi:PhantomStrike"],"picked":"SKIP","floor":12.0},{"not_picked":["Koishi:DNAsFlaw","Koishi:ReflexRadar"],"picked":"Koishi:LastRemote","floor":13.0},{"not_picked":["Koishi:CatchAndRose","Koishi:MindNumbingTerror"],"picked":"Koishi:PredatoryInstincts","floor":14.0},{"not_picked":["Koishi:ConfinedInnocent","Koishi:FadingMemory"],"picked":"Koishi:Heartbroken","floor":16.0},{"not_picked":["Koishi:SubconsciousSweep","Koishi:VengefulSpirit","Koishi:SubterraneanRose"],"picked":"SKIP","floor":18.0},{"not_picked":["Koishi:Jaunt+1","Koishi:FleetingPhantom"],"picked":"Koishi:BloodcurdlingScream","floor":19.0},{"not_picked":["Koishi:DreadfulBlow","Koishi:ApparitionsStalkTheNight"],"picked":"Koishi:FleetingPhantom+1","floor":21.0},{"not_picked":["Koishi:HeartStoppingHorror","Koishi:MindNumbingTerror"],"picked":"Koishi:DanmakuParanoia","floor":23.0},{"not_picked":["Koishi:EmbryosDream","Koishi:Whimsy","Koishi:FleetingPhantom+1"],"picked":"SKIP","floor":24.0},{"not_picked":["Koishi:JumpScare","Koishi:RacingHeart","Koishi:PhantomStrike"],"picked":"SKIP","floor":25.0},{"not_picked":["Koishi:RacingHeart","Koishi:GeneticsOfTheUnconscious","Koishi:JumpScare"],"picked":"SKIP","floor":27.0},{"not_picked":["Koishi:HeartStoppingHorror","Koishi:VengefulSpirit","Koishi:Whimsy"],"picked":"SKIP","floor":30.0},{"not_picked":["Koishi:PhantomBarrier","Koishi:ReflexRadar","Koishi:SpiritedAway"],"picked":"SKIP","floor":31.0},{"not_picked":["Koishi:RuptureMind","Koishi:SilentAndRestless"],"picked":"Koishi:MentalBreakdown","floor":33.0},{"not_picked":["Koishi:SpiritedAway","Koishi:DNAsFlaw","Koishi:RacingHeart"],"picked":"SKIP","floor":35.0},{"not_picked":["Koishi:FreudianInstinct","Koishi:TraumaticStroke+1"],"picked":"Koishi:Untouchable+1","floor":38.0},{"not_picked":["Koishi:SpiritedAway","Koishi:DreadfulBlow","Koishi:SubconsciousSweep+1"],"picked":"SKIP","floor":39},{"not_picked":["Koishi:UnansweredLove","Koishi:GeneticsOfTheUnconscious+1"],"picked":"Koishi:TremblingHands+1","floor":40},{"not_picked":["Koishi:CatchAndRose+1","Koishi:Jaunt","Koishi:FreudianInstinct+1"],"picked":"SKIP","floor":42},{"not_picked":["Koishi:PhilosophyOfTheDespised+1","Koishi:FidgetySnatcher+1","Koishi:BramblyRoseGarden+1"],"picked":"SKIP","floor":44},{"not_picked":["Koishi:CatchAndRose+1","Koishi:SubconsciousSweep","Koishi:EmbryosDream+1"],"picked":"SKIP","floor":45}],"player_experience":734047,"relics_obtained":[{"floor":6.0,"key":"Pantograph"},{"floor":8.0,"key":"Dream Catcher"},{"floor":9.0,"key":"Gremlin Horn"},{"floor":23.0,"key":"Happy Flower"},{"floor":26.0,"key":"Letter Opener"},{"floor":30.0,"key":"Art of War"},{"floor":36.0,"key":"Boot"},{"floor":40,"key":"Blue Candle"},{"floor":40,"key":"Vajra"},{"floor":43,"key":"The Courier"}],"event_choices":[{"damage_healed":0.0,"max_hp_gain":0.0,"max_hp_loss":0.0,"gold_gain":0.0,"event_name":"The Woman in Blue","player_choice":"Bought 0 Potions","floor":3.0,"gold_loss":0.0,"damage_taken":0.0},{"damage_healed":0.0,"max_hp_gain":0.0,"max_hp_loss":0.0,"gold_gain":0.0,"event_name":"Shining Light","player_choice":"Entered Light","floor":5.0,"gold_loss":0.0,"damage_taken":12.0,"cards_upgraded":["Koishi:BasicStrike","Koishi:Provoke"]},{"cards_removed":["Koishi:BasicStrike"],"damage_healed":0.0,"max_hp_gain":0.0,"max_hp_loss":0.0,"gold_gain":0.0,"event_name":"Purifier","player_choice":"Purged","floor":10.0,"gold_loss":0.0,"damage_taken":0.0},{"damage_healed":0.0,"max_hp_gain":0.0,"max_hp_loss":0.0,"gold_gain":0.0,"cards_transformed":["Koishi:BasicStrike"],"event_name":"Transmorgrifier","player_choice":"Transformed","floor":20.0,"gold_loss":0.0,"damage_taken":0.0,"cards_obtained":["Koishi:PhilosophyOfTheDespised"]},{"cards_removed":["Koishi:BasicStrike"],"damage_healed":0.0,"max_hp_gain":0.0,"max_hp_loss":0.0,"gold_gain":0.0,"event_name":"Purifier","player_choice":"Purged","floor":28.0,"gold_loss":0.0,"damage_taken":0.0},{"cards_removed":["Koishi:MentalBreakdown"],"damage_healed":4.0,"max_hp_gain":10.0,"max_hp_loss":0.0,"gold_gain":0.0,"event_name":"Bonfire Elementals","player_choice":"Offered Rare","floor":37.0,"gold_loss":0.0,"damage_taken":0.0},{"damage_healed":0,"gold_gain":0,"player_choice":"Ignored","damage_taken":0,"max_hp_gain":0,"max_hp_loss":0,"event_name":"SecretPortal","floor":41,"gold_loss":0}],"is_beta":false,"boss_relics":[{"not_picked":["SacredBark","Empty Cage"],"picked":"Coffee Dripper"},{"not_picked":["Philosopher\u0027s Stone","Pandora\u0027s Box"],"picked":"Black Star"}],"items_purged_floors":[22],"is_endless":false,"potions_floor_spawned":[2,8,11,19,21,25,27,33,38,39,40,42],"killed_by":"Reptomancer","ascension_level":10}}