{"host":"k5ezbu40hxyit46v","time":1610251739,"event":{"mods":["Act Like it!","Aspiration","Astrologer","BaseMod","BetterRewards","Conspire","DeckTracker","Energized Spire","Gensokyo","Googly Eyes","Halation","HexUI Lib","Highlight Path","Hubris","Infinite Spire","Ironclad Rager","Jedi Mod","Mad Scientist","Marisa????????","Minty Spire (QoL Compilation)","Quarter Circle Forward PUNCH!","Quick Restart","Replay The Spire","Reworked Bosses","Shop Mod","Spikes Relics","StSLib","The Administrix","The Awakened One except there are too many feathers","The Bladedancer","The Cursed","The IronCluck","The Servant 0.9.4","The Wild Card","everything is the same but u backflip on backflip","slay the spire mod where everything is the same but ironclad has a cowboy hat","vexMod"],"gold_per_floor":[119,119,134,134,147,176,176,207,207,207,217,217,217,217,217,291,291,307,324,340,340,351,351,351],"floor_reached":23,"playtime":747,"items_purged":["Strike_G","Defend_G","Strike_G"],"score":652,"play_id":"e41badc5-c27f-4997-9ab7-efba160a9be0","local_time":"20210109230859","is_ascension_mode":true,"campfire_choices":[{"data":"Blade Dance","floor":7.0,"key":"SMITH"},{"floor":10.0,"key":"REST"},{"data":"Poisoned Stab","floor":15.0,"key":"SMITH"}],"circlet_count":0,"master_deck":["AscendersBane","Strike_G","Strike_G","Strike_G","Defend_G+1","Defend_G+1","Defend_G+1","Defend_G+1","Survivor+1","Poisoned Stab+1","Leg Sweep+1","Blade Dance+1","jedi:poisonivy","Poisoned Stab+1","Blade Dance+1","A Thousand Cuts+1"],"relics":["Ring of the Snake","aspiration:FetidBarrel","jedi:cryingmask","Darkstone Periapt","Replay:WaspNest","halation:YellowSoulGem","hubris:RunicObelisk"],"acts_visited":["Exordium","TheCity"],"potions_floor_usage":[20],"damage_taken":[{"damage":0.0,"enemies":"Cultist","floor":1.0,"turns":3.0},{"damage":2.0,"enemies":"Jaw Worm","floor":3.0,"turns":4.0},{"damage":0.0,"enemies":"Small Slimes","floor":5.0,"turns":2.0},{"damage":0.0,"enemies":"Gremlin Nob","floor":6.0,"turns":2.0},{"damage":14.0,"enemies":"3 Sentries","floor":8.0,"turns":5.0},{"damage":0.0,"enemies":"2 Fungi Beasts","floor":11.0,"turns":2.0},{"damage":30.0,"enemies":"Slime Boss","floor":16.0,"turns":4.0},{"damage":11.0,"enemies":"Spheric Guardian","floor":18.0,"turns":4.0},{"damage":11.0,"enemies":"2 Thieves","floor":19.0,"turns":2.0},{"damage":16,"enemies":"Chosen and Byrds","floor":20,"turns":4},{"damage":11,"enemies":"Shelled Parasite and Fungi","floor":22,"turns":4},{"damage":15,"enemies":"conspire:SneckoGhost","floor":23,"turns":2}],"seed_played":"-8780516570930339896","potions_obtained":[{"floor":5.0,"key":"Fire Potion"},{"floor":8.0,"key":"PowerPotion"},{"floor":11.0,"key":"ColorlessPotion"},{"floor":19.0,"key":"jedi:StrikingPotion"}],"is_trial":false,"path_per_floor":["M","?","M","$","M","E","R","E","T","R","M","?","?","?","R","B",null,"M","M","M","?","M","E"],"character_chosen":"THE_SILENT","items_purchased":["aspiration:FetidBarrel","Poisoned Stab","Leg Sweep","jedi:cryingmask","Blade Dance","jedi:poisonivy","EntropicBrew"],"campfire_rested":1,"item_purchase_floors":[0,0,0,0,0,0,0],"current_hp_per_floor":[23,23,21,21,21,21,21,7,7,26,26,31,31,31,31,1,54,43,32,16,16,5,0,0],"gold":351,"neow_bonus":"","is_daily":false,"chose_seed":false,"campfire_upgraded":2,"win_rate":0.0,"timestamp":1610251739,"path_taken":["M","?","M","?","?","E","R","E","T","R","?","?","?","?","R","BOSS","M","M","M","?","?","E"],"items_purchased_type":["Relic","Card","Card","Relic","Card","Card","Potion"],"build_version":"2020-12-22","purchased_purges":3,"victory":false,"max_hp_per_floor":[66,66,66,66,66,66,66,66,66,66,66,71,71,71,71,71,71,71,71,71,71,71,71,71],"card_choices":[{"not_picked":["Prepared","Hidden Blade","jedi:unstablefumes"],"picked":"SKIP","floor":1.0},{"not_picked":["Toxin Wave","Acrobatics"],"picked":"Blade Dance","floor":3.0},{"not_picked":["Quick Slash","Dagger Throw","All Out Attack"],"picked":"SKIP","floor":5.0},{"not_picked":["Flying Knee","Blade Dance","Storm of Steel"],"picked":"SKIP","floor":6.0},{"not_picked":["Infinite Blades","jedi:pocketpoison","jedi:unstablefumes"],"picked":"SKIP","floor":8.0},{"not_picked":["Hidden Blade","Blade Dance","conspire:PoisonWeapons"],"picked":"SKIP","floor":11.0},{"not_picked":["Adrenaline","Phantasmal Killer"],"picked":"A Thousand Cuts","floor":16.0},{"not_picked":["Deflect","Prepared","Terror"],"picked":"SKIP","floor":18.0},{"not_picked":["Heel Hook","Concentrate","Backflip"],"picked":"SKIP","floor":19.0},{"not_picked":["Dodge and Roll","hubris:SlightOfHand","Blade Dance"],"picked":"SKIP","floor":20},{"not_picked":["Dagger Throw","Dagger Spray","Prepared"],"picked":"SKIP","floor":22}],"player_experience":1242458,"relics_obtained":[{"floor":6.0,"key":"Darkstone Periapt"},{"floor":8.0,"key":"Ancient Tea Set"},{"floor":9.0,"key":"Replay:WaspNest"}],"event_choices":[{"damage_healed":0.0,"max_hp_gain":5.0,"max_hp_loss":0.0,"gold_gain":0.0,"event_name":"Big Fish","player_choice":"Donut","floor":12.0,"gold_loss":0.0,"damage_taken":0.0},{"damage_healed":0,"gold_gain":0,"player_choice":"Forge","damage_taken":0,"max_hp_gain":0,"max_hp_loss":0,"event_name":"Accursed Blacksmith","floor":21,"gold_loss":0,"cards_upgraded":["A Thousand Cuts"]}],"is_beta":false,"boss_relics":[{"not_picked":["qcfpunch:Crimson_Sash","vexMod:CursedCompass"],"picked":"hubris:RunicObelisk"}],"items_purged_floors":[0,0,0],"is_endless":false,"potions_floor_spawned":[5,8,11,19],"killed_by":"conspire:SneckoGhost","ascension_level":20}}