{"host":"xt3o4iokwksypl90","time":1610311573,"event":{"mods":["AchievementEnabler","BaseMod","Googly Eyes","Highlight Path","Minty Spire (QoL Compilation)","Permanent Neow"],"gold_per_floor":[111,129,148,165,183,183,214,214,241,272,272,272,54,73,73,168,168,185,216,316,30,48,79,39,39,39,52,80,90,90,43,43,43,43],"floor_reached":33,"playtime":2441,"items_purged":["Strike_R","Strike_R"],"score":400,"play_id":"af46a5a5-409c-4e81-8c6b-db2ba7b31cda","local_time":"20210110214613","is_ascension_mode":true,"campfire_choices":[{"data":"Bash","floor":6.0,"key":"SMITH"},{"data":"Shrug It Off","floor":8.0,"key":"SMITH"},{"floor":12.0,"key":"REST"},{"data":"Inflame","floor":15.0,"key":"SMITH"},{"data":"Flame Barrier","floor":25.0,"key":"SMITH"},{"data":"Armaments","floor":30,"key":"SMITH"},{"data":"Clothesline","floor":32,"key":"SMITH"}],"circlet_count":0,"master_deck":["Strike_R","Strike_R","Strike_R","Defend_R+1","Defend_R+1","Defend_R","Defend_R","Bash+1","Inflame+1","Cleave","Inflame","Battle Trance","Shrug It Off+1","Seeing Red","Reaper","Carnage","Shockwave","Whirlwind","Armaments+1","Flame Barrier+1","Iron Wave+1","Disarm","Clothesline+1"],"relics":["Burning Blood","Omamori","War Paint","Oddly Smooth Stone","Ancient Tea Set","OrangePellets","Snecko Eye","Red Mask","PreservedInsect","Blood Vial","Regal Pillow","Art of War"],"acts_visited":["Exordium","TheCity"],"potions_floor_usage":[28,33],"damage_taken":[{"damage":10.0,"enemies":"2 Louse","floor":1.0,"turns":3.0},{"damage":13.0,"enemies":"Jaw Worm","floor":2.0,"turns":4.0},{"damage":6.0,"enemies":"Cultist","floor":3.0,"turns":3.0},{"damage":18.0,"enemies":"Exordium Thugs","floor":4.0,"turns":5.0},{"damage":6.0,"enemies":"Gremlin Gang","floor":5.0,"turns":4.0},{"damage":30.0,"enemies":"Lagavulin","floor":7.0,"turns":5.0},{"damage":18.0,"enemies":"Gremlin Nob","floor":10.0,"turns":4.0},{"damage":1.0,"enemies":"2 Fungi Beasts","floor":14.0,"turns":4.0},{"damage":39.0,"enemies":"Hexaghost","floor":16.0,"turns":10.0},{"damage":57.0,"enemies":"3 Byrds","floor":18.0,"turns":7.0},{"damage":25.0,"enemies":"Masked Bandits","floor":19.0,"turns":5.0},{"damage":17.0,"enemies":"2 Thieves","floor":22.0,"turns":4.0},{"damage":10.0,"enemies":"Slavers","floor":23.0,"turns":4.0},{"damage":12.0,"enemies":"Snake Plant","floor":27.0,"turns":5.0},{"damage":0,"enemies":"Gremlin Leader","floor":28,"turns":6},{"damage":0,"enemies":"Snecko","floor":29,"turns":3},{"damage":65,"enemies":"Champ","floor":33,"turns":16}],"seed_played":"-6901314433884677677","potions_obtained":[{"floor":1.0,"key":"Fire Potion"},{"floor":4.0,"key":"Fire Potion"},{"floor":5.0,"key":"AttackPotion"},{"floor":16.0,"key":"Explosive Potion"},{"floor":23.0,"key":"SteroidPotion"},{"floor":27.0,"key":"DuplicationPotion"},{"floor":29,"key":"SpeedPotion"}],"is_trial":false,"path_per_floor":["M","M","M","M","M","R","E","R","T","E","?","R","$","M","R","B",null,"M","?","?","$","M","E","$","R","T","M","E","M","R","$","R","B"],"character_chosen":"IRONCLAD","items_purchased":["OrangePellets","PreservedInsect","Whirlwind","Flame Barrier","Clothesline"],"campfire_rested":1,"item_purchase_floors":[13,21,21,24,31],"current_hp_per_floor":[76,69,69,57,57,57,33,33,33,21,18,42,42,47,47,14,64,23,16,16,16,17,31,31,31,31,27,40,54,54,54,54,0,0],"gold":43,"neow_bonus":"THREE_CARDS","is_daily":false,"chose_seed":false,"campfire_upgraded":6,"win_rate":0.0,"timestamp":1610311573,"path_taken":["M","M","M","M","M","R","E","R","T","E","?","R","$","M","R","BOSS","M","?","?","$","?","E","?","R","T","M","E","?","R","$","R","BOSS"],"items_purchased_type":["Relic","Relic","Card","Card","Card"],"build_version":"2020-12-22","purchased_purges":2,"victory":false,"max_hp_per_floor":[80,80,80,80,80,80,80,80,80,80,80,80,80,80,80,80,80,80,80,80,80,80,80,80,80,80,80,80,80,80,80,80,80,80],"card_choices":[{"not_picked":["Dual Wield","Flex"],"picked":"Inflame","floor":0.0},{"not_picked":["Second Wind","Shrug It Off"],"picked":"Cleave","floor":1.0},{"not_picked":["Clash","Thunderclap"],"picked":"Inflame","floor":2.0},{"not_picked":["Wild Strike","Cleave","Rampage"],"picked":"SKIP","floor":3.0},{"not_picked":["Perfected Strike","Cleave"],"picked":"Battle Trance","floor":4.0},{"not_picked":["Carnage","Sentinel","Headbutt"],"picked":"SKIP","floor":5.0},{"not_picked":["Rupture","Sentinel"],"picked":"Shrug It Off","floor":7.0},{"not_picked":["Headbutt","Berserk"],"picked":"Seeing Red","floor":10.0},{"not_picked":["Sword Boomerang","Dark Embrace","Flex"],"picked":"SKIP","floor":14.0},{"not_picked":["Double Tap","Brutality"],"picked":"Reaper","floor":16.0},{"not_picked":["Pommel Strike","Perfected Strike"],"picked":"Carnage","floor":18.0},{"not_picked":["Thunderclap","Dark Embrace"],"picked":"Shockwave","floor":19.0},{"not_picked":["Anger","Dark Embrace"],"picked":"Armaments","floor":22.0},{"not_picked":["Armaments","Combust","Sword Boomerang"],"picked":"SKIP","floor":23.0},{"not_picked":["Sword Boomerang","Pommel Strike"],"picked":"Iron Wave+1","floor":27.0},{"not_picked":["Shrug It Off","Intimidate","Entrench"],"picked":"SKIP","floor":28},{"not_picked":["Shrug It Off","Intimidate","Entrench"],"picked":"SKIP","floor":28},{"not_picked":["Whirlwind","Armaments+1"],"picked":"Disarm","floor":29}],"player_experience":252773,"relics_obtained":[{"floor":7.0,"key":"Omamori"},{"floor":9.0,"key":"War Paint"},{"floor":10.0,"key":"Oddly Smooth Stone"},{"floor":19.0,"key":"Red Mask"},{"floor":23.0,"key":"Blood Vial"},{"floor":26.0,"key":"Regal Pillow"},{"floor":28,"key":"Art of War"}],"event_choices":[{"damage_healed":0.0,"max_hp_gain":0.0,"max_hp_loss":0.0,"gold_gain":0.0,"event_name":"Scrap Ooze","player_choice":"Success","floor":11.0,"gold_loss":0.0,"damage_taken":3.0,"relics_obtained":["Ancient Tea Set"]},{"damage_healed":0.0,"max_hp_gain":0.0,"max_hp_loss":0.0,"gold_gain":0.0,"event_name":"Masked Bandits","player_choice":"Fought Bandits","floor":19.0,"gold_loss":0.0,"damage_taken":0.0},{"damage_healed":0.0,"max_hp_gain":0.0,"max_hp_loss":0.0,"gold_gain":100.0,"event_name":"Golden Shrine","player_choice":"Pray","floor":20.0,"gold_loss":0.0,"damage_taken":0.0}],"is_beta":false,"boss_relics":[{"not_picked":["Mark of Pain","Calling Bell"],"picked":"Snecko Eye"}],"items_purged_floors":[13,21],"is_endless":false,"potions_floor_spawned":[1,4,5,16,23,27,29],"killed_by":"Champ","ascension_level":5}}