{"host":"skzt5oiq3jmvln28","time":1610268212,"event":{"mods":["100% Spire Juice","AchievementEnabler","Act Like it!","BaseMod","GifTheSpireLib","Minty Spire (QoL Compilation)","StSLib"],"gold_per_floor":[110,60,60,12,12,12,37,37,63,63,102,118,118,138,138,258,258,276,276],"floor_reached":18,"playtime":1220,"items_purged":[],"score":185,"play_id":"5275ae1a-303a-4075-a86b-1f49fbc42494","local_time":"20210110004332","is_ascension_mode":false,"campfire_choices":[{"data":"Moonworks:Ambush","floor":6,"key":"SMITH"},{"data":"Moonworks:Defend","floor":10,"key":"SMITH"},{"data":"Moonworks:Dash","floor":15,"key":"SMITH"}],"circlet_count":0,"master_deck":["Moonworks:Strike","Moonworks:Strike","Moonworks:Strike","Moonworks:Defend+1","Moonworks:Defend","Moonworks:Defend","Moonworks:Defend","Moonworks:Ambush+1","Moonworks:LongDistanceShot","Moonworks:LuckyCharm+1","Moonworks:Assault","Moonworks:WindyEnchantment","Moonworks:Dash+1","Moonworks:OutOfAmmo","Moonworks:BeyondHell"],"relics":["Moonworks:BrokenBomb","Moonworks:Homemark","NeowsBlessing","Golden Idol","Oddly Smooth Stone","Lizard Tail","SlaversCollar"],"acts_visited":["Exordium","TheCity"],"potions_floor_usage":[16,18],"damage_taken":[{"damage":0,"enemies":"2 Louse","floor":1,"turns":1},{"damage":0,"enemies":"Jaw Worm","floor":7,"turns":1},{"damage":0,"enemies":"Lagavulin","floor":11,"turns":1},{"damage":0,"enemies":"Small Slimes","floor":12,"turns":4},{"damage":1,"enemies":"Red Slaver","floor":14,"turns":3},{"damage":21,"enemies":"The Guardian","floor":16,"turns":14},{"damage":30,"enemies":"Shell Parasite","floor":18,"turns":6}],"seed_played":"1338099125350804033","potions_obtained":[{"floor":1,"key":"Weak Potion"},{"floor":5,"key":"EssenceOfSteel"},{"floor":5,"key":"Dexterity Potion"},{"floor":5,"key":"AttackPotion"},{"floor":18,"key":"DuplicationPotion"}],"is_trial":false,"path_per_floor":["M","?","?","$","?","R","M","?","T","R","E","M","?","M","R","B",null,"M"],"character_chosen":"THE_STARBREAKER","items_purchased":["Moonworks:Assault"],"campfire_rested":0,"item_purchase_floors":[4],"current_hp_per_floor":[60,60,56,56,56,56,56,56,56,56,56,56,56,55,55,34,56,26,26],"gold":276,"neow_bonus":"THREE_ENEMY_KILL","is_daily":false,"chose_seed":false,"campfire_upgraded":3,"win_rate":0.0,"timestamp":1610268212,"path_taken":["M","?","?","$","?","R","?","?","T","R","E","M","?","M","R","BOSS","M"],"items_purchased_type":["Card"],"build_version":"2020-12-22","purchased_purges":0,"victory":false,"max_hp_per_floor":[60,60,56,56,56,56,56,56,56,56,56,56,56,56,56,56,56,56,56],"card_choices":[{"not_picked":["Moonworks:FinalSurgery","Moonworks:MiracleRedBeanIceCream"],"picked":"Moonworks:LuckyCharm","floor":1},{"not_picked":["Moonworks:MiracleWalker","Moonworks:IndiscriminateFireSupport"],"picked":"Moonworks:WindyEnchantment","floor":7},{"not_picked":["Moonworks:IndiscriminateFireSupport","Moonworks:TreasureThief","Moonworks:NicePresent"],"picked":"SKIP","floor":11},{"not_picked":["Moonworks:UnluckyCharm","Moonworks:EvilSpyWorkPreparation","Moonworks:SakisCookie"],"picked":"SKIP","floor":12},{"not_picked":["Moonworks:FinalBattle","Moonworks:DeployBits"],"picked":"Moonworks:Dash","floor":14},{"not_picked":["Moonworks:MetallicMonocoque","Moonworks:LeapThroughSpace"],"picked":"Moonworks:OutOfAmmo","floor":16},{"not_picked":["Moonworks:TacticalRetreat+1","Moonworks:CloudOfSeagulls"],"picked":"Moonworks:BeyondHell","floor":18}],"player_experience":19902,"relics_obtained":[{"floor":9,"key":"Oddly Smooth Stone"},{"floor":11,"key":"Lizard Tail"}],"event_choices":[{"cards_removed":["Moonworks:Strike"],"damage_healed":0,"gold_gain":0,"player_choice":"Card Removal","damage_taken":0,"max_hp_gain":0,"max_hp_loss":0,"event_name":"The Cleric","floor":2,"gold_loss":50},{"damage_healed":0,"gold_gain":0,"player_choice":"Lose Max HP","damage_taken":0,"relics_obtained":["Golden Idol"],"max_hp_gain":0,"max_hp_loss":4,"event_name":"Golden Idol","floor":3,"gold_loss":0},{"damage_healed":0,"gold_gain":0,"player_choice":"Got Potions","damage_taken":0,"max_hp_gain":0,"max_hp_loss":0,"event_name":"Lab","floor":5,"gold_loss":0},{"damage_healed":0,"gold_gain":0,"player_choice":"Ignored","damage_taken":0,"max_hp_gain":0,"max_hp_loss":0,"event_name":"Liars Game","floor":8,"gold_loss":0},{"damage_healed":0,"gold_gain":0,"player_choice":"Grow","damage_taken":0,"max_hp_gain":0,"max_hp_loss":0,"event_name":"Living Wall","floor":13,"gold_loss":0,"cards_upgraded":["Moonworks:LuckyCharm"]}],"is_beta":false,"boss_relics":[{"not_picked":["Ectoplasm","Coffee Dripper"],"picked":"SlaversCollar"}],"items_purged_floors":[],"is_endless":false,"potions_floor_spawned":[1,14,18],"killed_by":"Shell Parasite","ascension_level":0}}