{"host":"xkmvu47k9fdstweo","time":1610248894,"event":{"mods":["BaseMod","Colored Map","Conspire","Hubris","Minty Spire (QoL Compilation)","Quick Restart","Railgun Mod","Shop Mod","StSLib","The Alterego","The Servant 0.9.4","The Wild Card","TheBandit","WarShipGirlsR/??è≠èóR mod","vexMod"],"gold_per_floor":[114,114,125,143,162,196,213,213,213],"floor_reached":8,"playtime":373,"items_purged":[],"score":90,"play_id":"f54a8b98-279d-4be0-a4bb-9df498bd1140","local_time":"20210109222134","is_ascension_mode":true,"campfire_choices":[],"circlet_count":0,"master_deck":["AscendersBane","Strike_G","Strike_G","Strike_G","Strike_G","Strike_G","Defend_G","Defend_G","Defend_G","Defend_G","Defend_G","Survivor","Neutralize","Poisoned Stab","Quick Slash","Acrobatics","Dodge and Roll","PiercingWail","Bouncing Flask"],"relics":["conspire:RoyalGoblet","hubris:Icosahedron","hubris:Zylophone"],"acts_visited":["Exordium"],"potions_floor_usage":[5,8],"damage_taken":[{"damage":0,"enemies":"Small Slimes","floor":1,"turns":4},{"damage":2,"enemies":"conspire:RoseBush","floor":3,"turns":4},{"damage":2,"enemies":"Cultist","floor":4,"turns":4},{"damage":8,"enemies":"3 Louse","floor":5,"turns":4},{"damage":29,"enemies":"Lagavulin","floor":6,"turns":9},{"damage":13,"enemies":"Large Slime","floor":7,"turns":10},{"damage":12,"enemies":"3 Sentries","floor":8,"turns":7}],"seed_played":"-2429898831547445979","potions_obtained":[{"floor":1,"key":"SteroidPotion"},{"floor":7,"key":"LiquidBronze"}],"is_trial":false,"path_per_floor":["M","?","M","M","M","E","M","E"],"character_chosen":"THE_SILENT","items_purchased":[],"campfire_rested":0,"item_purchase_floors":[],"current_hp_per_floor":[63,63,61,59,51,22,9,0,0],"gold":213,"neow_bonus":"BOSS_RELIC","is_daily":false,"chose_seed":false,"campfire_upgraded":0,"win_rate":0.0,"timestamp":1610248894,"path_taken":["M","?","M","M","M","E","M","E"],"items_purchased_type":[],"build_version":"2020-12-22","purchased_purges":0,"victory":false,"max_hp_per_floor":[70,70,70,70,70,70,70,70,70],"card_choices":[{"not_picked":["Reflex","Deflect"],"picked":"Poisoned Stab","floor":1},{"not_picked":["Bane","Cloak And Dagger"],"picked":"Quick Slash","floor":3},{"not_picked":["hubris:SlightOfHand","Grand Finale"],"picked":"Acrobatics","floor":4},{"not_picked":["Setup","Dagger Throw"],"picked":"Dodge and Roll","floor":5},{"not_picked":["Blur","Storm of Steel"],"picked":"PiercingWail","floor":6},{"not_picked":["Dagger Throw","Accuracy"],"picked":"Bouncing Flask","floor":7}],"player_experience":295368,"relics_obtained":[{"floor":6,"key":"hubris:Zylophone"}],"event_choices":[],"is_beta":false,"boss_relics":[],"items_purged_floors":[],"is_endless":false,"potions_floor_spawned":[1,7],"killed_by":"3 Sentries","ascension_level":10}}