{"host":"l15sdf2mmi0nobpi","time":1610247538,"event":{"mods":["ATMod(°¢èªMod)","BaseMod","Highlight Path","Minty Spire (QoL Compilation)","Quick Restart","StSLib","¡¾¹¦ÄÜMod¡¿Neow½±Àø"],"gold_per_floor":[111,111,111,121,36,36,66,66,66,92,92,119,139,157,157,228,228,239,164,164,164,230,260,278,295,295,295,445,82,152,209,209,311,311,355,493,133,183,272,428,428,484,484,525,684,212,262,305,305,430,480,480,480,305,382,407],"floor_reached":57,"playtime":3623,"items_purged":["Strike_G","Shame","Strike_G","Parasite","Strike_G"],"score":3236,"play_id":"5a5d6b49-71a2-406e-af09-c3f751124d45","local_time":"20210110105858","is_ascension_mode":true,"campfire_choices":[{"data":"AT_KneejerkReflex","floor":6.0,"key":"SMITH"},{"data":"AT_WindFlip","floor":8.0,"key":"SMITH"},{"floor":11.0,"key":"REST"},{"data":"AT_ArcaneSupremacy","floor":15.0,"key":"SMITH"},{"floor":27.0,"key":"REST"},{"floor":32.0,"key":"RECALL"},{"data":"Calculated Gamble","floor":41.0,"key":"SMITH"},{"data":"Reflex","floor":49.0,"key":"SMITH"},{"data":"Adrenaline","floor":53.0,"key":"SMITH"}],"circlet_count":0,"master_deck":["AscendersBane","Defend_G","Defend_G","Defend_G","Defend_G","Defend_G+1","Survivor","Neutralize","AT_FamilyPortrait+1","AT_WindFlip+1","AT_KneejerkReflex+1","Reflex+1","AT_ArcaneSupremacy+1","Acrobatics+1","Adrenaline+1","Tactician+1","Calculated Gamble+1","AT_KneejerkReflex+1","Prepared+1"],"relics":["AT_ATBox","HoveringKite","Gambling Chip","Shuriken","White Beast Statue","Bottled Flame","Cursed Key","SsserpentHead","Unceasing Top","AT_MibuBalloonWealth","Singing Bowl","AT_BellowingDragoncrestRing","Happy Flower","Empty Cage","Bag of Preparation","Ancient Tea Set","Du-Vu Doll","StoneCalendar","TheAbacus","War Paint","AT_ArchangelStaff"],"acts_visited":["Exordium","TheCity","TheBeyond","TheEnding"],"potions_floor_usage":[56],"damage_taken":[{"damage":5.0,"enemies":"2 Louse","floor":1.0,"turns":5.0},{"damage":2.0,"enemies":"Jaw Worm","floor":4.0,"turns":4.0},{"damage":8.0,"enemies":"Gremlin Nob","floor":7.0,"turns":3.0},{"damage":12.0,"enemies":"3 Sentries","floor":10.0,"turns":5.0},{"damage":8.0,"enemies":"Gremlin Nob","floor":12.0,"turns":3.0},{"damage":0.0,"enemies":"Cultist","floor":13.0,"turns":2.0},{"damage":0.0,"enemies":"2 Fungi Beasts","floor":14.0,"turns":3.0},{"damage":28.0,"enemies":"The Guardian","floor":16.0,"turns":9.0},{"damage":1.0,"enemies":"Shell Parasite","floor":18.0,"turns":3.0},{"damage":0.0,"enemies":"3 Byrds","floor":22.0,"turns":2.0},{"damage":16.0,"enemies":"Slavers","floor":23.0,"turns":3.0},{"damage":0.0,"enemies":"Snecko","floor":24.0,"turns":4.0},{"damage":0.0,"enemies":"Snake Plant","floor":25.0,"turns":4.0},{"damage":29.0,"enemies":"Gremlin Leader","floor":28.0,"turns":5.0},{"damage":0.0,"enemies":"Centurion and Healer","floor":30.0,"turns":3.0},{"damage":0.0,"enemies":"Book of Stabbing","floor":31.0,"turns":3.0},{"damage":4.0,"enemies":"Champ","floor":33.0,"turns":5.0},{"damage":7.0,"enemies":"Orb Walker","floor":35.0,"turns":3.0},{"damage":15.0,"enemies":"3 Darklings","floor":36.0,"turns":3.0},{"damage":0.0,"enemies":"Jaw Worm Horde","floor":39.0,"turns":1.0},{"damage":0.0,"enemies":"Reptomancer","floor":40.0,"turns":5.0},{"damage":2.0,"enemies":"Nemesis","floor":42.0,"turns":3.0},{"damage":3.0,"enemies":"Maw","floor":44.0,"turns":6.0},{"damage":6.0,"enemies":"Reptomancer","floor":45.0,"turns":4.0},{"damage":0.0,"enemies":"Transient","floor":48.0,"turns":6.0},{"damage":0.0,"enemies":"Awakened One","floor":50.0,"turns":8.0},{"damage":0.0,"enemies":"Donu and Deca","floor":51.0,"turns":4.0},{"damage":0.0,"enemies":"Shield and Spear","floor":55.0,"turns":3.0},{"damage":36,"enemies":"The Heart","floor":56,"turns":7}],"seed_played":"-5049046564727437601","potions_obtained":[{"floor":4.0,"key":"BlessingOfTheForge"},{"floor":7.0,"key":"Poison Potion"},{"floor":12.0,"key":"Block Potion"},{"floor":16.0,"key":"Weak Potion"},{"floor":18.0,"key":"SteroidPotion"},{"floor":22.0,"key":"Fire Potion"},{"floor":23.0,"key":"FearPotion"},{"floor":25.0,"key":"FairyPotion"},{"floor":28.0,"key":"LiquidMemories"},{"floor":42.0,"key":"PowerPotion"}],"is_trial":false,"path_per_floor":["M","?","?","M","$","R","E","R","T","E","R","E","M","M","R","B",null,"M","$","?","?","M","E","M","M","T","R","E","$","M","E","R","B",null,"M","M","$","?","M","E","R","E","T","M","E","$","?","M","R","B","B",null,"R","$","E","B",null],"character_chosen":"THE_SILENT","items_purchased":["AT_KneejerkReflex","AT_BellowingDragoncrestRing","Bag of Preparation","Calculated Gamble","TheAbacus","War Paint"],"campfire_rested":2,"item_purchase_floors":[5,29,37,37,46,46],"current_hp_per_floor":[54,54,45,43,43,43,35,35,35,23,42,34,34,34,34,6,51,50,50,32,32,32,16,16,16,16,37,10,10,12,14,14,12,62,57,44,44,44,46,46,46,46,46,45,39,39,39,41,41,41,43,74,74,74,76,40],"gold":407,"neow_bonus":"BOSS_RELIC","is_daily":false,"chose_seed":false,"campfire_upgraded":6,"win_rate":0.0,"timestamp":1610247538,"path_taken":["M","?","?","?","$","R","E","R","T","E","R","E","M","M","R","BOSS","M","$","?","?","?","E","M","M","T","R","E","$","M","E","R","BOSS","M","M","$","?","M","E","R","E","T","M","E","$","?","M","R","BOSS","BOSS","R","$","E","BOSS"],"items_purchased_type":["Card","Relic","Relic","Card","Relic","Relic"],"build_version":"2020-12-22","purchased_purges":5,"victory":true,"max_hp_per_floor":[66,66,66,66,66,66,66,66,66,66,66,66,66,66,66,66,66,66,66,71,71,71,71,71,71,71,71,73,73,75,77,77,79,79,81,83,83,83,85,85,85,87,87,89,89,86,82,84,84,84,84,84,84,84,86,86],"card_choices":[{"not_picked":["Backflip","Deadly Poison","Sucker Punch"],"picked":"SKIP","floor":1.0},{"not_picked":["Dagger Spray","Quick Slash"],"picked":"AT_WindFlip","floor":4.0},{"not_picked":["Slice","Predator","Distraction"],"picked":"SKIP","floor":7.0},{"not_picked":["Cloak And Dagger","Corpse Explosion","Skewer"],"picked":"SKIP","floor":10.0},{"not_picked":["Noxious Fumes","Dash"],"picked":"Reflex","floor":12.0},{"not_picked":["Expertise","Backflip"],"picked":"AT_ArcaneSupremacy","floor":13.0},{"not_picked":["Blade Dance","Deflect"],"picked":"Acrobatics","floor":14.0},{"not_picked":["Bullet Time","AT_KingSlayer"],"picked":"Adrenaline","floor":16.0},{"not_picked":["Footwork","Slice","Noxious Fumes"],"picked":"SKIP","floor":18.0},{"not_picked":["PiercingWail","Riddle With Holes","All Out Attack"],"picked":"SKIP","floor":22.0},{"not_picked":["Slice","Dagger Spray+1","Storm of Steel"],"picked":"SKIP","floor":23.0},{"not_picked":["Heel Hook","AT_WindFlip+1"],"picked":"Tactician+1","floor":24.0},{"not_picked":["Leg Sweep","Blade Dance+1","Dagger Spray"],"picked":"SKIP","floor":25.0},{"not_picked":["Sucker Punch","Dagger Throw+1","Quick Slash"],"picked":"Singing Bowl","floor":28.0},{"not_picked":["Slice+1","Backflip","Quick Slash"],"picked":"Singing Bowl","floor":30.0},{"not_picked":["Phantasmal Killer","Slice","Dagger Spray"],"picked":"Singing Bowl","floor":31.0},{"not_picked":["Envenom","Die Die Die","Tools of the Trade"],"picked":"Singing Bowl","floor":33.0},{"not_picked":["Expertise","Backstab+1","Heel Hook"],"picked":"Singing Bowl","floor":35.0},{"not_picked":["Quick Slash+1","Setup","Deflect"],"picked":"Singing Bowl","floor":36.0},{"not_picked":["Deflect","Underhanded Strike","Crippling Poison"],"picked":"Singing Bowl","floor":39.0},{"not_picked":["Crippling Poison","A Thousand Cuts"],"picked":"AT_KneejerkReflex+1","floor":40.0},{"not_picked":["Dodge and Roll","Deadly Poison+1","Sucker Punch"],"picked":"Singing Bowl","floor":42.0},{"not_picked":["Quick Slash","Prepared","Poisoned Stab"],"picked":"Singing Bowl","floor":44.0},{"not_picked":["Sucker Punch+1","Underhanded Strike"],"picked":"Prepared+1","floor":45.0},{"not_picked":["Die Die Die","Slice","Poisoned Stab"],"picked":"Singing Bowl","floor":48.0},{"not_picked":["Malaise","Poisoned Stab","Crippling Poison+1"],"picked":"Singing Bowl","floor":55.0}],"player_experience":443803,"relics_obtained":[{"floor":7.0,"key":"Gambling Chip"},{"floor":9.0,"key":"Shuriken"},{"floor":10.0,"key":"White Beast Statue"},{"floor":12.0,"key":"Bottled Flame"},{"floor":23.0,"key":"Unceasing Top"},{"floor":26.0,"key":"AT_MibuBalloonWealth"},{"floor":28.0,"key":"Singing Bowl"},{"floor":31.0,"key":"Happy Flower"},{"floor":40.0,"key":"Ancient Tea Set"},{"floor":42.0,"key":"Du-Vu Doll"},{"floor":45.0,"key":"StoneCalendar"},{"floor":55.0,"key":"AT_ArchangelStaff"}],"event_choices":[{"damage_healed":0.0,"max_hp_gain":0.0,"max_hp_loss":0.0,"gold_gain":0.0,"event_name":"Living Wall","player_choice":"Grow","floor":2.0,"gold_loss":0.0,"damage_taken":0.0,"cards_upgraded":["AT_FamilyPortrait"]},{"damage_healed":0.0,"max_hp_gain":0.0,"max_hp_loss":0.0,"gold_gain":0.0,"event_name":"Wheel of Change","player_choice":"Damaged","floor":3.0,"gold_loss":0.0,"damage_taken":9.0},{"damage_healed":0.0,"max_hp_gain":5.0,"max_hp_loss":0.0,"gold_gain":0.0,"event_name":"Forgotten Altar","player_choice":"Shed Blood","floor":20.0,"gold_loss":0.0,"damage_taken":23.0},{"damage_healed":0.0,"max_hp_gain":0.0,"max_hp_loss":0.0,"gold_gain":0.0,"event_name":"FaceTrader","player_choice":"Trade","floor":21.0,"gold_loss":0.0,"damage_taken":0.0,"relics_obtained":["SsserpentHead"]},{"damage_healed":0.0,"max_hp_gain":0.0,"max_hp_loss":0.0,"gold_gain":0.0,"event_name":"Tomb of Lord Red Mask","player_choice":"Ignored","floor":38.0,"gold_loss":0.0,"damage_taken":0.0},{"damage_healed":0.0,"max_hp_gain":0.0,"max_hp_loss":4.0,"gold_gain":0.0,"event_name":"Winding Halls","player_choice":"Max HP","floor":47.0,"gold_loss":0.0,"damage_taken":0.0}],"is_beta":false,"boss_relics":[{"not_picked":["Calling Bell","Velvet Choker"],"picked":"Cursed Key"},{"not_picked":["Busted Crown","Snecko Eye"],"picked":"Empty Cage"}],"items_purged_floors":[19,29,37,46,54],"is_endless":false,"potions_floor_spawned":[4,7,12,13,14,16,18,22,23,24,25,28,30,31,33,35,36,39,40,42,44,45,48,55],"ascension_level":20}}