{"host":"sav7uxregyirlf69","time":1610292471,"event":{"mods":["AchievementEnabler","BaseMod","Colored Map","DeckTracker","Keyboard Shortcuts","Minty Spire (QoL Compilation)","READ ME - Guardian Mod","StSLib","SuperFastMode"],"gold_per_floor":[112,37,37,52,69,69,102,102,150,165,176,23,87,97,97,192,192,203,75,94,94,94,94,120,139,139,139,139,3,3,15,15,120,120,132,148,0,25,25,52,52,87,87,114,164,184,184,213,213,213,213,213,28,53,53],"floor_reached":56,"playtime":1901,"items_purged":["Strike_G","Bullet Time","Decay","Bouncing Flask","All Out Attack"],"score":2034,"play_id":"707085be-0315-4204-9670-b1dd6240ba20","local_time":"20210111002751","is_ascension_mode":true,"campfire_choices":[{"data":"Dash","floor":6.0,"key":"SMITH"},{"floor":8.0,"key":"REST"},{"data":"Bouncing Flask","floor":15.0,"key":"SMITH"},{"data":"Catalyst","floor":23.0,"key":"SMITH"},{"floor":28.0,"key":"REST"},{"data":"Well Laid Plans","floor":30.0,"key":"SMITH"},{"data":"Prepared","floor":32.0,"key":"SMITH"},{"data":"Reflex","floor":41.0,"key":"SMITH"},{"floor":49.0,"key":"RECALL"},{"data":"Calculated Gamble","floor":52.0,"key":"SMITH"}],"circlet_count":0,"master_deck":["AscendersBane","Survivor","Neutralize+1","Flying Knee","Well Laid Plans+1","Dash+1","Dagger Throw","Bouncing Flask+1","Caltrops","Underhanded Strike","Blur","Catalyst+1","Grand Finale","Dodge and Roll","Storm of Steel","Tactician+1","PiercingWail+1","Acrobatics","Escape Plan+1","Backflip","Flash of Steel","Prepared+1","After Image","Calculated Gamble+1","Reflex+1","After Image","Escape Plan","Acrobatics"],"relics":["Ring of the Snake","Akabeko","Tiny Chest","Centennial Puzzle","Membership Card","Dream Catcher","Pandora\u0027s Box","Orrery","Matryoshka","Sundial","Strawberry","Sozu","Bag of Preparation","Juzu Bracelet","Oddly Smooth Stone","Paper Crane","MealTicket","Ornamental Fan","Pantograph","Tingsha","Pen Nib","OrangePellets","Anchor"],"acts_visited":["Exordium","TheCity","TheBeyond","TheEnding"],"potions_floor_usage":[],"damage_taken":[{"damage":5.0,"enemies":"Cultist","floor":1.0,"turns":4.0},{"damage":0.0,"enemies":"Small Slimes","floor":4.0,"turns":4.0},{"damage":0.0,"enemies":"2 Louse","floor":5.0,"turns":2.0},{"damage":44.0,"enemies":"Gremlin Nob","floor":7.0,"turns":6.0},{"damage":0.0,"enemies":"Blue Slaver","floor":10.0,"turns":4.0},{"damage":0.0,"enemies":"Exordium Wildlife","floor":11.0,"turns":4.0},{"damage":19.0,"enemies":"3 Sentries","floor":13.0,"turns":7.0},{"damage":1.0,"enemies":"Exordium Thugs","floor":14.0,"turns":4.0},{"damage":9.0,"enemies":"The Guardian","floor":16.0,"turns":10.0},{"damage":19.0,"enemies":"Shell Parasite","floor":18.0,"turns":5.0},{"damage":0.0,"enemies":"Chosen","floor":20.0,"turns":4.0},{"damage":33.0,"enemies":"Slavers","floor":24.0,"turns":6.0},{"damage":0.0,"enemies":"Snake Plant","floor":25.0,"turns":3.0},{"damage":0.0,"enemies":"Shelled Parasite and Fungi","floor":31.0,"turns":2.0},{"damage":20.0,"enemies":"Collector","floor":33.0,"turns":6.0},{"damage":0.0,"enemies":"Orb Walker","floor":35.0,"turns":3.0},{"damage":16.0,"enemies":"3 Shapes","floor":36.0,"turns":2.0},{"damage":0.0,"enemies":"Nemesis","floor":40.0,"turns":4.0},{"damage":0.0,"enemies":"Giant Head","floor":42.0,"turns":7.0},{"damage":10.0,"enemies":"Reptomancer","floor":44.0,"turns":4.0},{"damage":0.0,"enemies":"Mind Bloom Boss Battle","floor":45.0,"turns":3.0},{"damage":0.0,"enemies":"3 Darklings","floor":46.0,"turns":3.0},{"damage":17.0,"enemies":"Nemesis","floor":48.0,"turns":5.0},{"damage":0.0,"enemies":"Awakened One","floor":50.0,"turns":10.0},{"damage":7,"enemies":"Shield and Spear","floor":54,"turns":5},{"damage":0,"enemies":"The Heart","floor":55,"turns":7}],"seed_played":"9063000800477638639","potions_obtained":[{"floor":7.0,"key":"Swift Potion"},{"floor":13.0,"key":"FairyPotion"},{"floor":16.0,"key":"Energy Potion"},{"floor":31.0,"key":"ColorlessPotion"}],"is_trial":false,"path_per_floor":["M","$","?","M","M","R","E","R","T","M","M","$","?","M","R","B",null,"M","$","M","?","T","R","E","M","T","?","R","$","R","M","R","B",null,"M","M","$","T","?","E","R","E","T","E","?","M","?","E","R","B",null,"R","$","E","B",null],"character_chosen":"THE_SILENT","items_purchased":["Membership Card","Orrery","Backflip","Flash of Steel","Bag of Preparation","Escape Plan","OrangePellets"],"campfire_rested":2,"item_purchase_floors":[12,19,29,29,37,53,53],"current_hp_per_floor":[58,58,58,58,58,58,14,35,35,35,35,35,16,15,15,6,54,35,35,35,35,35,35,2,2,9,9,32,32,32,32,32,12,61,61,45,45,45,45,45,45,45,45,35,60,60,60,43,43,68,72,72,73,66,73],"gold":53,"neow_bonus":"RANDOM_COMMON_RELIC","is_daily":false,"chose_seed":false,"campfire_upgraded":7,"win_rate":0.0,"timestamp":1610292471,"path_taken":["M","?","?","?","M","R","E","R","T","?","M","$","?","M","R","BOSS","M","$","M","?","?","R","E","?","T","?","R","$","R","?","R","BOSS","M","M","$","?","?","E","R","E","T","E","?","M","?","E","R","BOSS","R","$","E","BOSS"],"items_purchased_type":["Relic","Relic","Card","Card","Relic","Card","Relic"],"build_version":"2020-12-22","purchased_purges":5,"victory":true,"max_hp_per_floor":[70,70,70,70,70,70,70,70,70,70,70,70,70,70,70,70,70,70,70,70,70,70,70,70,70,77,77,77,77,77,77,77,77,77,77,77,77,77,73,73,73,73,73,73,73,73,73,73,73,73,73,73,73,73,73],"card_choices":[{"not_picked":["Acrobatics","Cloak And Dagger"],"picked":"Flying Knee","floor":1.0},{"not_picked":["Catalyst","Cloak And Dagger"],"picked":"Well Laid Plans","floor":4.0},{"not_picked":["Underhanded Strike","Acrobatics"],"picked":"Dash","floor":5.0},{"not_picked":["Wraith Form v2","Bane"],"picked":"All Out Attack","floor":7.0},{"not_picked":["Acrobatics","Catalyst"],"picked":"Dagger Throw","floor":10.0},{"not_picked":["Slice","Cloak And Dagger"],"picked":"Bouncing Flask","floor":11.0},{"not_picked":["Dodge and Roll","Deflect","Flying Knee"],"picked":"SKIP","floor":14.0},{"not_picked":["Skewer+1","Dagger Spray"],"picked":"Tactician+1","floor":18.0},{"not_picked":["Well Laid Plans","Tactician+1"],"picked":"Acrobatics+1","floor":19.0},{"not_picked":["Slice","Noxious Fumes"],"picked":"PiercingWail+1","floor":19.0},{"not_picked":["Setup","Caltrops"],"picked":"Acrobatics","floor":20.0},{"not_picked":["Finisher","Infinite Blades","Blur"],"picked":"SKIP","floor":24.0},{"not_picked":["Blade Dance+1","Slice","Tools of the Trade"],"picked":"SKIP","floor":25.0},{"not_picked":["Slice","Cloak And Dagger"],"picked":"Escape Plan+1","floor":28.0},{"not_picked":["Setup+1","Cloak And Dagger"],"picked":"Prepared","floor":31.0},{"not_picked":["Grand Finale","Bullet Time"],"picked":"After Image","floor":33.0},{"not_picked":["Prepared+1","Setup","Deadly Poison+1"],"picked":"SKIP","floor":35.0},{"not_picked":["Cloak And Dagger+1","Dodge and Roll"],"picked":"Calculated Gamble","floor":36.0},{"not_picked":["Venomology","Deadly Poison"],"picked":"Reflex","floor":40.0},{"not_picked":["Blur","Acrobatics","Outmaneuver"],"picked":"SKIP","floor":42.0},{"not_picked":["Slice+1","Predator+1","Acrobatics+1"],"picked":"SKIP","floor":44.0},{"not_picked":["Poisoned Stab","Outmaneuver","Underhanded Strike"],"picked":"SKIP","floor":46.0},{"not_picked":["Sucker Punch+1","Dagger Spray+1"],"picked":"After Image","floor":48.0},{"not_picked":["Infinite Blades","Deadly Poison"],"picked":"Acrobatics","floor":54}],"player_experience":1232904,"relics_obtained":[{"floor":7.0,"key":"Tiny Chest"},{"floor":9.0,"key":"Centennial Puzzle"},{"floor":13.0,"key":"Dream Catcher"},{"floor":22.0,"key":"Matryoshka"},{"floor":24.0,"key":"Sundial"},{"floor":26.0,"key":"Strawberry"},{"floor":38.0,"key":"Juzu Bracelet"},{"floor":38.0,"key":"Oddly Smooth Stone"},{"floor":40.0,"key":"Paper Crane"},{"floor":42.0,"key":"MealTicket"},{"floor":43.0,"key":"Ornamental Fan"},{"floor":44.0,"key":"Pantograph"},{"floor":45.0,"key":"Tingsha"},{"floor":48.0,"key":"Pen Nib"},{"floor":54,"key":"Anchor"}],"event_choices":[{"damage_healed":0.0,"max_hp_gain":0.0,"max_hp_loss":0.0,"gold_gain":0.0,"event_name":"Upgrade Shrine","player_choice":"Upgraded","floor":3.0,"gold_loss":0.0,"damage_taken":0.0,"cards_upgraded":["Neutralize"]},{"damage_healed":0.0,"max_hp_gain":0.0,"max_hp_loss":0.0,"gold_gain":0.0,"event_name":"Dead Adventurer","player_choice":"Searched \u00272\u0027 times","floor":13.0,"gold_loss":0.0,"damage_taken":0.0},{"damage_healed":0.0,"max_hp_gain":0.0,"max_hp_loss":0.0,"gold_gain":0.0,"event_name":"The Mausoleum","player_choice":"Ignored","floor":21.0,"gold_loss":0.0,"damage_taken":0.0},{"damage_healed":0.0,"max_hp_gain":0.0,"max_hp_loss":0.0,"gold_gain":0.0,"event_name":"Wheel of Change","player_choice":"Cursed","floor":27.0,"gold_loss":0.0,"damage_taken":0.0,"cards_obtained":["Decay"]},{"damage_healed":0.0,"max_hp_gain":0.0,"max_hp_loss":4.0,"gold_gain":0.0,"event_name":"Winding Halls","player_choice":"Max HP","floor":39.0,"gold_loss":0.0,"damage_taken":0.0},{"damage_healed":0.0,"max_hp_gain":0.0,"max_hp_loss":0.0,"gold_gain":0.0,"event_name":"MindBloom","player_choice":"Fight","floor":45.0,"gold_loss":0.0,"damage_taken":0.0},{"cards_removed":["Acrobatics"],"damage_healed":0.0,"max_hp_gain":0.0,"max_hp_loss":0.0,"gold_gain":0.0,"event_name":"Falling","player_choice":"Removed Skill","floor":47.0,"gold_loss":0.0,"damage_taken":0.0}],"is_beta":false,"boss_relics":[{"not_picked":["Fusion Hammer","Black Star"],"picked":"Pandora\u0027s Box"},{"not_picked":["Philosopher\u0027s Stone","Velvet Choker"],"picked":"Sozu"}],"items_purged_floors":[2,19,29,37,53],"is_endless":false,"potions_floor_spawned":[7,13,16,20,24,31,40,42,45,48],"ascension_level":10}}