{"host":"kpyoctgc7jne3jiy","time":1610281059,"event":{"mods":["AchievementEnabler","BaseMod","Minty Spire (QoL Compilation)","Relic Stats"],"gold_per_floor":[114,114,181,195,44,75,75,25,25,58,58,58,75,85,85,185,185,204,224,224,183,193,38,38,69,69,79,79,106,106,106],"floor_reached":30,"playtime":1378,"items_purged":["Strike_G"],"score":376,"play_id":"d149c0e8-033b-4286-a042-99d60d19b11a","local_time":"20210110131739","is_ascension_mode":true,"campfire_choices":[{"data":"All Out Attack","floor":7.0,"key":"SMITH"},{"floor":11.0,"key":"DIG"},{"data":"Neutralize","floor":15.0,"key":"SMITH"},{"data":"Footwork","floor":24.0,"key":"SMITH"},{"floor":28.0,"key":"REST"}],"circlet_count":0,"master_deck":["Strike_G","Strike_G","Strike_G","Defend_G","Defend_G","Defend_G","Defend_G","Survivor","Neutralize+1","Deadly Poison","All Out Attack+1","Dodge and Roll","Escape Plan","Heel Hook","Quick Slash","Corpse Explosion","Terror","Caltrops","Footwork+1","Dagger Throw+1","Blur+1"],"relics":["Ring of the Snake","NeowsBlessing","Bag of Preparation","Ornamental Fan","Shovel","Sundial","Toy Ornithopter","SacredBark","StrikeDummy","Gremlin Horn","Ancient Tea Set"],"acts_visited":["Exordium","TheCity"],"potions_floor_usage":[29,29],"damage_taken":[{"damage":0.0,"enemies":"Small Slimes","floor":1.0,"turns":1.0},{"damage":0.0,"enemies":"Jaw Worm","floor":4.0,"turns":1.0},{"damage":0.0,"enemies":"Lagavulin","floor":6.0,"turns":1.0},{"damage":8.0,"enemies":"3 Sentries","floor":10.0,"turns":6.0},{"damage":0.0,"enemies":"Cultist","floor":13.0,"turns":3.0},{"damage":0.0,"enemies":"Blue Slaver","floor":14.0,"turns":4.0},{"damage":36.0,"enemies":"Hexaghost","floor":16.0,"turns":13.0},{"damage":33.0,"enemies":"Chosen","floor":18.0,"turns":6.0},{"damage":19.0,"enemies":"Spheric Guardian","floor":19.0,"turns":4.0},{"damage":23.0,"enemies":"Snecko","floor":22.0,"turns":7.0},{"damage":24.0,"enemies":"Gremlin Leader","floor":25.0,"turns":6.0},{"damage":18.0,"enemies":"Chosen and Byrds","floor":27.0,"turns":7.0},{"damage":48,"enemies":"Slavers","floor":29,"turns":5},{"damage":6,"enemies":"Centurion and Healer","floor":30,"turns":2}],"seed_played":"4459221702053479232","potions_obtained":[{"floor":6.0,"key":"SteroidPotion"},{"floor":13.0,"key":"GhostInAJar"},{"floor":14.0,"key":"PowerPotion"},{"floor":18.0,"key":"GamblersBrew"},{"floor":19.0,"key":"CunningPotion"},{"floor":25.0,"key":"SteroidPotion"},{"floor":27.0,"key":"ColorlessPotion"}],"is_trial":false,"path_per_floor":["M","?","?","M","$","E","R","?","T","E","R","$","M","M","R","B",null,"M","M","?","$","M","$","R","E","T","M","R","E","M"],"character_chosen":"THE_SILENT","items_purchased":["Bag of Preparation","Caltrops","Footwork"],"campfire_rested":1,"item_purchase_floors":[5,21,23],"current_hp_per_floor":[70,70,70,70,70,70,70,70,70,62,62,62,62,62,62,26,59,26,7,70,70,52,52,52,38,38,20,41,3,0,0],"gold":106,"neow_bonus":"THREE_ENEMY_KILL","is_daily":false,"chose_seed":false,"campfire_upgraded":3,"win_rate":0.0,"timestamp":1610281059,"path_taken":["M","?","?","M","?","E","R","?","T","E","R","$","?","M","R","BOSS","M","M","?","$","?","$","R","E","T","M","R","E","M"],"items_purchased_type":["Relic","Card","Card"],"build_version":"2020-12-22","purchased_purges":1,"victory":false,"max_hp_per_floor":[70,70,70,70,70,70,70,70,70,70,70,70,70,70,70,70,70,70,70,70,70,70,70,70,70,70,70,70,70,70,70],"relic_stats":{"Shovel":1,"Gremlin Horn":[1,1],"counters":[14,66],"Ornamental Fan":[40],"Sundial":[10],"Bag of Preparation":[24],"obtain_stats":[{"Shovel":9,"NeowsBlessing":0,"Gremlin Horn":26,"Ornamental Fan":6,"Sundial":10,"SacredBark":17,"Bag of Preparation":5,"StrikeDummy":25,"Ancient Tea Set":29,"Toy Ornithopter":11,"Ring of the Snake":0},{"Shovel":3,"NeowsBlessing":0,"Gremlin Horn":11,"Ornamental Fan":3,"Sundial":4,"SacredBark":7,"Bag of Preparation":2,"StrikeDummy":11,"Ancient Tea Set":13,"Toy Ornithopter":4,"Ring of the Snake":0},{"Shovel":3,"NeowsBlessing":0,"Gremlin Horn":52,"Ornamental Fan":3,"Sundial":9,"SacredBark":29,"Bag of Preparation":2,"StrikeDummy":52,"Ancient Tea Set":64,"Toy Ornithopter":9,"Ring of the Snake":0}],"Toy Ornithopter":25,"Ring of the Snake":[28]},"card_choices":[{"not_picked":["Slice","Deflect"],"picked":"Deadly Poison","floor":1.0},{"not_picked":["Skewer","Flying Knee","Deadly Poison"],"picked":"SKIP","floor":4.0},{"not_picked":["Unload","Acrobatics"],"picked":"Dodge and Roll","floor":6.0},{"not_picked":["Accuracy","Dodge and Roll"],"picked":"Escape Plan","floor":10.0},{"not_picked":["Cloak And Dagger","Dodge and Roll"],"picked":"Heel Hook","floor":13.0},{"not_picked":["Acrobatics","Heel Hook"],"picked":"Quick Slash","floor":14.0},{"not_picked":["Burst","Phantasmal Killer"],"picked":"Corpse Explosion","floor":16.0},{"not_picked":["Backflip","Deflect"],"picked":"Terror","floor":18.0},{"not_picked":["Quick Slash","Slice+1","Deflect"],"picked":"SKIP","floor":19.0},{"not_picked":["Doppelganger","Dodge and Roll","Prepared"],"picked":"SKIP","floor":22.0},{"not_picked":["Infinite Blades","Skewer"],"picked":"Dagger Throw+1","floor":25.0},{"not_picked":["Outmaneuver","Heel Hook","Flying Knee"],"picked":"SKIP","floor":27.0},{"not_picked":["Skewer+1","Sucker Punch"],"picked":"Blur+1","floor":29}],"player_experience":287196,"relics_obtained":[{"floor":6.0,"key":"Ornamental Fan"},{"floor":9.0,"key":"Shovel"},{"floor":10.0,"key":"Sundial"},{"floor":11.0,"key":"Toy Ornithopter"},{"floor":25.0,"key":"StrikeDummy"},{"floor":26.0,"key":"Gremlin Horn"},{"floor":29,"key":"Ancient Tea Set"}],"event_choices":[{"damage_healed":0.0,"max_hp_gain":0.0,"max_hp_loss":0.0,"gold_gain":0.0,"cards_transformed":["Strike_G"],"event_name":"Living Wall","player_choice":"Change","floor":2.0,"gold_loss":0.0,"damage_taken":0.0,"cards_obtained":["All Out Attack"]},{"damage_healed":0.0,"max_hp_gain":0.0,"max_hp_loss":0.0,"gold_gain":67.0,"event_name":"Golden Wing","player_choice":"Gained Gold","floor":3.0,"gold_loss":0.0,"damage_taken":0.0},{"cards_removed":["Defend_G"],"damage_healed":0.0,"max_hp_gain":0.0,"max_hp_loss":0.0,"gold_gain":0.0,"event_name":"The Cleric","player_choice":"Card Removal","floor":8.0,"gold_loss":50.0,"damage_taken":0.0},{"damage_healed":63.0,"max_hp_gain":0.0,"max_hp_loss":0.0,"gold_gain":0.0,"event_name":"Wheel of Change","player_choice":"Full Heal","floor":20.0,"gold_loss":0.0,"damage_taken":0.0}],"is_beta":false,"boss_relics":[{"not_picked":["Tiny House","Empty Cage"],"picked":"SacredBark"}],"items_purged_floors":[23],"is_endless":false,"potions_floor_spawned":[6,13,14,18,19,25,27],"killed_by":"Centurion and Healer","ascension_level":5}}