{"host":"ln76an1o32p2wxtf","time":1610298011,"event":{"mods":["AchievementEnabler","Act Like it!","BaseMod","BetterRewards","Colored Powertips","Energized Spire","GifTheSpireLib","Infinite Spire","Minty Spire (QoL Compilation)","Shop Mod","StSLib"],"gold_per_floor":[113,126,139,139,151,151,184,201,228,240,270,127,147,167,167,269,269,289,289,302,302,319,319,337,337,337],"floor_reached":25,"playtime":2182,"items_purged":["Strike_G"],"score":256,"play_id":"a661665e-138b-4286-95af-60d609fa4fa8","local_time":"20210111010011","is_ascension_mode":true,"campfire_choices":[{"data":"Footwork","floor":6,"key":"SMITH"},{"floor":15,"key":"RECALL"},{"floor":23,"key":"REST"}],"circlet_count":0,"master_deck":["Strike_G","Strike_G","Strike_G","Defend_G","Defend_G","Defend_G","Defend_G","Survivor","Neutralize","Prepared","Blade Dance","Footwork+1","Dodge and Roll","Accuracy","Neutralize","Backflip","Cloak And Dagger","Corpse Explosion","Infinite Blades","Infinite Blades","Cloak And Dagger","Backflip","A Thousand Cuts","Calculated Gamble+1","Venomology"],"relics":["Ring of the Snake","infinitespire:Satchel","Omamori","Black Star"],"acts_visited":["Exordium","TheCity"],"potions_floor_usage":[2,14,22,25,25],"damage_taken":[{"damage":0,"enemies":"Small Slimes","floor":1,"turns":3},{"damage":7,"enemies":"infinitespire:Voidling","floor":2,"turns":5},{"damage":0,"enemies":"Jaw Worm","floor":3,"turns":6},{"damage":0,"enemies":"Blue Slaver","floor":5,"turns":5},{"damage":9,"enemies":"Lagavulin","floor":7,"turns":10},{"damage":0,"enemies":"2 Fungi Beasts","floor":8,"turns":4},{"damage":5,"enemies":"Lots of Slimes","floor":10,"turns":6},{"damage":0,"enemies":"3 Sentries","floor":11,"turns":4},{"damage":0,"enemies":"Blue Slaver","floor":13,"turns":4},{"damage":20,"enemies":"Gremlin Gang","floor":14,"turns":2},{"damage":8,"enemies":"Slime Boss","floor":16,"turns":7},{"damage":21,"enemies":"2 Thieves","floor":18,"turns":4},{"damage":10,"enemies":"Spheric Guardian","floor":20,"turns":5},{"damage":16,"enemies":"Shelled Parasite and Fungi","floor":22,"turns":5},{"damage":19,"enemies":"Snake Plant","floor":24,"turns":7},{"damage":11,"enemies":"Book of Stabbing","floor":25,"turns":7}],"seed_played":"-143145994427938685","potions_obtained":[{"floor":1,"key":"Fruit Juice"},{"floor":2,"key":"FearPotion"},{"floor":3,"key":"Swift Potion"},{"floor":8,"key":"AttackPotion"},{"floor":14,"key":"Explosive Potion"},{"floor":22,"key":"PowerPotion"}],"is_trial":false,"path_per_floor":["M","M","M","?","M","R","E","M","T","M","E","$","M","M","R","B",null,"M","?","M","?","M","R","M","E"],"character_chosen":"THE_SILENT","items_purchased":["Infinite Blades"],"campfire_rested":1,"item_purchase_floors":[12],"current_hp_per_floor":[63,68,68,68,68,68,59,59,59,54,54,54,54,34,34,26,68,47,47,37,25,9,30,11,0,0],"gold":337,"neow_bonus":"TRANSFORM_TWO_CARDS","is_daily":false,"chose_seed":false,"campfire_upgraded":1,"win_rate":0.0,"timestamp":1610298011,"path_taken":["M","M","M","?","M","R","E","M","T","M","E","$","?","M","R","BOSS","M","?","M","?","M","R","M","E"],"items_purchased_type":["Card"],"build_version":"2020-12-22","purchased_purges":1,"victory":false,"max_hp_per_floor":[63,68,68,68,68,68,68,68,68,68,68,68,68,68,68,68,68,68,68,68,73,73,73,73,73,73],"card_choices":[{"not_picked":["Bane","Underhanded Strike"],"picked":"Footwork","floor":1},{"not_picked":["Predator","Night Terror"],"picked":"Dodge and Roll","floor":2},{"not_picked":["Deflect","Concentrate","Sucker Punch"],"picked":"SKIP","floor":3},{"not_picked":["Riddle With Holes","Bouncing Flask"],"picked":"Backflip","floor":5},{"not_picked":["Acrobatics","Prepared","Dagger Spray"],"picked":"SKIP","floor":7},{"not_picked":["Outmaneuver","Deadly Poison"],"picked":"Cloak And Dagger","floor":8},{"not_picked":["Reflex","Deadly Poison"],"picked":"Corpse Explosion","floor":10},{"not_picked":["Heel Hook","Leg Sweep"],"picked":"Infinite Blades","floor":11},{"not_picked":["Slice","Endless Agony"],"picked":"Cloak And Dagger","floor":13},{"not_picked":["Deflect","Dagger Throw"],"picked":"Backflip","floor":14},{"not_picked":["After Image","infinitespire:Neurotoxin"],"picked":"A Thousand Cuts","floor":16},{"not_picked":["Poisoned Stab","Prepared"],"picked":"Calculated Gamble+1","floor":18},{"not_picked":["Acrobatics","Backflip","Deflect"],"picked":"SKIP","floor":20},{"not_picked":["Acrobatics","Backflip","Deflect"],"picked":"SKIP","floor":20},{"not_picked":["Predator","Acrobatics","Prepared"],"picked":"SKIP","floor":22},{"not_picked":["Dodge and Roll","Flying Knee"],"picked":"Venomology","floor":24}],"player_experience":718486,"relics_obtained":[{"floor":7,"key":"infinitespire:Satchel"},{"floor":11,"key":"Omamori"}],"event_choices":[{"damage_healed":0,"gold_gain":0,"player_choice":"2 cards matched","damage_taken":0,"max_hp_gain":0,"max_hp_loss":0,"event_name":"Match and Keep!","floor":4,"gold_loss":0,"cards_obtained":["Accuracy","Neutralize"]},{"damage_healed":0,"gold_gain":0,"player_choice":"Ignored","damage_taken":0,"max_hp_gain":0,"max_hp_loss":0,"event_name":"Vampires","floor":19,"gold_loss":0},{"damage_healed":0,"gold_gain":0,"player_choice":"Shed Blood","damage_taken":17,"max_hp_gain":5,"max_hp_loss":0,"event_name":"Forgotten Altar","floor":21,"gold_loss":0}],"is_beta":false,"boss_relics":[{"not_picked":["energizedSpire:EnergizedDie","Calling Bell"],"picked":"Black Star"}],"items_purged_floors":[12],"is_endless":false,"potions_floor_spawned":[1,2,3,8,14,22,24],"killed_by":"Book of Stabbing","ascension_level":1}}