{"host":"x7xd4wkamhrqrrvw","time":1610261149,"event":{"mods":["BaseMod","Minty Spire (QoL Compilation)","StSLib"],"gold_per_floor":[110,128,148,148,148,148,192,192,192,192,217,233,256,297,297,421,421,444,460,375,375,53,86,100,114,114,148,148,73,111,164,164,283,283,303,322,378,378,398,436,436,472,498,534,553,886,439,465,465,465,465,465,9,36,36,36],"floor_reached":55,"playtime":2314,"items_purged":["Dualcast","Sunder+1"],"score":1610,"play_id":"3c97d609-aa96-420c-b21a-a1d3c780a85c","local_time":"20210110044549","is_ascension_mode":true,"campfire_choices":[{"data":"Hyperbeam","floor":6,"key":"SMITH"},{"data":"Reboot","floor":8,"key":"SMITH"},{"data":"Melter","floor":10,"key":"SMITH"},{"data":"Beam Cell","floor":15,"key":"SMITH"},{"floor":28,"key":"RECALL"},{"floor":32,"key":"REST"},{"floor":41,"key":"REST"},{"floor":49,"key":"REST"},{"floor":52,"key":"REST"}],"circlet_count":0,"master_deck":["AscendersBane","Defend_B","Defend_B+1","Defend_B","Defend_B","BootSequence","Hyperbeam+1","Melter+1","Genetic Algorithm","Reboot+1","Beam Cell+1","Core Surge","Seek+1","Reprogram+1","Steam+1","Reboot+1","Steam+1"],"relics":["Cracked Core","Pantograph","Singing Bowl","TungstenRod","Fusion Hammer","Toxic Egg 2","Matryoshka","HornCleat","War Paint","Toy Ornithopter","MealTicket","Potion Belt","Bottled Flame","Bag of Marbles","Black Star","Prayer Wheel","PreservedInsect","White Beast Statue","Oddly Smooth Stone","Molten Egg 2","Orichalcum","Pocketwatch","TheAbacus","Bag of Preparation","Meat on the Bone","Omamori","Strange Spoon","Thread and Needle","Vajra","Boot"],"acts_visited":["Exordium","TheCity","TheBeyond","TheEnding"],"potions_floor_usage":[7,16,23,33,33,40,45,55,55,55,55],"damage_taken":[{"damage":0,"enemies":"Cultist","floor":1,"turns":3},{"damage":0,"enemies":"Small Slimes","floor":2,"turns":2},{"damage":0,"enemies":"Jaw Worm","floor":3,"turns":3},{"damage":9,"enemies":"Lagavulin","floor":7,"turns":6},{"damage":0,"enemies":"Blue Slaver","floor":11,"turns":2},{"damage":0,"enemies":"Exordium Wildlife","floor":12,"turns":3},{"damage":0,"enemies":"Exordium Thugs","floor":13,"turns":3},{"damage":8,"enemies":"Gremlin Nob","floor":14,"turns":3},{"damage":20,"enemies":"Slime Boss","floor":16,"turns":9},{"damage":0,"enemies":"3 Byrds","floor":18,"turns":3},{"damage":0,"enemies":"Spheric Guardian","floor":19,"turns":1},{"damage":5,"enemies":"Gremlin Leader","floor":23,"turns":4},{"damage":0,"enemies":"Snecko","floor":24,"turns":3},{"damage":0,"enemies":"Cultist and Chosen","floor":25,"turns":3},{"damage":0,"enemies":"Book of Stabbing","floor":27,"turns":3},{"damage":6,"enemies":"Slavers","floor":30,"turns":2},{"damage":21,"enemies":"Champ","floor":33,"turns":8},{"damage":0,"enemies":"3 Darklings","floor":35,"turns":1},{"damage":0,"enemies":"3 Shapes","floor":36,"turns":1},{"damage":0,"enemies":"2 Orb Walkers","floor":37,"turns":2},{"damage":0,"enemies":"Maw","floor":39,"turns":6},{"damage":0,"enemies":"Reptomancer","floor":40,"turns":3},{"damage":5,"enemies":"Nemesis","floor":42,"turns":3},{"damage":0,"enemies":"Reptomancer","floor":44,"turns":2},{"damage":5,"enemies":"Transient","floor":45,"turns":5},{"damage":22,"enemies":"Nemesis","floor":48,"turns":9},{"damage":0,"enemies":"Awakened One","floor":50,"turns":13},{"damage":16,"enemies":"Shield and Spear","floor":54,"turns":5},{"damage":118,"enemies":"The Heart","floor":55,"turns":12}],"seed_played":"-4878204002308105776","potions_obtained":[{"floor":1,"key":"BlessingOfTheForge"},{"floor":13,"key":"BlessingOfTheForge"},{"floor":14,"key":"Energy Potion"},{"floor":16,"key":"Explosive Potion"},{"floor":19,"key":"ColorlessPotion"},{"floor":23,"key":"Swift Potion"},{"floor":30,"key":"AttackPotion"},{"floor":33,"key":"SteroidPotion"},{"floor":36,"key":"SteroidPotion"},{"floor":40,"key":"PowerPotion"},{"floor":42,"key":"Dexterity Potion"},{"floor":44,"key":"Block Potion"},{"floor":45,"key":"Block Potion"},{"floor":48,"key":"Swift Potion"},{"floor":54,"key":"Swift Potion"}],"is_trial":false,"path_per_floor":["M","M","M","?","?","R","E","R","T","R","M","M","M","E","R","B",null,"M","M","?","?","$","E","M","M","T","E","R","?","E","T","R","B",null,"M","M","?","?","M","E","R","E","T","E","M","?","$","E","R","B",null,"R","$","E","B"],"character_chosen":"DEFECT","items_purchased":["Matryoshka","TheAbacus","Bag of Preparation","Steam+1","Strange Spoon","Thread and Needle"],"campfire_rested":4,"item_purchase_floors":[22,47,47,47,53,53],"current_hp_per_floor":[68,68,68,51,51,51,42,42,42,42,42,44,44,36,36,41,63,65,67,67,67,67,62,64,66,66,68,68,68,64,64,82,63,77,79,81,83,83,87,94,94,91,91,93,97,97,102,82,104,104,104,104,104,90,0,0],"gold":36,"neow_bonus":"TRANSFORM_TWO_CARDS","is_daily":false,"chose_seed":false,"campfire_upgraded":4,"win_rate":0.0,"timestamp":1610261149,"path_taken":["M","?","M","?","?","R","E","R","T","R","?","M","M","E","R","BOSS","M","M","?","?","$","E","M","?","T","E","R","?","E","?","R","BOSS","M","M","?","?","M","E","R","E","T","E","?","?","$","E","R","BOSS","R","$","E","BOSS"],"items_purchased_type":["Relic","Relic","Relic","Card","Relic","Relic"],"build_version":"2020-12-22","purchased_purges":2,"victory":false,"max_hp_per_floor":[68,68,68,68,68,68,68,68,68,68,68,70,70,70,70,70,70,72,74,74,74,74,74,76,78,78,80,80,80,82,82,82,82,82,84,86,88,88,92,94,94,96,96,98,102,102,102,104,104,104,104,104,104,106,106,106],"card_choices":[{"not_picked":["Sweeping Beam","Go for the Eyes"],"picked":"Melter","floor":1},{"not_picked":["Streamline","White Noise"],"picked":"Genetic Algorithm","floor":2},{"not_picked":["Compile Driver","Recycle","White Noise"],"picked":"SKIP","floor":3},{"not_picked":["Lockon","Hologram"],"picked":"Reboot","floor":7},{"not_picked":["Rebound","Skim"],"picked":"Beam Cell","floor":11},{"not_picked":["Leap","Defragment","Loop"],"picked":"Singing Bowl","floor":12},{"not_picked":["Ball Lightning","White Noise"],"picked":"Sunder","floor":13},{"not_picked":["Streamline","Thunder Strike"],"picked":"Core Surge","floor":14},{"not_picked":["Rainbow","Biased Cognition"],"picked":"Seek","floor":16},{"not_picked":["Ball Lightning","Redo+1","Sweeping Beam"],"picked":"Singing Bowl","floor":18},{"not_picked":["Sweeping Beam+1","Barrage","Doom and Gloom+1"],"picked":"Singing Bowl","floor":19},{"not_picked":["Core Surge","Lockon"],"picked":"Steam+1","floor":23},{"not_picked":["Barrage","Heatsinks","Gash"],"picked":"Singing Bowl","floor":24},{"not_picked":["Redo+1","Steam+1","Ball Lightning"],"picked":"Singing Bowl","floor":25},{"not_picked":["Thunder Strike","Hello World","Melter"],"picked":"Singing Bowl","floor":27},{"not_picked":["Double Energy+1","Lockon","Go for the Eyes"],"picked":"Singing Bowl","floor":30},{"not_picked":["Rainbow+1","Fission+1"],"picked":"Reboot+1","floor":33},{"not_picked":["Redo+1","Leap+1","Ball Lightning"],"picked":"Singing Bowl","floor":35},{"not_picked":["Stack+1","Coolheaded+1","Capacitor"],"picked":"Singing Bowl","floor":36},{"not_picked":["Steam+1","Gash","Conserve Battery+1"],"picked":"Singing Bowl","floor":37},{"not_picked":["Melter","Coolheaded+1","Reprogram+1"],"picked":"Singing Bowl","floor":39},{"not_picked":["Barrage","Stack+1","Gash"],"picked":"Singing Bowl","floor":39},{"not_picked":["Heatsinks","Auto Shields+1","Hologram+1"],"picked":"Singing Bowl","floor":40},{"not_picked":["Melter+1","Undo+1","Hologram+1"],"picked":"Singing Bowl","floor":42},{"not_picked":["Streamline+1","Turbo+1","Electrodynamics"],"picked":"Singing Bowl","floor":44},{"not_picked":["Go for the Eyes+1","Compile Driver+1","Coolheaded+1"],"picked":"Singing Bowl","floor":45},{"not_picked":["Rebound+1","Melter+1","Lockon+1"],"picked":"Singing Bowl","floor":45},{"not_picked":["White Noise+1","Storm+1","Beam Cell+1"],"picked":"Singing Bowl","floor":48},{"not_picked":["Storm","Steam+1","Fusion+1"],"picked":"Singing Bowl","floor":54}],"player_experience":284846,"relics_obtained":[{"floor":7,"key":"Pantograph"},{"floor":9,"key":"Singing Bowl"},{"floor":14,"key":"TungstenRod"},{"floor":23,"key":"HornCleat"},{"floor":26,"key":"War Paint"},{"floor":26,"key":"Toy Ornithopter"},{"floor":27,"key":"MealTicket"},{"floor":30,"key":"Potion Belt"},{"floor":31,"key":"Bottled Flame"},{"floor":31,"key":"Bag of Marbles"},{"floor":37,"key":"Prayer Wheel"},{"floor":40,"key":"PreservedInsect"},{"floor":40,"key":"White Beast Statue"},{"floor":42,"key":"Oddly Smooth Stone"},{"floor":42,"key":"Molten Egg 2"},{"floor":44,"key":"Orichalcum"},{"floor":44,"key":"Pocketwatch"},{"floor":48,"key":"Meat on the Bone"},{"floor":48,"key":"Omamori"},{"floor":54,"key":"Vajra"},{"floor":54,"key":"Boot"}],"event_choices":[{"damage_healed":0,"gold_gain":0,"player_choice":"Take Damage","damage_taken":17,"relics_obtained":["Golden Idol"],"max_hp_gain":0,"max_hp_loss":0,"event_name":"Golden Idol","floor":4,"gold_loss":0},{"cards_removed":["Strike_B"],"damage_healed":0,"gold_gain":0,"player_choice":"Purged","damage_taken":0,"max_hp_gain":0,"max_hp_loss":0,"event_name":"Purifier","floor":5,"gold_loss":0},{"damage_healed":0,"gold_gain":0,"player_choice":"Obtained Relic","damage_taken":0,"relics_obtained":["Toxic Egg 2"],"max_hp_gain":0,"max_hp_loss":0,"event_name":"Addict","floor":20,"gold_loss":85},{"damage_healed":0,"gold_gain":0,"cards_transformed":["Zap"],"player_choice":"Transformed","damage_taken":0,"max_hp_gain":0,"max_hp_loss":0,"event_name":"Transmorgrifier","floor":21,"gold_loss":0,"cards_obtained":["Reprogram"]},{"cards_removed":["Strike_B"],"damage_healed":0,"gold_gain":0,"player_choice":"Gave Gold","damage_taken":0,"max_hp_gain":0,"max_hp_loss":0,"event_name":"Beggar","floor":29,"gold_loss":75},{"damage_healed":0,"gold_gain":0,"player_choice":"Fight","damage_taken":0,"max_hp_gain":0,"max_hp_loss":0,"event_name":"Mysterious Sphere","floor":37,"gold_loss":0},{"damage_healed":0,"gold_gain":0,"player_choice":"Upgraded","damage_taken":0,"max_hp_gain":0,"max_hp_loss":0,"event_name":"Upgrade Shrine","floor":38,"gold_loss":0,"cards_upgraded":["Sunder"]},{"damage_healed":0,"gold_gain":333,"player_choice":"Gave Idol","damage_taken":0,"max_hp_gain":0,"max_hp_loss":0,"event_name":"The Moai Head","floor":46,"relics_lost":["Golden Idol"],"gold_loss":0}],"is_beta":false,"boss_relics":[{"not_picked":["SacredBark","FrozenCore"],"picked":"Fusion Hammer"},{"not_picked":["Runic Dome","Coffee Dripper"],"picked":"Black Star"}],"items_purged_floors":[22,47],"is_endless":false,"potions_floor_spawned":[1,13,14,16,19,23,30,33,36,40,42,44,45,48,54],"killed_by":"The Heart","ascension_level":12}}