{"host":"sian7qp8a9pc9xwd","time":1610281916,"event":{"mods":["BaseMod","Lobotomy","Minty Spire (QoL Compilation)","StSLib"],"gold_per_floor":[119,119,119,129,129,161,173,247,294,74,92,92,18,51,51,153,153,168,43,43,43,43,43,71,2,2,30,45,72,82,113,113,209,209,226,226,245,545,545,545],"floor_reached":39,"playtime":4350,"items_purged":["Defend_R","Defend_R"],"score":536,"play_id":"efb96ce6-0144-46f5-8ac6-a6a66f959ffd","local_time":"20210110073156","is_ascension_mode":true,"campfire_choices":[{"data":"Perfected Strike","floor":12,"key":"SMITH"},{"data":"Infernal Blade","floor":15,"key":"SMITH"},{"data":"True Grit","floor":23,"key":"SMITH"},{"data":"Sentinel","floor":32,"key":"SMITH"}],"circlet_count":0,"master_deck":["Strike_R","Strike_R","Strike_R","Strike_R","Defend_R","Defend_R+1","Bash","DreamingCurrent","Pommel Strike+1","GalaxyChild","Shrug It Off","Infernal Blade+1","BeautyBeast","Perfected Strike+1","Woodsman","Perfected Strike","SpiderBud","Battle Trance","Disarm","UniverseFragment","Burning Pact","QueenBee","Porccubus","Clothesline","True Grit+1","Necronomicurse","ShyLook","Inflame","MeatLantern","Warcry+1","BlackSwan","NakedNest","Sentinel+1","MeltingLove","Warcry+1","QueenOfHatred","Blood for Blood","NothingThere","Iron Wave+1"],"relics":["Burning Blood","CogitoBucket","Orichalcum","Sundial","Red Skull","Ancient Tea Set","Dream Catcher","Busted Crown","LuminousBracelet","MutagenicStrength","Necronomicon","Ornamental Fan","Pantograph","Lantern","Mummified Hand","AdjustmentMirror","Question Card","Black Star"],"acts_visited":["Exordium","TheCity","TheBeyond"],"potions_floor_usage":[6,16,29,29,30,33,37],"damage_taken":[{"damage":1,"enemies":"Cultist","floor":1,"turns":3},{"damage":11,"enemies":"Jaw Worm","floor":4,"turns":3},{"damage":50,"enemies":"3 Sentries","floor":6,"turns":12},{"damage":0,"enemies":"Small Slimes","floor":7,"turns":3},{"damage":6,"enemies":"Looter","floor":11,"turns":3},{"damage":24,"enemies":"Lagavulin","floor":14,"turns":5},{"damage":7,"enemies":"Slime Boss","floor":16,"turns":8},{"damage":20,"enemies":"Spheric Guardian","floor":18,"turns":2},{"damage":10,"enemies":"Slavers","floor":24,"turns":4},{"damage":23,"enemies":"Book of Stabbing","floor":27,"turns":4},{"damage":50,"enemies":"Chosen","floor":28,"turns":4},{"damage":65,"enemies":"Gremlin Leader","floor":29,"turns":3},{"damage":35,"enemies":"Snecko","floor":30,"turns":6},{"damage":13,"enemies":"Slavers","floor":31,"turns":5},{"damage":79,"enemies":"Automaton","floor":33,"turns":6},{"damage":73,"enemies":"3 Darklings","floor":35,"turns":8},{"damage":0,"enemies":"3 Shapes","floor":37,"turns":1},{"damage":30,"enemies":"Transient","floor":39,"turns":1}],"seed_played":"3163356165869808576","potions_obtained":[{"floor":1,"key":"SkillPotion"},{"floor":6,"key":"Swift Potion"},{"floor":11,"key":"BloodPotion"},{"floor":24,"key":"Block Potion"},{"floor":27,"key":"Energy Potion"},{"floor":31,"key":"SkillPotion"},{"floor":37,"key":"Fruit Juice"}],"is_trial":false,"path_per_floor":["M","?","?","M","?","E","M","T","T","$","M","R","$","E","R","B",null,"M","$","?","?","?","R","E","$","T","E","M","E","M","E","R","B",null,"M","?","M","?","M"],"character_chosen":"IRONCLAD","items_purchased":["Ancient Tea Set","Disarm","True Grit","Inflame"],"campfire_rested":0,"item_purchase_floors":[10,13,19,25],"current_hp_per_floor":[80,64,69,76,76,85,85,85,85,85,85,85,85,85,85,85,85,100,100,100,84,84,84,99,99,99,100,69,29,82,100,100,74,100,91,91,25,25,0,0],"gold":545,"neow_bonus":"","is_daily":false,"chose_seed":false,"campfire_upgraded":4,"win_rate":0.0,"timestamp":1610281916,"path_taken":["M","?","?","M","?","E","M","?","T","$","M","R","$","E","R","BOSS","M","$","?","?","?","R","E","?","T","E","M","E","?","E","R","BOSS","M","?","M","?","M"],"items_purchased_type":["Relic","Card","Card","Card"],"build_version":"2020-12-22","purchased_purges":2,"victory":false,"max_hp_per_floor":[80,80,85,85,85,85,85,85,85,85,85,85,85,85,85,85,85,100,100,100,100,100,100,100,100,100,100,100,100,100,100,100,100,100,100,100,105,105,105,105],"card_choices":[{"not_picked":["MeatLantern","Variant"],"picked":"DreamingCurrent","floor":1},{"not_picked":["Evolve","Sword Boomerang"],"picked":"Pommel Strike","floor":1},{"not_picked":["ShyLook","OSAHOGD"],"picked":"GalaxyChild","floor":4},{"not_picked":["Hemokinesis","Thunderclap"],"picked":"Shrug It Off","floor":4},{"not_picked":["RedShoes","MeatLantern"],"picked":"BeautyBeast","floor":6},{"not_picked":["Headbutt","Iron Wave"],"picked":"Perfected Strike","floor":6},{"not_picked":["RedShoes","Murderer"],"picked":"Woodsman","floor":7},{"not_picked":["Anger","True Grit"],"picked":"Perfected Strike","floor":7},{"not_picked":["HeroicMonk","SnowQueen"],"picked":"SpiderBud","floor":11},{"not_picked":["Fire Breathing","Sword Boomerang"],"picked":"Battle Trance","floor":11},{"not_picked":["Yin","SnowQueen"],"picked":"UniverseFragment","floor":14},{"not_picked":["Iron Wave","Demon Form"],"picked":"Burning Pact","floor":14},{"not_picked":["Funeral","HappyTeddy"],"picked":"QueenBee","floor":16},{"not_picked":["Barricade","Feed"],"picked":"Demon Form","floor":16},{"not_picked":["WhitesApple","Mercenary"],"picked":"Porccubus","floor":18},{"not_picked":[],"picked":"Clothesline","floor":18},{"not_picked":["GreedKing","Murderer"],"picked":"ShyLook","floor":24},{"not_picked":["Evolve"],"picked":"SKIP","floor":24},{"not_picked":["CherryBlossoms","BigBadWolf"],"picked":"MeatLantern","floor":27},{"not_picked":[],"picked":"Warcry+1","floor":27},{"not_picked":["LittleHelper","LongBird"],"picked":"BlackSwan","floor":28},{"not_picked":["Clash"],"picked":"SKIP","floor":28},{"not_picked":["Clash"],"picked":"SKIP","floor":28},{"not_picked":["Freischutz","LittleHelper"],"picked":"NakedNest","floor":29},{"not_picked":[],"picked":"Sentinel","floor":29},{"not_picked":["WhitesApple","Funeral"],"picked":"MeltingLove","floor":30},{"not_picked":[],"picked":"Warcry+1","floor":30},{"not_picked":["OldLady","LaLuna"],"picked":"QueenOfHatred","floor":31},{"not_picked":[],"picked":"Blood for Blood","floor":31},{"not_picked":["DespairKnight","FairyFestival"],"picked":"Yin","floor":33},{"not_picked":["Clash","Sentinel"],"picked":"SKIP","floor":35},{"not_picked":["Alriune","Laetitia"],"picked":"NothingThere","floor":37},{"not_picked":["Uppercut"],"picked":"Iron Wave+1","floor":37}],"player_experience":658711,"relics_obtained":[{"floor":6,"key":"Orichalcum"},{"floor":8,"key":"Sundial"},{"floor":9,"key":"Red Skull"},{"floor":14,"key":"Dream Catcher"},{"floor":21,"key":"Necronomicon"},{"floor":24,"key":"Ornamental Fan"},{"floor":26,"key":"Pantograph"},{"floor":27,"key":"Lantern"},{"floor":29,"key":"Mummified Hand"},{"floor":31,"key":"Question Card"}],"event_choices":[{"damage_healed":0,"gold_gain":0,"player_choice":"Entered Light","damage_taken":16,"max_hp_gain":0,"max_hp_loss":0,"event_name":"Shining Light","floor":2,"gold_loss":0,"cards_upgraded":["Defend_R","Pommel Strike"]},{"damage_healed":0,"gold_gain":0,"player_choice":"Donut","damage_taken":0,"max_hp_gain":5,"max_hp_loss":0,"event_name":"Big Fish","floor":3,"gold_loss":0},{"damage_healed":0,"gold_gain":0,"cards_transformed":["Strike_R"],"player_choice":"Change","damage_taken":0,"max_hp_gain":0,"max_hp_loss":0,"event_name":"Living Wall","floor":5,"gold_loss":0,"cards_obtained":["Infernal Blade"]},{"damage_healed":0,"gold_gain":0,"player_choice":"Inject Mutagens","damage_taken":0,"relics_obtained":["MutagenicStrength"],"max_hp_gain":0,"max_hp_loss":0,"event_name":"Drug Dealer","floor":20,"gold_loss":0},{"damage_healed":0,"gold_gain":0,"player_choice":"Obtained Book","damage_taken":16,"max_hp_gain":0,"max_hp_loss":0,"event_name":"Cursed Tome","floor":21,"gold_loss":0},{"damage_healed":0,"gold_gain":0,"player_choice":"Ignored","damage_taken":0,"max_hp_gain":0,"max_hp_loss":0,"event_name":"Ghosts","floor":22,"gold_loss":0},{"cards_removed":["Demon Form"],"damage_healed":0,"gold_gain":0,"player_choice":"Removed Power","damage_taken":0,"max_hp_gain":0,"max_hp_loss":0,"event_name":"Falling","floor":36,"gold_loss":0},{"damage_healed":0,"gold_gain":300,"player_choice":"Gold","damage_taken":0,"max_hp_gain":0,"max_hp_loss":0,"event_name":"Wheel of Change","floor":38,"gold_loss":0}],"is_beta":false,"boss_relics":[{"not_picked":["Snecko Eye","Mark of Pain"],"picked":"Busted Crown"},{"not_picked":["Cursed Key","Runic Dome"],"picked":"Black Star"}],"items_purged_floors":[10,19],"is_endless":false,"potions_floor_spawned":[1,6,11,24,27,31,37],"killed_by":"Transient","ascension_level":1}}