{"host":"11728qvdvolffudn","time":1610299912,"event":{"mods":["BaseMod","Block Reminder","Colored Powertips","Curses Come First","Custom Start","Displayed Cursed Tome","Highlight Path","Minty Spire (QoL Compilation)","Permanent Neow","Quick Restart","Rare Cards Sparkle","Relic Stats","StSLib"],"gold_per_floor":[117,49,68,86,86,86,104,114,190,190,114,114,114,127,127,227,227,227,227],"floor_reached":18,"playtime":1358,"items_purged":[],"score":152,"play_id":"8ed231b6-d520-4473-bf24-888860ae6d9b","local_time":"20210110173152","is_ascension_mode":false,"campfire_choices":[{"data":"Self Repair","floor":6,"key":"SMITH"},{"data":"Chill","floor":10,"key":"SMITH"},{"data":"Zap","floor":13,"key":"SMITH"},{"data":"Go for the Eyes","floor":15,"key":"SMITH"}],"circlet_count":0,"master_deck":["Strike_B","Strike_B","Strike_B","Defend_B","Defend_B","Defend_B","Defend_B","Zap+1","Dualcast","Cold Snap","Self Repair+1","Go for the Eyes+1","Beam Cell","Steam Power","Chill+1","BootSequence","Decay","Seek"],"relics":["Cracked Core","Bottled Flame","Philosopher\u0027s Stone"],"acts_visited":["Exordium","TheCity"],"potions_floor_usage":[16,16],"damage_taken":[{"damage":3,"enemies":"Small Slimes","floor":1,"turns":3},{"damage":2,"enemies":"Cultist","floor":3,"turns":4},{"damage":1,"enemies":"Jaw Worm","floor":4,"turns":4},{"damage":2,"enemies":"Red Slaver","floor":7,"turns":2},{"damage":16,"enemies":"Lots of Slimes","floor":8,"turns":3},{"damage":0,"enemies":"Large Slime","floor":14,"turns":8},{"damage":33,"enemies":"The Guardian","floor":16,"turns":11},{"damage":3,"enemies":"Chosen","floor":18,"turns":4}],"seed_played":"-1948281864421345088","potions_obtained":[{"floor":1,"key":"Strength Potion"},{"floor":3,"key":"BlessingOfTheForge"},{"floor":14,"key":"Energy Potion"},{"floor":16,"key":"FearPotion"}],"is_trial":false,"path_per_floor":["M","$","M","M","?","R","M","M","T","R","$","?","R","M","R","B",null,"M"],"character_chosen":"DEFECT","items_purchased":["Self Repair","BootSequence"],"campfire_rested":0,"item_purchase_floors":[2,11],"current_hp_per_floor":[72,72,75,74,74,74,72,66,66,66,66,66,66,75,75,52,75,72,72],"gold":227,"neow_bonus":"THREE_CARDS","is_daily":false,"chose_seed":false,"campfire_upgraded":4,"win_rate":0.0,"timestamp":1610299912,"path_taken":["M","$","M","M","?","R","?","M","T","R","$","?","R","M","R","BOSS","M"],"items_purchased_type":["Card","Card"],"build_version":"2020-12-22","purchased_purges":0,"victory":false,"max_hp_per_floor":[75,75,75,75,75,75,75,75,75,75,75,75,75,75,75,75,75,75,75],"relic_stats":{"counters":[8,39],"obtain_stats":[{"Bottled Flame":9,"Philosopher\u0027s Stone":17,"Cracked Core":0},{"Bottled Flame":5,"Philosopher\u0027s Stone":7,"Cracked Core":0},{"Bottled Flame":16,"Philosopher\u0027s Stone":35,"Cracked Core":0}]},"card_choices":[{"not_picked":["Leap","Rebound"],"picked":"Cold Snap","floor":0},{"not_picked":["Force Field","Static Discharge","Hello World"],"picked":"SKIP","floor":1},{"not_picked":["Static Discharge","Turbo"],"picked":"Go for the Eyes","floor":3},{"not_picked":["Recycle","Doom and Gloom"],"picked":"Beam Cell","floor":4},{"not_picked":["Conserve Battery","Leap","Ball Lightning"],"picked":"SKIP","floor":7},{"not_picked":["Stack","Compile Driver"],"picked":"Chill","floor":8},{"not_picked":["Reprogram","Multi-Cast","Sweeping Beam"],"picked":"SKIP","floor":14},{"not_picked":["Amplify","Rainbow"],"picked":"Seek","floor":16}],"player_experience":97510,"relics_obtained":[{"floor":9,"key":"Bottled Flame"}],"event_choices":[{"damage_healed":0,"gold_gain":0,"cards_transformed":["Strike_B"],"player_choice":"Transformed","damage_taken":0,"max_hp_gain":0,"max_hp_loss":0,"event_name":"Transmorgrifier","floor":5,"gold_loss":0,"cards_obtained":["Steam Power"]},{"damage_healed":0,"gold_gain":0,"player_choice":"Cursed","damage_taken":0,"max_hp_gain":0,"max_hp_loss":0,"event_name":"Wheel of Change","floor":12,"gold_loss":0,"cards_obtained":["Decay"]}],"is_beta":false,"boss_relics":[{"not_picked":["Runic Dome","Tiny House"],"picked":"Philosopher\u0027s Stone"}],"items_purged_floors":[],"is_endless":false,"potions_floor_spawned":[1,3,14,16],"killed_by":"Chosen","ascension_level":0}}