{"host":"cv77zuuuekizn3ic","time":1610262014,"event":{"mods":["AchievementEnabler","BaseMod","Marisa£®ÏF”Í°°ƒß¿Ì…≥£©","Minty Spire (QoL Compilation)","StSLib","Waifu the Spire","everything is the same but u backflip on backflip","slay the spire mod where everything is the same but ironclad has a cowboy hat"],"gold_per_floor":[16,16,16,41,41,61,105,30,30,30,30,0,0,40,40,131,131,149,4,4,27,42,42,82,105,183,133,146,146,96,112,112,112,112],"floor_reached":33,"playtime":1893,"items_purged":["Strike_R","Bash+1","Hemokinesis"],"score":546,"play_id":"82be8322-78bd-4da3-a10e-bf825aad699d","local_time":"20210110150014","is_ascension_mode":true,"campfire_choices":[{"data":"Flame Barrier","floor":11.0,"key":"SMITH"},{"data":"Shrug It Off","floor":13.0,"key":"SMITH"},{"data":"Bash","floor":15.0,"key":"SMITH"},{"data":"Dark Embrace","floor":23.0,"key":"SMITH"},{"data":"Exhume","floor":29.0,"key":"SMITH"},{"floor":32.0,"key":"REST"}],"circlet_count":0,"master_deck":["AscendersBane","Shrug It Off+1","Dark Embrace+1","Exhume","True Grit","Flame Barrier+1","Pommel Strike","Demon Form","Shrug It Off","Immolate","Bludgeon","Whirlwind","Exhume+1","Dual Wield+1","Purity","Burning Pact","Battle Trance+1"],"relics":["Burning Blood","Charon\u0027s Ashes","Golden Idol","White Beast Statue","Vajra","StoneCalendar","Smiling Mask","Nloth\u0027s Gift","Paper Frog","HornCleat"],"acts_visited":["TheCity"],"potions_floor_usage":[],"damage_taken":[{"damage":9.0,"enemies":"Jaw Worm","floor":1.0,"turns":4.0},{"damage":1.0,"enemies":"2 Louse","floor":4.0,"turns":3.0},{"damage":0.0,"enemies":"Small Slimes","floor":6.0,"turns":5.0},{"damage":36.0,"enemies":"Gremlin Nob","floor":7.0,"turns":5.0},{"damage":3.0,"enemies":"3 Sentries","floor":14.0,"turns":6.0},{"damage":21.0,"enemies":"The Guardian","floor":16.0,"turns":17.0},{"damage":14.0,"enemies":"Shell Parasite","floor":18.0,"turns":7.0},{"damage":0.0,"enemies":"3 Byrds","floor":21.0,"turns":2.0},{"damage":34.0,"enemies":"Centurion and Healer","floor":22.0,"turns":7.0},{"damage":37.0,"enemies":"Gremlin Leader","floor":24.0,"turns":7.0},{"damage":2.0,"enemies":"Snake Plant","floor":25.0,"turns":3.0},{"damage":0.0,"enemies":"3 Cultists","floor":28.0,"turns":3.0},{"damage":10.0,"enemies":"Shelled Parasite and Fungi","floor":31.0,"turns":7.0},{"damage":66,"enemies":"Champ","floor":33,"turns":14}],"seed_played":"-1641768438303002427","potions_obtained":[{"floor":4.0,"key":"DuplicationPotion"},{"floor":6.0,"key":"ColorlessPotion"},{"floor":7.0,"key":"Block Potion"},{"floor":14.0,"key":"BloodPotion"},{"floor":16.0,"key":"BloodPotion"},{"floor":21.0,"key":"ColorlessPotion"},{"floor":22.0,"key":"GamblersBrew"},{"floor":24.0,"key":"Dexterity Potion"},{"floor":25.0,"key":"HeartOfIron"}],"is_trial":false,"path_per_floor":["M","?","?","M","?","M","E","$","T","$","R","?","R","E","R","B",null,"M","$","?","M","M","R","E","M","T","?","M","R","$","M","R","B"],"character_chosen":"IRONCLAD","items_purchased":["Purity"],"campfire_rested":1,"item_purchase_floors":[19],"current_hp_per_floor":[65,65,39,44,44,50,20,20,20,20,20,20,20,23,23,21,56,48,48,48,67,39,39,8,12,12,12,18,18,18,14,34,0,0],"gold":112,"neow_bonus":"ONE_RARE_RELIC","is_daily":false,"chose_seed":false,"campfire_upgraded":5,"win_rate":0.0,"timestamp":1610262014,"path_taken":["M","?","?","M","?","M","E","$","T","$","R","?","R","E","R","BOSS","M","$","?","M","?","R","E","M","T","?","M","R","?","M","R","BOSS"],"items_purchased_type":["Card"],"build_version":"2020-12-22","purchased_purges":3,"victory":false,"max_hp_per_floor":[75,68,68,68,68,68,68,68,68,68,68,68,68,68,68,68,68,68,68,68,68,68,68,68,68,68,68,68,68,68,68,68,68,68],"card_choices":[{"not_picked":["Body Slam","Warcry"],"picked":"Shrug It Off","floor":1.0},{"not_picked":["Clothesline","Shrug It Off"],"picked":"Dark Embrace","floor":4.0},{"not_picked":["Wild Strike","Thunderclap"],"picked":"True Grit","floor":6.0},{"not_picked":["Body Slam","Perfected Strike"],"picked":"Flame Barrier","floor":7.0},{"not_picked":["Twin Strike","Heavy Blade"],"picked":"Pommel Strike","floor":14.0},{"not_picked":["Feed","Brutality"],"picked":"Demon Form","floor":16.0},{"not_picked":["Shrug It Off","Flex","Twin Strike+1"],"picked":"SKIP","floor":18.0},{"not_picked":["Heavy Blade","Corruption","Metallicize"],"picked":"SKIP","floor":21.0},{"not_picked":["Reckless Charge+1","Iron Wave","Clash+1"],"picked":"SKIP","floor":22.0},{"not_picked":["Warcry","Cleave"],"picked":"Burning Pact","floor":24.0},{"not_picked":["Ghostly Armor","Burning Pact"],"picked":"Battle Trance","floor":25.0},{"not_picked":["Clothesline","Perfected Strike","Fire Breathing"],"picked":"SKIP","floor":28.0},{"not_picked":["Spot Weakness+1","Wild Strike","Metallicize"],"picked":"SKIP","floor":31.0}],"player_experience":820623,"relics_obtained":[{"floor":7.0,"key":"Vajra"},{"floor":9.0,"key":"StoneCalendar"},{"floor":14.0,"key":"Smiling Mask"},{"floor":24.0,"key":"Paper Frog"},{"floor":26.0,"key":"HornCleat"}],"event_choices":[{"damage_healed":0.0,"max_hp_gain":0.0,"max_hp_loss":7.0,"gold_gain":0.0,"event_name":"Golden Idol","player_choice":"Lose Max HP","floor":2.0,"gold_loss":0.0,"damage_taken":0.0,"relics_obtained":["Golden Idol"]},{"damage_healed":0.0,"max_hp_gain":0.0,"max_hp_loss":0.0,"gold_gain":0.0,"event_name":"Scrap Ooze","player_choice":"Success","floor":3.0,"gold_loss":0.0,"damage_taken":26.0,"relics_obtained":["White Beast Statue"]},{"damage_healed":0.0,"max_hp_gain":0.0,"max_hp_loss":0.0,"gold_gain":0.0,"cards_transformed":["Strike_R"],"event_name":"Living Wall","player_choice":"Change","floor":5.0,"gold_loss":0.0,"damage_taken":0.0,"cards_obtained":["Exhume"]},{"damage_healed":0.0,"max_hp_gain":0.0,"max_hp_loss":0.0,"gold_gain":0.0,"event_name":"World of Goop","player_choice":"Left Gold","floor":12.0,"gold_loss":30.0,"damage_taken":0.0},{"damage_healed":0.0,"max_hp_gain":0.0,"max_hp_loss":0.0,"gold_gain":0.0,"event_name":"N\u0027loth","player_choice":"Traded Relic","floor":20.0,"relics_lost":["Pandora\u0027s Box"],"gold_loss":0.0,"damage_taken":0.0,"relics_obtained":["Nloth\u0027s Gift"]},{"damage_healed":0.0,"max_hp_gain":0.0,"max_hp_loss":0.0,"gold_gain":0.0,"event_name":"Designer","player_choice":"Upgraded Two","floor":27.0,"gold_loss":50.0,"damage_taken":0.0,"cards_upgraded":["Dual Wield","Battle Trance"]}],"is_beta":false,"boss_relics":[{"not_picked":["Tiny House","SlaversCollar"],"picked":"Pandora\u0027s Box"}],"items_purged_floors":[8,19,30],"is_endless":false,"potions_floor_spawned":[4,6,7,14,16,18,21,22,24,25,28,31],"killed_by":"Champ","ascension_level":20}}