{"host":"cv77zuuuekizn3ic","time":1610254323,"event":{"mods":["AchievementEnabler","BaseMod","Marisa£®ÏF”Í°°ƒß¿Ì…≥£©","Minty Spire (QoL Compilation)","StSLib","Waifu the Spire","everything is the same but u backflip on backflip","slay the spire mod where everything is the same but ironclad has a cowboy hat"],"gold_per_floor":[117,97,38,58,78,78,108,108,133,160,178,194,194,194,194,194,194],"floor_reached":16,"playtime":685,"items_purged":[],"score":220,"play_id":"5b8c96a5-605c-47a4-8f4a-4cd572bb045a","local_time":"20210110125203","is_ascension_mode":true,"campfire_choices":[{"data":"Armaments","floor":6.0,"key":"SMITH"},{"data":"Evolve","floor":8.0,"key":"SMITH"},{"floor":15.0,"key":"REST"}],"circlet_count":0,"master_deck":["AscendersBane","Strike_R","Strike_R","Defend_R","Defend_R","Defend_R","Defend_R","Bash","Power Through","Infernal Blade","Evolve+1","Armaments+1","Bloodletting","Sword Boomerang","Body Slam","Shrug It Off","Brutality"],"relics":["Burning Blood","Art of War","Blood Vial","MealTicket"],"acts_visited":["Exordium"],"potions_floor_usage":[],"damage_taken":[{"damage":7.0,"enemies":"Small Slimes","floor":1.0,"turns":4.0},{"damage":0.0,"enemies":"Cultist","floor":4.0,"turns":4.0},{"damage":4.0,"enemies":"2 Louse","floor":5.0,"turns":4.0},{"damage":21.0,"enemies":"Gremlin Nob","floor":7.0,"turns":4.0},{"damage":35.0,"enemies":"3 Sentries","floor":10.0,"turns":9.0},{"damage":1.0,"enemies":"2 Fungi Beasts","floor":11.0,"turns":3.0},{"damage":15.0,"enemies":"Exordium Wildlife","floor":12.0,"turns":4.0},{"damage":40,"enemies":"Hexaghost","floor":16,"turns":9}],"seed_played":"-1717795835964431962","potions_obtained":[{"floor":1.0,"key":"SteroidPotion"},{"floor":2.0,"key":"BlessingOfTheForge"},{"floor":10.0,"key":"Strength Potion"}],"is_trial":false,"path_per_floor":["M","?","$","M","M","R","E","R","T","E","M","M","?","?","R","B"],"character_chosen":"IRONCLAD","items_purchased":["Armaments"],"campfire_rested":1,"item_purchase_floors":[3],"current_hp_per_floor":[49,49,49,55,57,57,42,42,42,15,22,15,15,15,37,0,0],"gold":194,"neow_bonus":"TRANSFORM_TWO_CARDS","is_daily":false,"chose_seed":false,"campfire_upgraded":2,"win_rate":0.0,"timestamp":1610254323,"path_taken":["M","?","$","M","?","R","E","R","T","E","M","M","?","?","R","BOSS"],"items_purchased_type":["Card"],"build_version":"2020-12-22","purchased_purges":0,"victory":false,"max_hp_per_floor":[75,75,75,75,75,75,75,75,75,75,75,75,75,75,75,75,75],"card_choices":[{"not_picked":["Rampage","Intimidate"],"picked":"Evolve","floor":1.0},{"not_picked":["Pummel","Flex"],"picked":"Bloodletting","floor":4.0},{"not_picked":["Perfected Strike","Thunderclap"],"picked":"Sword Boomerang","floor":5.0},{"not_picked":["Heavy Blade","Armaments","Havoc"],"picked":"SKIP","floor":7.0},{"not_picked":["Rampage","Seeing Red"],"picked":"Body Slam","floor":10.0},{"not_picked":["Sword Boomerang","Rage"],"picked":"Shrug It Off","floor":11.0},{"not_picked":["Heavy Blade","True Grit","Intimidate"],"picked":"SKIP","floor":12.0}],"player_experience":815631,"relics_obtained":[{"floor":7.0,"key":"Art of War"},{"floor":9.0,"key":"Blood Vial"},{"floor":10.0,"key":"MealTicket"}],"event_choices":[{"damage_healed":0.0,"max_hp_gain":0.0,"max_hp_loss":0.0,"gold_gain":0.0,"event_name":"The Woman in Blue","player_choice":"Bought 1 Potion","floor":2.0,"gold_loss":0.0,"damage_taken":0.0},{"damage_healed":0.0,"max_hp_gain":0.0,"max_hp_loss":0.0,"gold_gain":0.0,"cards_transformed":["Strike_R"],"event_name":"Living Wall","player_choice":"Change","floor":13.0,"gold_loss":0.0,"damage_taken":0.0,"cards_obtained":["Brutality"]},{"damage_healed":0.0,"max_hp_gain":0.0,"max_hp_loss":0.0,"gold_gain":0.0,"event_name":"Shining Light","player_choice":"Ignored","floor":14.0,"gold_loss":0.0,"damage_taken":0.0}],"is_beta":false,"boss_relics":[],"items_purged_floors":[],"is_endless":false,"potions_floor_spawned":[1,10,11],"killed_by":"Hexaghost","ascension_level":20}}