{"host":"Alvar","time":1610261443,"event":{"mods":["AchievementEnabler","BaseMod","Minty Spire (QoL Compilation)","StSLib"],"gold_per_floor":[109,109,109,109,19,50,50,50,98,137,137,151,151,165,165,165,165],"floor_reached":16,"playtime":307,"items_purged":[],"score":312,"play_id":"6b6603fe-d45b-46c1-853e-56214a2e267d","local_time":"20210110135043","is_ascension_mode":true,"campfire_choices":[{"data":"Carnage","floor":7,"key":"SMITH"},{"data":"Rampage","floor":11,"key":"SMITH"},{"data":"True Grit","floor":13,"key":"SMITH"},{"data":"Metallicize","floor":15,"key":"SMITH"}],"circlet_count":0,"master_deck":["AscendersBane","Strike_R","Strike_R","Strike_R","Strike_R","Strike_R","Defend_R","Defend_R","Defend_R","Defend_R","Bash+1","True Grit+1","Carnage+1","Rampage+1","Metallicize+1","Shrug It Off","Burning Pact"],"relics":["Burning Blood","NeowsBlessing","Golden Idol","Boot","Omamori","Pen Nib"],"acts_visited":["Exordium"],"potions_floor_usage":[16],"damage_taken":[{"damage":0,"enemies":"Small Slimes","floor":1,"turns":1},{"damage":0,"enemies":"3 Sentries","floor":6,"turns":2},{"damage":0,"enemies":"Lagavulin","floor":10,"turns":1},{"damage":2,"enemies":"Jaw Worm","floor":12,"turns":4},{"damage":0,"enemies":"2 Louse","floor":14,"turns":3},{"damage":78,"enemies":"Hexaghost","floor":16,"turns":9}],"seed_played":"-1466942673531687962","potions_obtained":[{"floor":6,"key":"AttackPotion"}],"is_trial":false,"path_per_floor":["M","?","?","?","$","E","R","$","T","E","R","M","R","M","R","B"],"character_chosen":"IRONCLAD","items_purchased":["Carnage"],"campfire_rested":0,"item_purchase_floors":[5],"current_hp_per_floor":[74,79,51,51,51,57,57,57,57,63,63,67,67,73,73,0,0],"gold":165,"neow_bonus":"THREE_ENEMY_KILL","is_daily":false,"chose_seed":false,"campfire_upgraded":4,"win_rate":0.0,"timestamp":1610261443,"path_taken":["M","?","?","?","$","E","R","?","T","E","R","M","R","?","R","BOSS"],"items_purchased_type":["Card"],"build_version":"2020-12-18","purchased_purges":0,"victory":false,"max_hp_per_floor":[75,80,80,80,80,80,80,80,80,80,80,80,80,80,80,80,80],"card_choices":[{"not_picked":["Warcry","Armaments"],"picked":"True Grit","floor":1},{"not_picked":["Second Wind","Combust"],"picked":"Rampage","floor":6},{"not_picked":["Pummel","Intimidate"],"picked":"Metallicize","floor":10},{"not_picked":["Iron Wave","Headbutt"],"picked":"Shrug It Off","floor":12},{"not_picked":["Sentinel","Blood for Blood"],"picked":"Burning Pact","floor":14}],"player_experience":770514,"relics_obtained":[{"floor":6,"key":"Boot"},{"floor":9,"key":"Omamori"},{"floor":10,"key":"Pen Nib"}],"event_choices":[{"damage_healed":0,"gold_gain":0,"player_choice":"Donut","damage_taken":0,"max_hp_gain":5,"max_hp_loss":0,"event_name":"Big Fish","floor":2,"gold_loss":0},{"damage_healed":0,"gold_gain":0,"player_choice":"Take Damage","damage_taken":28,"relics_obtained":["Golden Idol"],"max_hp_gain":0,"max_hp_loss":0,"event_name":"Golden Idol","floor":3,"gold_loss":0},{"damage_healed":0,"gold_gain":0,"player_choice":"Grow","damage_taken":0,"max_hp_gain":0,"max_hp_loss":0,"event_name":"Living Wall","floor":4,"gold_loss":0,"cards_upgraded":["Bash"]}],"is_beta":true,"boss_relics":[],"items_purged_floors":[],"is_endless":false,"potions_floor_spawned":[6],"killed_by":"Hexaghost","ascension_level":20}}