{"host":"cv77zuuuekizn3ic","time":1610271531,"event":{"mods":["AchievementEnabler","BaseMod","Marisa£®ÏF”Í°°ƒß¿Ì…≥£©","Minty Spire (QoL Compilation)","StSLib","Waifu the Spire","everything is the same but u backflip on backflip","slay the spire mod where everything is the same but ironclad has a cowboy hat"],"gold_per_floor":[113,263,263,278,289,322,322,322,375,391,100,100,0,18,18,89,89,99,112,132,148,23,23,203,203,203,203,203],"floor_reached":27,"playtime":1327,"items_purged":["Doubt","Strike_R","Strike_R"],"score":426,"play_id":"9f6d2027-ff18-4167-89be-f45e6556e311","local_time":"20210110173851","is_ascension_mode":true,"campfire_choices":[{"data":"Armaments","floor":12.0,"key":"SMITH"},{"floor":15.0,"key":"DIG"},{"data":"Dark Embrace","floor":23.0,"key":"SMITH"},{"data":"Uppercut","floor":25.0,"key":"SMITH"}],"circlet_count":0,"master_deck":["AscendersBane","Defend_R","Defend_R","Defend_R","Defend_R","Bash","Body Slam","Evolve","Dark Embrace+1","Exhume","Uppercut+1","Armaments+1","True Grit","Bludgeon","Thunderclap+1","Offering+1","True Grit+1","Bloodletting"],"relics":["Burning Blood","NeowsBlessing","Blue Candle","Lizard Tail","Shovel","Art of War","TheAbacus","Charon\u0027s Ashes","Astrolabe"],"acts_visited":["Exordium","TheCity"],"potions_floor_usage":[27],"damage_taken":[{"damage":0.0,"enemies":"2 Louse","floor":1.0,"turns":1.0},{"damage":0.0,"enemies":"Jaw Worm","floor":4.0,"turns":1.0},{"damage":0.0,"enemies":"Cultist","floor":5.0,"turns":1.0},{"damage":66.0,"enemies":"Lagavulin","floor":6.0,"turns":10.0},{"damage":23.0,"enemies":"2 Fungi Beasts","floor":10.0,"turns":4.0},{"damage":6.0,"enemies":"Exordium Wildlife","floor":14.0,"turns":6.0},{"damage":8.0,"enemies":"Hexaghost","floor":16.0,"turns":11.0},{"damage":22.0,"enemies":"Shell Parasite","floor":18.0,"turns":4.0},{"damage":6.0,"enemies":"Chosen","floor":19.0,"turns":4.0},{"damage":10.0,"enemies":"Snake Plant","floor":20.0,"turns":5.0},{"damage":6.0,"enemies":"Snecko","floor":21.0,"turns":5.0},{"damage":87,"enemies":"Gremlin Leader","floor":27,"turns":8}],"seed_played":"1531945044490537446","potions_obtained":[{"floor":6.0,"key":"Regen Potion"},{"floor":19.0,"key":"Ancient Potion"},{"floor":20.0,"key":"EssenceOfSteel"}],"is_trial":false,"path_per_floor":["M","?","T","M","M","E","?","T","T","M","$","R","$","M","R","B",null,"M","M","M","M","$","R","?","R","T","E"],"character_chosen":"IRONCLAD","items_purchased":["TheAbacus","Armaments"],"campfire_rested":0,"item_purchase_floors":[11,11],"current_hp_per_floor":[74,74,74,75,75,15,15,15,15,10,10,10,10,10,10,8,58,42,42,38,38,38,38,19,19,19,0,0],"gold":203,"neow_bonus":"THREE_ENEMY_KILL","is_daily":false,"chose_seed":false,"campfire_upgraded":3,"win_rate":0.0,"timestamp":1610271531,"path_taken":["M","?","?","?","M","E","?","?","T","M","$","R","$","M","R","BOSS","M","?","?","?","$","R","?","R","T","E"],"items_purchased_type":["Relic","Card"],"build_version":"2020-12-22","purchased_purges":3,"victory":false,"max_hp_per_floor":[75,75,75,75,75,75,75,75,75,75,75,75,75,75,75,75,75,75,75,75,75,75,75,75,75,75,75,75],"card_choices":[{"not_picked":["True Grit","Warcry"],"picked":"Body Slam","floor":1.0},{"not_picked":["Bloodletting","True Grit"],"picked":"Evolve","floor":4.0},{"not_picked":["Heavy Blade","Inflame"],"picked":"Dark Embrace","floor":5.0},{"not_picked":["Wild Strike","Clothesline"],"picked":"Exhume","floor":6.0},{"not_picked":["Body Slam","Evolve"],"picked":"Uppercut","floor":10.0},{"not_picked":["Flame Barrier","Sword Boomerang"],"picked":"True Grit","floor":14.0},{"not_picked":["Juggernaut","Corruption"],"picked":"Bludgeon","floor":16.0},{"not_picked":["Heavy Blade","Blood for Blood","Clash"],"picked":"SKIP","floor":18.0},{"not_picked":["Heavy Blade","Body Slam","Headbutt"],"picked":"SKIP","floor":19.0},{"not_picked":["Body Slam","Headbutt"],"picked":"Bloodletting","floor":20.0},{"not_picked":["Clothesline","Twin Strike","Whirlwind"],"picked":"SKIP","floor":21.0}],"player_experience":829171,"relics_obtained":[{"floor":3.0,"key":"Blue Candle"},{"floor":6.0,"key":"Lizard Tail"},{"floor":8.0,"key":"Shovel"},{"floor":9.0,"key":"Art of War"},{"floor":15.0,"key":"Charon\u0027s Ashes"}],"event_choices":[{"damage_healed":0.0,"max_hp_gain":0.0,"max_hp_loss":0.0,"gold_gain":150.0,"event_name":"Liars Game","player_choice":"AGREE","floor":2.0,"gold_loss":0.0,"damage_taken":0.0,"cards_obtained":["Doubt"]},{"damage_healed":0.0,"max_hp_gain":0.0,"max_hp_loss":0.0,"gold_gain":0.0,"event_name":"Dead Adventurer","player_choice":"Searched \u00270\u0027 times","floor":7.0,"gold_loss":0.0,"damage_taken":0.0},{"damage_healed":0.0,"max_hp_gain":0.0,"max_hp_loss":0.0,"gold_gain":180.0,"event_name":"Knowing Skull","player_choice":"GOLD GOLD ","floor":24.0,"potions_obtained":[],"gold_loss":0.0,"damage_taken":19.0,"cards_obtained":[]}],"is_beta":false,"boss_relics":[{"not_picked":["Runic Dome","Sozu"],"picked":"Astrolabe"}],"items_purged_floors":[11,13,22],"is_endless":false,"potions_floor_spawned":[6,19,20],"killed_by":"Gremlin Leader","ascension_level":20}}