{"host":"vrsxkkch9ccrec7k","time":1610320260,"event":{"mods":["Act Like it!","BaseMod","Bestiary","Better Third Choice","Better Vampires","Downfall","Minty Spire (QoL Compilation)","Permanent Neow","Relic Stats","Spicy Shops","StSLib"],"gold_per_floor":[99,111,123,142,21,21,21,55,55,55,55,55,55],"floor_reached":11,"playtime":1004,"items_purged":[],"score":75,"play_id":"9a6e345f-ca3f-4bd1-a393-cf63b9d2e20b","local_time":"20210110181100","daily_mods":["SealedDeck","Heirloom","Time Dilation","Flight","Elite Swarm"],"is_ascension_mode":true,"campfire_choices":[{"data":"hexamod:EmpoweredFlame","floor":1,"key":"SMITH"},{"data":"hexamod:ParanormalForm","floor":9,"key":"SMITH"}],"circlet_count":0,"master_deck":["hexamod:EmpoweredFlame+1","hexamod:GhostLash","hexamod:DynamicBlow","hexamod:GhostLash","hexamod:NightmareStrike","hexamod:EtherealExpedition","hexamod:NightmareGuise","hexamod:GhostShield","hexamod:NightmareGuise","hexamod:NightmareStrike","hexamod:EmpoweredFlame","hexamod:GhostflameBarrier","hexamod:ThirdSeal","hexamod:TurnItUp","hexamod:ParanormalForm+1"],"relics":["hexamod:SpiritBrand","hexamod:SoulConsumer","Singing Bowl","Gremlin Horn"],"acts_visited":["Exordium"],"potions_floor_usage":[11,11],"damage_taken":[{"damage":0,"enemies":"Cultist","floor":2,"turns":2},{"damage":0,"enemies":"2 Louse","floor":3,"turns":2},{"damage":0,"enemies":"Small Slimes","floor":4,"turns":3},{"damage":0,"enemies":"downfall:FleeingMerchant","floor":5,"turns":4},{"damage":6,"enemies":"3 Sentries","floor":8,"turns":7},{"damage":78,"enemies":"Lagavulin","floor":11,"turns":22}],"seed_played":"4541900750063724086","potions_obtained":[{"floor":4,"key":"EssenceOfSteel"},{"floor":8,"key":"LiquidMemories"}],"is_trial":true,"path_per_floor":["R","M","M","M","$","?","T","E","R","?","E"],"character_chosen":"THE_SPIRIT","items_purchased":["hexamod:ThirdSeal"],"campfire_rested":0,"item_purchase_floors":[5],"current_hp_per_floor":[70,70,70,70,70,70,70,64,64,70,0,0,0],"gold":55,"neow_bonus":"","is_daily":false,"chose_seed":false,"campfire_upgraded":2,"win_rate":0.0,"timestamp":1610320260,"path_taken":["R","M","M","?","?","?","T","E","R","?","E"],"items_purchased_type":["Card"],"build_version":"2020-12-22","purchased_purges":0,"victory":false,"max_hp_per_floor":[70,70,70,70,70,70,70,70,70,70,70,70,70],"relic_stats":{"Singing Bowl":0,"Gremlin Horn":[0,0],"counters":[6,40],"obtain_stats":[{"Singing Bowl":7,"Gremlin Horn":8,"hexamod:SoulConsumer":0,"hexamod:SpiritBrand":0},{"Singing Bowl":4,"Gremlin Horn":5,"hexamod:SoulConsumer":0,"hexamod:SpiritBrand":0},{"Singing Bowl":11,"Gremlin Horn":18,"hexamod:SoulConsumer":0,"hexamod:SpiritBrand":0}]},"card_choices":[{"not_picked":["hexamod:Firestarter","hexamod:RadiantFlame"],"picked":"hexamod:NightmareStrike","floor":2},{"not_picked":["hexamod:GhostflameBarrier","hexamod:HauntingEcho"],"picked":"hexamod:EmpoweredFlame","floor":3},{"not_picked":["hexamod:RetreatToShadows","hexamod:GhostShield","hexamod:Firestarter"],"picked":"SKIP","floor":4},{"not_picked":["hexamod:GhostLash","hexamod:Rewind"],"picked":"hexamod:GhostflameBarrier","floor":5},{"not_picked":["hexamod:HexaLevel","hexamod:GiftsFromTheDead"],"picked":"hexamod:TurnItUp","floor":8},{"not_picked":["hexamod:Toasty","hexamod:CrushingStance"],"picked":"hexamod:ParanormalForm","floor":8}],"player_experience":1462280,"relics_obtained":[{"floor":7,"key":"Singing Bowl"},{"floor":8,"key":"Gremlin Horn"}],"event_choices":[{"cards_removed":["hexamod:PowerFromBeyond"],"damage_healed":6,"gold_gain":0,"player_choice":"Offered Uncommon","damage_taken":0,"max_hp_gain":0,"max_hp_loss":0,"event_name":"Bonfire Elementals","floor":10,"gold_loss":0}],"is_beta":false,"boss_relics":[],"items_purged_floors":[],"is_endless":false,"potions_floor_spawned":[4,8],"killed_by":"Lagavulin","ascension_level":1}}