{"host":"f5uumzf5hfexzk8l","time":1610307877,"event":{"mods":["AchievementEnabler","BaseMod","Bestiary","Colored Map","Googly Eyes","Minty Spire (QoL Compilation)","Permanent Neow","Relic Sorter","Relic Stats","SuperFastMode","Unceasing Turn Reminder","everything is the same but u backflip on backflip"],"gold_per_floor":[117,136,150,170,180,180,180],"floor_reached":6,"playtime":234,"items_purged":[],"score":68,"play_id":"bc6345db-e235-4ac2-99f7-5ccbefe356cd","local_time":"20210110114437","is_ascension_mode":true,"campfire_choices":[],"circlet_count":0,"master_deck":["AscendersBane","Strike_P","Strike_P","Strike_P","Strike_P","Defend_P","Defend_P","Defend_P","Defend_P","Eruption","Vigilance","Ragnarok","EmptyFist","WreathOfFlame","ThirdEye"],"relics":["PureWater"],"acts_visited":["Exordium"],"potions_floor_usage":[],"damage_taken":[{"damage":0,"enemies":"Cultist","floor":1,"turns":3},{"damage":2,"enemies":"Jaw Worm","floor":2,"turns":3},{"damage":10,"enemies":"Small Slimes","floor":3,"turns":4},{"damage":1,"enemies":"Red Slaver","floor":4,"turns":2},{"damage":11,"enemies":"Blue Slaver","floor":5,"turns":5},{"damage":5,"enemies":"3 Sentries","floor":6,"turns":1}],"seed_played":"-8988757067459483649","potions_obtained":[{"floor":2,"key":"Weak Potion"},{"floor":3,"key":"Dexterity Potion"}],"is_trial":false,"path_per_floor":["M","M","M","M","M","E"],"character_chosen":"WATCHER","items_purchased":[],"campfire_rested":0,"item_purchase_floors":[],"current_hp_per_floor":[43,41,31,30,19,14,14],"gold":180,"neow_bonus":"THREE_RARE_CARDS","is_daily":false,"chose_seed":false,"campfire_upgraded":0,"win_rate":0.0,"timestamp":1610307877,"path_taken":["M","M","M","M","M","E"],"items_purchased_type":[],"build_version":"2020-12-22","purchased_purges":0,"victory":false,"max_hp_per_floor":[68,68,68,68,68,68,68],"relic_stats":{"counters":[6,18],"obtain_stats":[{"PureWater":0},{"PureWater":0},{"PureWater":0}]},"card_choices":[{"not_picked":["Omniscience","Brilliance"],"picked":"Ragnarok","floor":0},{"not_picked":["Prostrate","Fasting2","SignatureMove"],"picked":"SKIP","floor":1},{"not_picked":["Consecrate","FlyingSleeves"],"picked":"EmptyFist","floor":2},{"not_picked":["JustLucky","Prostrate","Adaptation"],"picked":"SKIP","floor":3},{"not_picked":["Weave","ThirdEye"],"picked":"WreathOfFlame","floor":4},{"not_picked":["FlurryOfBlows","Alpha"],"picked":"ThirdEye","floor":5}],"player_experience":390492,"relics_obtained":[],"event_choices":[],"is_beta":false,"boss_relics":[],"items_purged_floors":[],"is_endless":false,"potions_floor_spawned":[2,3],"killed_by":"3 Sentries","ascension_level":14}}