{"host":"cv77zuuuekizn3ic","time":1610263671,"event":{"mods":["AchievementEnabler","BaseMod","Marisa£®ÏF”Í°°ƒß¿Ì…≥£©","Minty Spire (QoL Compilation)","StSLib","Waifu the Spire","everything is the same but u backflip on backflip","slay the spire mod where everything is the same but ironclad has a cowboy hat"],"gold_per_floor":[117,117,188,198,198,198,223,235,260,260,271,290,318,8,8,87,87,101,132,35,85,99,99,134,134,134,134,134],"floor_reached":27,"playtime":1114,"items_purged":["Strike_R"],"score":528,"play_id":"0fea261e-4562-4721-babf-385d2267c508","local_time":"20210110152751","is_ascension_mode":true,"campfire_choices":[{"data":"Battle Trance","floor":6.0,"key":"SMITH"},{"data":"Flex","floor":10.0,"key":"SMITH"},{"data":"Armaments","floor":15.0,"key":"SMITH"},{"data":"Limit Break","floor":23.0,"key":"SMITH"}],"circlet_count":0,"master_deck":["AscendersBane","Strike_R","Strike_R","Strike_R","Defend_R","Defend_R","Defend_R","Defend_R","Bash","Battle Trance+1","Limit Break+1","Reckless Charge","Ghostly Armor","Flex+1","Flex","Twin Strike","Armaments+1","Intimidate","Flash of Steel","Impervious","Headbutt","Purity","Disarm","Feed","Second Wind"],"relics":["Black Blood","NeowsBlessing","Bag of Preparation","Self Forming Clay","Prayer Wheel","Blood Vial","Smiling Mask","Omamori","Red Mask","Orichalcum","Question Card"],"acts_visited":["Exordium","TheCity"],"potions_floor_usage":[27],"damage_taken":[{"damage":0.0,"enemies":"Jaw Worm","floor":1.0,"turns":1.0},{"damage":0.0,"enemies":"2 Louse","floor":4.0,"turns":1.0},{"damage":0.0,"enemies":"Gremlin Nob","floor":7.0,"turns":1.0},{"damage":11.0,"enemies":"Small Slimes","floor":8.0,"turns":4.0},{"damage":7.0,"enemies":"Exordium Wildlife","floor":11.0,"turns":4.0},{"damage":7.0,"enemies":"3 Louse","floor":12.0,"turns":3.0},{"damage":9.0,"enemies":"Lagavulin","floor":13.0,"turns":7.0},{"damage":17.0,"enemies":"Hexaghost","floor":16.0,"turns":9.0},{"damage":28.0,"enemies":"Chosen","floor":18.0,"turns":5.0},{"damage":17.0,"enemies":"Masked Bandits","floor":19.0,"turns":4.0},{"damage":9.0,"enemies":"Shell Parasite","floor":22.0,"turns":8.0},{"damage":39.0,"enemies":"Book of Stabbing","floor":24.0,"turns":6.0},{"damage":50,"enemies":"Slavers","floor":27,"turns":4}],"seed_played":"-2204609419522687211","potions_obtained":[{"floor":1.0,"key":"SmokeBomb"},{"floor":4.0,"key":"SkillPotion"},{"floor":8.0,"key":"EssenceOfSteel"},{"floor":12.0,"key":"Dexterity Potion"},{"floor":18.0,"key":"PowerPotion"}],"is_trial":false,"path_per_floor":["M","?","T","M","?","R","E","M","T","R","M","M","E","$","R","B",null,"M","?","$","?","M","R","E","?","T","E"],"character_chosen":"IRONCLAD","items_purchased":["Flash of Steel","Omamori","Purity"],"campfire_rested":0,"item_purchase_floors":[14,14,20],"current_hp_per_floor":[74,29,29,35,28,28,34,29,29,29,30,31,30,30,30,21,62,48,45,45,45,50,50,29,29,29,0,0],"gold":134,"neow_bonus":"THREE_ENEMY_KILL","is_daily":false,"chose_seed":false,"campfire_upgraded":4,"win_rate":0.0,"timestamp":1610263671,"path_taken":["M","?","?","M","?","R","E","?","T","R","M","M","E","$","R","BOSS","M","?","$","?","M","R","E","?","T","E"],"items_purchased_type":["Card","Relic","Card"],"build_version":"2020-12-22","purchased_purges":1,"victory":false,"max_hp_per_floor":[75,75,75,75,75,75,75,75,75,75,75,75,75,75,75,75,75,75,75,75,75,75,75,79,79,79,79,79],"card_choices":[{"not_picked":["Blood for Blood","Headbutt"],"picked":"Battle Trance","floor":1.0},{"not_picked":["Shrug It Off","Wild Strike"],"picked":"Limit Break","floor":4.0},{"not_picked":["Iron Wave","Infernal Blade"],"picked":"Reckless Charge","floor":7.0},{"not_picked":["Flex","Body Slam"],"picked":"Ghostly Armor","floor":8.0},{"not_picked":["Perfected Strike","Uppercut"],"picked":"Flex","floor":8.0},{"not_picked":["True Grit","Anger"],"picked":"Flex","floor":11.0},{"not_picked":["Rampage","Feel No Pain","Heavy Blade"],"picked":"SKIP","floor":11.0},{"not_picked":["Clash","Thunderclap"],"picked":"Twin Strike","floor":12.0},{"not_picked":["Sever Soul","Bludgeon"],"picked":"Armaments","floor":12.0},{"not_picked":["Perfected Strike","Rampage"],"picked":"Intimidate","floor":13.0},{"not_picked":["Berserk","Barricade"],"picked":"Impervious","floor":16.0},{"not_picked":["Body Slam","Wild Strike"],"picked":"Headbutt","floor":18.0},{"not_picked":["Flex","Havoc","Reckless Charge"],"picked":"SKIP","floor":18.0},{"not_picked":["Wild Strike","Infernal Blade"],"picked":"Disarm","floor":22.0},{"not_picked":["Wild Strike","Rampage"],"picked":"Feed","floor":22.0},{"not_picked":["Warcry","Iron Wave"],"picked":"Second Wind","floor":24.0}],"player_experience":822673,"relics_obtained":[{"floor":3.0,"key":"Self Forming Clay"},{"floor":7.0,"key":"Prayer Wheel"},{"floor":9.0,"key":"Blood Vial"},{"floor":13.0,"key":"Smiling Mask"},{"floor":19.0,"key":"Red Mask"},{"floor":24.0,"key":"Orichalcum"},{"floor":26,"key":"Question Card"}],"event_choices":[{"damage_healed":0.0,"max_hp_gain":0.0,"max_hp_loss":0.0,"gold_gain":0.0,"event_name":"Scrap Ooze","player_choice":"Success","floor":2.0,"gold_loss":0.0,"damage_taken":45.0,"relics_obtained":["Bag of Preparation"]},{"cards_removed":["Strike_R"],"damage_healed":0.0,"max_hp_gain":0.0,"max_hp_loss":0.0,"gold_gain":0.0,"event_name":"Golden Wing","player_choice":"Card Removal","floor":5.0,"gold_loss":0.0,"damage_taken":7.0},{"damage_healed":0.0,"max_hp_gain":0.0,"max_hp_loss":0.0,"gold_gain":0.0,"event_name":"Masked Bandits","player_choice":"Fought Bandits","floor":19.0,"gold_loss":0.0,"damage_taken":0.0},{"damage_healed":0.0,"max_hp_gain":0.0,"max_hp_loss":0.0,"gold_gain":50.0,"event_name":"Nest","player_choice":"Stole From Cult","floor":21.0,"gold_loss":0.0,"damage_taken":0.0},{"damage_healed":0,"gold_gain":0,"player_choice":"Ignored","damage_taken":0,"max_hp_gain":0,"max_hp_loss":0,"event_name":"Cursed Tome","floor":25,"gold_loss":0}],"is_beta":false,"boss_relics":[{"not_picked":["Ectoplasm","Runic Dome"],"picked":"Black Blood"}],"items_purged_floors":[14],"is_endless":false,"potions_floor_spawned":[1,4,8,12,18],"killed_by":"Slavers","ascension_level":20}}