{"host":"mike","time":1610239049,"event":{"mods":["BaseMod","Downfall","Highlight Path","Minty Spire (QoL Compilation)","Random Character Button","Relic Stats","StSLib"],"gold_per_floor":[99,118,130,230,43,43,43,56,90,102,120,120,45,79,95,194,194,194,213,233,233,233,158,207,223,236,236,266,351,351,367,387,483,483,483,501,516,528,544,544,544,232,248,173,193,210,240,254,273,273,273,273],"floor_reached":50,"playtime":5080,"items_purged":["champ:Strike"],"score":562,"play_id":"ee5d17d7-10c8-41ab-a523-adfaccb87c1e","local_time":"20210109193729","is_ascension_mode":false,"campfire_choices":[{"data":"champ:Taunt","floor":1,"key":"SMITH"},{"floor":13,"key":"REST"},{"floor":18,"key":"RECALL"},{"data":"champ:SkillfulDodge","floor":23,"key":"SMITH"},{"data":"champ:Improvising","floor":27,"key":"SMITH"},{"data":"champ:Control","floor":35,"key":"SMITH"},{"data":"champ:ViciousMockery","floor":40,"key":"SMITH"},{"data":"champ:Execute","floor":44,"key":"SMITH"}],"circlet_count":0,"master_deck":["champ:Strike","champ:Defend","champ:Defend","champ:Defend","champ:Defend","champ:Execute+1","champ:Taunt+1","champ:FocusedDefense","champ:CrookedStrike","champ:Control+1","champ:BerserkerStyle","champ:IgnorePain","expansioncontent:AwakenDeath","champ:DefensiveShout","champ:DefensiveStyle","champ:SkillfulDodge+1","champ:BringItOn","champ:FocusedBerserking","champ:Improvising+1","champ:ShieldThrow","champ:SkillfulDodge+1","champ:Encircle","champ:LastStand","champ:Circumvent+1","champ:IronFortress","champ:DeathBlow+1","champ:TornadoPunch","champ:ShieldWall","champ:ShieldSlam","champ:HeartStrike+1","champ:ViciousMockery+1","champ:ShieldThrow","champ:RapidStrikes","champ:ArenaPreparation+1"],"relics":["champ:ChampionCrown","CloakClasp","InkBottle","Boot","downfall:HeartBlessingGreen","Eternal Feather","Coffee Dripper","downfall:HeartBlessingRed","champ:DefensiveTrainingManual","Ancient Tea Set","Black Star","Medical Kit","downfall:HeartBlessingBlue","Lizard Tail","Bird Faced Urn"],"acts_visited":["Exordium","TheCity","TheBeyond"],"potions_floor_usage":[4,11,19,32,47,47],"damage_taken":[{"damage":14,"enemies":"Small Slimes","floor":2,"turns":4},{"damage":5,"enemies":"2 Louse","floor":3,"turns":4},{"damage":68,"enemies":"2 Louse","floor":4,"turns":16},{"damage":12,"enemies":"downfall:FleeingMerchant","floor":5,"turns":4},{"damage":8,"enemies":"Cultist","floor":8,"turns":4},{"damage":48,"enemies":"Gremlin Nob","floor":9,"turns":6},{"damage":13,"enemies":"2 Fungi Beasts","floor":10,"turns":4},{"damage":22,"enemies":"Exordium Thugs","floor":11,"turns":7},{"damage":32,"enemies":"Lagavulin","floor":14,"turns":9},{"damage":10,"enemies":"3 Louse","floor":15,"turns":3},{"damage":50,"enemies":"downfall:Watcher","floor":16,"turns":11},{"damage":15,"enemies":"Spheric Guardian","floor":19,"turns":4},{"damage":13,"enemies":"Chosen","floor":20,"turns":6},{"damage":36,"enemies":"Snake Plant","floor":25,"turns":5},{"damage":17,"enemies":"Shelled Parasite and Fungi","floor":26,"turns":5},{"damage":49,"enemies":"Gremlin Leader","floor":28,"turns":12},{"damage":25,"enemies":"Snecko","floor":31,"turns":5},{"damage":40,"enemies":"Centurion and Healer","floor":32,"turns":5},{"damage":45,"enemies":"downfall:Ironclad","floor":33,"turns":10},{"damage":14,"enemies":"Orb Walker","floor":36,"turns":5},{"damage":37,"enemies":"3 Shapes","floor":37,"turns":6},{"damage":13,"enemies":"Jaw Worm Horde","floor":38,"turns":4},{"damage":69,"enemies":"Maw","floor":39,"turns":8},{"damage":49,"enemies":"downfall:FleeingMerchant","floor":42,"turns":4},{"damage":15,"enemies":"4 Shapes","floor":43,"turns":7},{"damage":42,"enemies":"Sphere and 2 Shapes","floor":45,"turns":5},{"damage":65,"enemies":"Jaw Worm Horde","floor":46,"turns":4},{"damage":83,"enemies":"Nemesis","floor":47,"turns":7},{"damage":50,"enemies":"Transient","floor":48,"turns":5},{"damage":107,"enemies":"Spire Growth","floor":49,"turns":6},{"damage":69,"enemies":"downfall:Defect","floor":50,"turns":7}],"seed_played":"-60740716057945450","potions_obtained":[{"floor":3,"key":"champ:TechniquePotion"},{"floor":4,"key":"Block Potion"},{"floor":8,"key":"Swift Potion"},{"floor":9,"key":"LiquidMemories"},{"floor":14,"key":"champ:OpenerPotion"},{"floor":20,"key":"Block Potion"},{"floor":39,"key":"Ancient Potion"},{"floor":47,"key":"FairyPotion"},{"floor":48,"key":"SteroidPotion"},{"floor":49,"key":"LiquidBronze"}],"is_trial":false,"path_per_floor":["R","M","M","?","$","?","T","M","E","M","M","?","R","E","M","B",null,"R","M","M","?","?","R","T","M","M","R","E","?","?","M","M","B",null,"R","M","M","M","M","R","T","$","M","R","M","M","E","M","M","B"],"character_chosen":"THE_CHAMP","items_purchased":["champ:IgnorePain","expansioncontent:AwakenDeath","Medical Kit","champ:RapidStrikes"],"campfire_rested":1,"item_purchase_floors":[5,5,42,42],"current_hp_per_floor":[99,93,93,50,50,35,35,35,22,22,18,18,47,40,40,27,99,99,94,86,86,86,98,98,85,85,99,77,59,59,59,59,39,99,99,92,85,85,78,96,96,84,84,109,91,45,32,15,59,0,0,0],"gold":273,"neow_bonus":"TEN_PERCENT_HP_BONUS","is_daily":false,"chose_seed":false,"campfire_upgraded":6,"win_rate":0.0,"timestamp":1610239049,"path_taken":["R","M","M","?","$","?","T","M","E","M","?","?","R","E","M","BOSS","R","M","M","?","?","R","T","M","?","R","E","?","?","M","M","BOSS","R","M","M","M","M","R","T","$","M","R","M","M","E","M","M","BOSS"],"items_purchased_type":["Card","Card","Relic","Card"],"build_version":"2020-12-18","purchased_purges":1,"victory":false,"max_hp_per_floor":[99,99,99,99,99,99,99,99,99,99,99,99,99,99,99,99,99,99,99,99,99,99,99,99,99,99,99,99,99,99,99,99,99,99,99,99,99,99,99,99,99,99,99,109,109,109,109,109,109,109,109,109],"relic_stats":{"Lizard Tail":54,"counters":[31,192],"Bird Faced Urn":[22],"Eternal Feather":59,"CloakClasp":[322],"Black Star":1,"Boot":[64],"Medical Kit":[0],"obtain_stats":[{"downfall:HeartBlessingRed":23,"champ:ChampionCrown":0,"downfall:HeartBlessingGreen":13,"Eternal Feather":14,"CloakClasp":4,"Boot":9,"Ancient Tea Set":28,"Medical Kit":42,"Lizard Tail":47,"champ:DefensiveTrainingManual":24,"downfall:HeartBlessingBlue":44,"Bird Faced Urn":47,"Coffee Dripper":17,"Black Star":34,"InkBottle":7},{"downfall:HeartBlessingRed":13,"champ:ChampionCrown":0,"downfall:HeartBlessingGreen":8,"Eternal Feather":9,"CloakClasp":3,"Boot":6,"Ancient Tea Set":16,"Medical Kit":24,"Lizard Tail":28,"champ:DefensiveTrainingManual":13,"downfall:HeartBlessingBlue":25,"Bird Faced Urn":28,"Coffee Dripper":11,"Black Star":19,"InkBottle":4},{"downfall:HeartBlessingRed":82,"champ:ChampionCrown":0,"downfall:HeartBlessingGreen":49,"Eternal Feather":58,"CloakClasp":24,"Boot":38,"Ancient Tea Set":104,"Medical Kit":151,"Lizard Tail":174,"champ:DefensiveTrainingManual":82,"downfall:HeartBlessingBlue":158,"Bird Faced Urn":174,"Coffee Dripper":72,"Black Star":124,"InkBottle":28}],"InkBottle":[62]},"card_choices":[{"not_picked":["champ:GutPunch","champ:FalseCounter"],"picked":"champ:FocusedDefense","floor":2},{"not_picked":["champ:PerfectedStrike","champ:StanceDance"],"picked":"champ:CrookedStrike","floor":3},{"not_picked":["champ:FanOfKnives","champ:GladiatorsShout"],"picked":"champ:Control","floor":4},{"not_picked":["champ:CrookedStrike","champ:BladeFlurry"],"picked":"champ:BerserkerStyle","floor":5},{"not_picked":["champ:PerfectedStrike","champ:Backstep"],"picked":"champ:DefensiveShout","floor":8},{"not_picked":["champ:BladeFlurry","champ:FanOfKnives"],"picked":"champ:DefensiveStyle","floor":9},{"not_picked":["champ:Duel","champ:Haymaker"],"picked":"champ:SkillfulDodge","floor":10},{"not_picked":["champ:Haymaker","champ:CrookedStrike"],"picked":"champ:BringItOn","floor":11},{"not_picked":["champ:TornadoPunch","champ:StanceDance"],"picked":"champ:Improvising","floor":14},{"not_picked":["champ:Haymaker","champ:BerserkersShout","champ:DefensiveShout"],"picked":"SKIP","floor":15},{"not_picked":["champ:MurderStrike","champ:IgnorePain"],"picked":"champ:ShieldThrow","floor":16},{"not_picked":["champ:BringItOn","champ:FanOfKnives"],"picked":"champ:SkillfulDodge+1","floor":19},{"not_picked":["champ:BladeFlurry","champ:BerserkersShout"],"picked":"champ:Encircle","floor":20},{"not_picked":["champ:ShieldSlam","champ:FocusedGladiator+1"],"picked":"champ:Circumvent+1","floor":25},{"not_picked":["champ:EnragedBash","champ:DefensiveStyle+1"],"picked":"champ:IronFortress","floor":26},{"not_picked":["champ:FlashCut","champ:BerserkersShout"],"picked":"champ:DeathBlow+1","floor":28},{"not_picked":["champ:AdrenalArmor","champ:FlashCut"],"picked":"champ:TornadoPunch","floor":31},{"not_picked":["champ:RisingSlash","champ:StanceDance"],"picked":"champ:ShieldWall","floor":32},{"not_picked":["champ:StrikeOfGenius","champ:CheapShot"],"picked":"champ:ShieldSlam","floor":33},{"not_picked":["champ:FightOn","champ:DefensiveShout","champ:BerserkersShout+1"],"picked":"SKIP","floor":36},{"not_picked":["champ:AdrenalArmor+1","champ:EnragedBash+1"],"picked":"champ:HeartStrike+1","floor":37},{"not_picked":["champ:FanOfKnives","champ:PreciseThrust+1","champ:FaceSlap"],"picked":"SKIP","floor":38},{"not_picked":["champ:Balance","champ:BringItOn+1"],"picked":"champ:ViciousMockery","floor":39},{"not_picked":["champ:BerserkersShout+1","champ:DeathBlow+1"],"picked":"champ:ShieldThrow","floor":42},{"not_picked":["champ:RapidStrikes+1","champ:CrookedStrike+1","champ:DefensiveShout"],"picked":"SKIP","floor":43},{"not_picked":["champ:Riposte","champ:GladiatorsShout+1","champ:DefensiveShout"],"picked":"SKIP","floor":45},{"not_picked":["champ:BringItOn+1","champ:FanOfKnives+1","champ:DefensiveShout+1"],"picked":"SKIP","floor":46},{"not_picked":["champ:FocusedGladiator","champ:GutPunch"],"picked":"champ:ArenaPreparation+1","floor":47},{"not_picked":["champ:GladiatorsShout","champ:PerfectedStrike+1","champ:TornadoPunch+1"],"picked":"SKIP","floor":48},{"not_picked":["champ:Devastate","champ:FlashCut","champ:FocusedGladiator+1"],"picked":"SKIP","floor":49}],"player_experience":260223,"relics_obtained":[{"floor":4,"key":"CloakClasp"},{"floor":7,"key":"InkBottle"},{"floor":9,"key":"Boot"},{"floor":14,"key":"Eternal Feather"},{"floor":24,"key":"champ:DefensiveTrainingManual"},{"floor":28,"key":"Ancient Tea Set"},{"floor":47,"key":"Lizard Tail"},{"floor":47,"key":"Bird Faced Urn"}],"event_choices":[{"damage_healed":0,"gold_gain":0,"cards_transformed":["champ:Strike"],"player_choice":"Change","damage_taken":0,"max_hp_gain":0,"max_hp_loss":0,"event_name":"Living Wall","floor":12,"gold_loss":0,"cards_obtained":["champ:FocusedBerserking"]},{"damage_healed":0,"gold_gain":0,"cards_transformed":["champ:Strike"],"player_choice":"Transformed","damage_taken":0,"max_hp_gain":0,"max_hp_loss":0,"event_name":"Transmorgrifier","floor":22,"gold_loss":0,"cards_obtained":["champ:LastStand"]},{"damage_healed":0,"gold_gain":0,"player_choice":"Leave","damage_taken":0,"max_hp_gain":0,"max_hp_loss":0,"event_name":"FaceTrader","floor":30,"gold_loss":0}],"is_beta":true,"boss_relics":[{"not_picked":["Runic Pyramid","Snecko Eye"],"picked":"Coffee Dripper"},{"not_picked":["Philosopher\u0027s Stone","Astrolabe"],"picked":"Black Star"}],"items_purged_floors":[42],"is_endless":false,"potions_floor_spawned":[3,4,8,9,14,15,16,20,26,28,39,43,45,47,48,49],"killed_by":"downfall:Defect","ascension_level":0}}