{"host":"61ejhfsushs0xmcl","time":1610258182,"event":{"mods":["ATMod(阿瑾Mod)","Act Like it!","BaseMod","Colored Map","Gold Saver","Minty Spire (QoL Compilation)","MostiFishMod","Spicy Shops","StSLib","TestMod","Waifu the Spire","[IsaacMod]以撒尖塔","vexMod","【遗物卡牌】REMEMod","篝火指南"],"gold_per_floor":[2199,2199,2599,2599,2617,2619,2619,2657,2657,2697,2772,2119,2135,2148,1411,1502,1502,1518,1518,1518,1542,1542,1578,1264,1289,1314,1314,1358,1376,1415,1434,1080,1171,1171,1187,742,742,762,797,848,695,627,639,569,484,817,817,846,557,557,557,557,475,105,133,133],"floor_reached":57,"playtime":3562,"items_purged":["Writhe","Injury","Strike_G","Defend_G","Strike_G+1","Defend_G","Defend_G","Defend_G+1","Injury"],"score":3668,"play_id":"3691d187-0fba-4037-afdd-21d0f0e6b75b","local_time":"20210110135622","is_ascension_mode":true,"campfire_choices":[{"floor":27,"key":"RECALL"}],"circlet_count":0,"master_deck":["AscendersBane","Survivor+1","AT_ThistleTea+1","MostiFishMod:StoryBook+1","Juggernaut+1","Footwork+1","MostiFishMod:Dislodge+1","AT_WindFlip+1","Burst+1","Doppelganger+1","AT_KneejerkReflex+1","Acrobatics+1","Acrobatics+1","Wraith Form v2+1","Envenom+1","Wraith Form v2+1","AT_Desolate+1","Caltrops+1","MostiFishMod:AdrenalineArouse+1","Setup+1","MostiFishMod:Listen+1","MostiFishMod:SpreadingSpore+1","Blur+1","Parasite"],"relics":["Ring of the Snake","testmod-TestBox","AT_ATBox","REME_ComplimentaryCards","HushsDoor","BelialBook","testmod-BouquetWithThorns","DianDianMeat","SynthV:TestCard","RhineFirstAidKit","HowToJump","AT_SilvercatRing","testmod-TurbochargingSystem","OrangePellets","BookOfRevelations","AT_BellowingDragoncrestRing","GnawedLeaf","AT_SeraphEmbrace","DaCapo","Astrolabe","DeathBook","Damocles","GuppysHairball","testmod-Antiphasic","Mummified Hand","AT_RedTearstoneRing","Bag of Preparation","Dodecahedron","vexMod:ScavengeHelm","MaYiHuaBei","testmod-Justice","AT_EbonyIvory","Akabeko","Anchor","AT_BellDemon","MealTicket","UnicornStump","Ying","Toxic Egg 2","ChiXiaoBlade","GuppysCollar","SatanicBible","Pen Nib","AT_RedNoBalance","Orrery","Lantern","MawBank","AnarchistCookbook","testmod-LifeArmor","WingedGreaves","Ancient Tea Set","Juzu Bracelet","Shuriken","Prayer Wheel","Nunchaku","Sundial","REME_CardOfGreed","Snake Skull","testmod-RealStoneCalender","MoneyPower","Vajra","Chemical X","Oddly Smooth Stone","testmod-ArcanaOfDestiny","SalivaCoin","AT_ForceNature","Art of War"],"acts_visited":["Exordium","TheCity","TheBeyond","TheEnding"],"potions_floor_usage":[16,51,51,56,56,56,56,56],"damage_taken":[{"damage":15.0,"enemies":"Small Slimes","floor":1.0,"turns":4.0},{"damage":8.0,"enemies":"2 Louse","floor":5.0,"turns":2.0},{"damage":5.0,"enemies":"Lagavulin","floor":6.0,"turns":6.0},{"damage":3.0,"enemies":"Gremlin Nob","floor":8.0,"turns":3.0},{"damage":8.0,"enemies":"3 Sentries","floor":10.0,"turns":2.0},{"damage":0,"enemies":"Jaw Worm","floor":13,"turns":1},{"damage":0,"enemies":"2 Fungi Beasts","floor":14,"turns":3},{"damage":6,"enemies":"Hexaghost","floor":16,"turns":4},{"damage":0,"enemies":"Shell Parasite","floor":18,"turns":1},{"damage":0,"enemies":"Chosen","floor":21,"turns":3},{"damage":0,"enemies":"Slavers","floor":23,"turns":2},{"damage":0,"enemies":"Snecko","floor":25,"turns":2},{"damage":0,"enemies":"Book of Stabbing","floor":28,"turns":2},{"damage":0,"enemies":"Shelled Parasite and Fungi","floor":29,"turns":2},{"damage":0,"enemies":"Slavers","floor":30,"turns":1},{"damage":0,"enemies":"Snake Plant","floor":31,"turns":1},{"damage":0,"enemies":"Automaton","floor":33,"turns":2},{"damage":0,"enemies":"3 Darklings","floor":35,"turns":1},{"damage":0,"enemies":"3 Shapes","floor":38,"turns":1},{"damage":0,"enemies":"Maw","floor":39,"turns":2},{"damage":0,"enemies":"Nemesis","floor":40,"turns":1},{"damage":0,"enemies":"Giant Head","floor":48,"turns":1},{"damage":1,"enemies":"Awakened One","floor":50,"turns":2},{"damage":0,"enemies":"Donu and Deca","floor":51,"turns":1},{"damage":0,"enemies":"Shield and Spear","floor":55,"turns":1},{"damage":0,"enemies":"Delirium","floor":56,"turns":12}],"seed_played":"-7784549195226337882","potions_obtained":[{"floor":6.0,"key":"Fire Potion"},{"floor":10.0,"key":"testmod-TimePotion"},{"floor":14,"key":"PowerPotion"},{"floor":18,"key":"CunningPotion"},{"floor":25,"key":"testmod-TestPotion"},{"floor":28,"key":"Regen Potion"},{"floor":30,"key":"ColorlessPotion"}],"is_trial":false,"path_per_floor":["M","?","?","?","M","E","?","E","T","E","?","R","M","M","R","B",null,"M","?","?","M","?","E","R","M","T","R","E","M","E","M","R","B",null,"M","$","?","M","M","E","R","R","T","$","R","?","?","E","R","B","B",null,"R","$","E","B",null],"character_chosen":"THE_SILENT","items_purchased":["OrangePellets","BookOfRevelations","AT_BellowingDragoncrestRing","GnawedLeaf","AT_ArchangelStaff","DaCapo","DeathBook","Damocles","GuppysHairball","Dodecahedron","Ying","vexMod:EmailVexCard","GuppysCollar","SatanicBible","Setup+1","Orrery","Lantern","Prayer Wheel","Nunchaku","REME_CardOfGreed","Snake Skull","Chemical X","Oddly Smooth Stone","testmod-ArcanaOfDestiny","Blur+1"],"campfire_rested":0,"item_purchase_floors":[12,12,12,12,15,15,17,17,17,24,32,32,34,34,34,36,36,41,42,44,45,49,53,54,54],"current_hp_per_floor":[54,54,54,31,28,29,29,33,33,94,83,92,92,92,92,96,114,114,128,128,143,176,194,194,213,213,213,233,233,233,233,254,276,266,266,315,315,315,315,315,315,315,315,315,315,315,315,315,341,340,340,341,341,368,368,396],"gold":133,"neow_bonus":"RANDOM_COLORLESS_2","is_daily":false,"chose_seed":false,"campfire_upgraded":0,"win_rate":0.0,"timestamp":1610258182,"path_taken":["M","?","?","?","?","E","?","E","T","E","?","R","M","M","R","BOSS","M","?","?","M","?","E","R","M","T","R","E","M","E","M","R","BOSS","M","$","?","M","?","E","R","R","T","$","R","?","?","E","R","BOSS","BOSS","R","$","E","BOSS"],"items_purchased_type":["Relic","Relic","Relic","Relic","Relic","Relic","Relic","Relic","Relic","Relic","Relic","Card","Relic","Relic","Card","Relic","Relic","Relic","Relic","Relic","Relic","Relic","Relic","Relic","Card"],"build_version":"2020-12-22","purchased_purges":9,"victory":true,"max_hp_per_floor":[76,76,76,76,81,87,79,86,86,94,94,103,103,103,103,113,114,114,128,128,143,176,194,194,213,213,213,233,233,233,233,254,276,266,266,315,315,315,315,315,315,315,315,315,315,315,315,315,341,341,341,341,341,368,368,396],"card_choices":[{"not_picked":[],"picked":"Bomb","floor":0.0},{"not_picked":["testmod-RepeatForm","testmod-CardIndex"],"picked":"MostiFishMod:StoryBook","floor":0.0},{"not_picked":["Dagger Spray","Finisher","Backflip"],"picked":"SKIP","floor":1.0},{"not_picked":["Acrobatics","AT_KneejerkReflex","Bane","AT_ShadowStep"],"picked":"Footwork","floor":5.0},{"not_picked":["Sucker Punch","Riddle With Holes","Predator","AT_ShadowStep"],"picked":"Bomb","floor":6.0},{"not_picked":["Dodge and Roll","Skewer","Poisoned Stab","Backflip"],"picked":"MostiFishMod:Dislodge","floor":8.0},{"not_picked":["Expertise","Predator","Eviscerate","Flying Knee"],"picked":"AT_WindFlip","floor":10.0},{"not_picked":["Sucker Punch","Dagger Spray","Dodge and Roll","Dagger Throw","Prepared"],"picked":"SKIP","floor":13},{"not_picked":["MostiFishMod:HiddenBlade","Finisher","Dodge and Roll","Blade Dance","Dagger Spray"],"picked":"SKIP","floor":14},{"not_picked":["MostiFishMod:Opportunism","A Thousand Cuts","Venomology","REME_ShadowForm"],"picked":"MostiFishMod:FullyArmed","floor":16},{"not_picked":["Footwork","Expertise","Cloak And Dagger+1","Riddle With Holes","Blade Dance"],"picked":"SKIP","floor":18},{"not_picked":["AT_TwilightShroud","Deadly Poison","Backflip","Poisoned Stab"],"picked":"Acrobatics","floor":21},{"not_picked":["PiercingWail","Poisoned Stab","Acrobatics","Footwork"],"picked":"Wraith Form v2","floor":23},{"not_picked":["Dagger Spray","Backflip","AT_WindFlip","Deadly Poison"],"picked":"AT_Desolate","floor":25},{"not_picked":["Bane","Catalyst","Deadly Poison","Backflip"],"picked":"Caltrops","floor":28},{"not_picked":["Accuracy","AT_WindFlip","Dodge and Roll","Dash","Bullet Time"],"picked":"SKIP","floor":29},{"not_picked":["Concentrate+1","Poisoned Stab","Backflip","Acrobatics+1","Sucker Punch"],"picked":"SKIP","floor":30},{"not_picked":["Deflect","Acrobatics","Deadly Poison","Dodge and Roll","Prepared+1"],"picked":"SKIP","floor":31},{"not_picked":["Malaise+1","MostiFishMod:Dislodge+1","Glass Knife","Doppelganger+1"],"picked":"MostiFishMod:AdrenalineArouse+1","floor":33},{"not_picked":["Dagger Throw","Deflect+1","AT_WindRun+1","AT_ShadowStep+1","PiercingWail+1"],"picked":"SKIP","floor":35},{"not_picked":["Masterful Stab","Dagger Spray","AT_WindFlip","Skewer"],"picked":"MostiFishMod:Listen+1","floor":36},{"not_picked":["Prepared+1","Quick Slash","Backflip+1","Deadly Poison+1"],"picked":"MostiFishMod:SpreadingSpore+1","floor":36},{"not_picked":["MostiFishMod:GrandStart","Prepared+1","Finisher","Bane+1","Flying Knee+1"],"picked":"SKIP","floor":38},{"not_picked":["AT_FocusSwordFire+1","Bane","REME_GreenPollution","Predator","Acrobatics+1"],"picked":"SKIP","floor":39},{"not_picked":["Bullet Time+1","Sucker Punch+1","Flechettes","Well Laid Plans+1","MostiFishMod:InvigoratingSolution+1"],"picked":"SKIP","floor":40},{"not_picked":["Dagger Throw","Sucker Punch","AT_WindFlip","MostiFishMod:InvigoratingSolution+1","Quick Slash"],"picked":"SKIP","floor":48},{"not_picked":["Acrobatics+1","MostiFishMod:InvigoratingSolution+1","Endless Agony+1","REME_GrazeFinale","Bane"],"picked":"SKIP","floor":55}],"player_experience":807981,"relics_obtained":[{"floor":1.0,"key":"SynthV:TestCard"},{"floor":6.0,"key":"HowToJump"},{"floor":8.0,"key":"AT_SilvercatRing"},{"floor":10.0,"key":"testmod-TurbochargingSystem"},{"floor":18,"key":"testmod-Antiphasic"},{"floor":21,"key":"Mummified Hand"},{"floor":23,"key":"AT_RedTearstoneRing"},{"floor":23,"key":"Bag of Preparation"},{"floor":25,"key":"vexMod:ScavengeHelm"},{"floor":26,"key":"MaYiHuaBei"},{"floor":28,"key":"testmod-Justice"},{"floor":28,"key":"AT_EbonyIvory"},{"floor":29,"key":"Akabeko"},{"floor":30,"key":"Anchor"},{"floor":30,"key":"AT_BellDemon"},{"floor":31,"key":"MealTicket"},{"floor":31,"key":"UnicornStump"},{"floor":33,"key":"Toxic Egg 2"},{"floor":35,"key":"Pen Nib"},{"floor":35,"key":"AT_SilverBalance"},{"floor":38,"key":"MawBank"},{"floor":38,"key":"AnarchistCookbook"},{"floor":39,"key":"testmod-LifeArmor"},{"floor":39,"key":"WingedGreaves"},{"floor":40,"key":"Ancient Tea Set"},{"floor":40,"key":"Juzu Bracelet"},{"floor":40,"key":"Shuriken"},{"floor":43,"key":"Sundial"},{"floor":48,"key":"testmod-RealStoneCalender"},{"floor":48,"key":"MoneyPower"},{"floor":48,"key":"Vajra"},{"floor":55,"key":"SalivaCoin"},{"floor":55,"key":"AT_ForceNature"},{"floor":55,"key":"Art of War"}],"event_choices":[{"damage_healed":0.0,"max_hp_gain":0.0,"max_hp_loss":0.0,"gold_gain":0.0,"event_name":"给自己的盒子","player_choice":"Swap Relic","floor":2.0,"relics_lost":["DaveBox"],"gold_loss":0.0,"damage_taken":0.0,"relics_obtained":["DaveBox"]},{"damage_healed":0.0,"max_hp_gain":0.0,"max_hp_loss":0.0,"gold_gain":400.0,"event_name":"恩洛斯的盘子","player_choice":"Sell","floor":3.0,"relics_lost":["DaveBox"],"gold_loss":0.0,"damage_taken":0.0},{"damage_healed":0.0,"max_hp_gain":0.0,"max_hp_loss":0.0,"gold_gain":0.0,"event_name":"Shining Light","player_choice":"Entered Light","floor":4.0,"gold_loss":0.0,"damage_taken":23.0,"cards_upgraded":["Strike_G","Defend_G"]},{"damage_healed":0.0,"max_hp_gain":0.0,"max_hp_loss":8.0,"gold_gain":0.0,"event_name":"Golden Idol","player_choice":"Lose Max HP","floor":7.0,"gold_loss":0.0,"damage_taken":0.0,"relics_obtained":["Golden Idol"]},{"damage_healed":0.0,"max_hp_gain":0.0,"max_hp_loss":0.0,"gold_gain":75.0,"event_name":"World of Goop","player_choice":"Gather Gold","floor":11.0,"gold_loss":0.0,"damage_taken":11.0},{"damage_healed":0,"gold_gain":0,"player_choice":"Read","damage_taken":0,"max_hp_gain":0,"max_hp_loss":0,"event_name":"The Library","floor":19,"gold_loss":0,"cards_obtained":["Acrobatics"]},{"damage_healed":0,"gold_gain":0,"player_choice":"Ignored","damage_taken":0,"max_hp_gain":0,"max_hp_loss":0,"event_name":"Ghosts","floor":20,"gold_loss":0},{"damage_healed":0,"gold_gain":0,"cards_transformed":["Neutralize","Defend_G"],"player_choice":"Became Test Subject","damage_taken":0,"max_hp_gain":0,"max_hp_loss":0,"event_name":"Drug Dealer","floor":22,"gold_loss":0,"cards_obtained":["Wraith Form v2","Envenom"]},{"damage_healed":0,"gold_gain":0,"player_choice":"Ignored","damage_taken":0,"max_hp_gain":0,"max_hp_loss":0,"event_name":"Tomb of Lord Red Mask","floor":37,"gold_loss":0},{"damage_healed":0,"gold_gain":333,"player_choice":"Gave Idol","damage_taken":0,"max_hp_gain":0,"max_hp_loss":0,"event_name":"The Moai Head","floor":46,"relics_lost":["Golden Idol"],"gold_loss":0},{"cards_removed":["vexMod:EmailVexCard"],"damage_healed":0,"gold_gain":0,"player_choice":"Removed Attack","damage_taken":0,"max_hp_gain":0,"max_hp_loss":0,"event_name":"Falling","floor":47,"gold_loss":0}],"is_beta":false,"boss_relics":[{"not_picked":["Cursed Key","testmod-SaigiyounoYou"],"picked":"Astrolabe"},{"not_picked":[]},{"not_picked":["AT_MortalBlade","OneHitWonderSystem"],"picked":"ChiXiaoBlade"},{"not_picked":[]}],"items_purged_floors":[12,15,15,17,24,32,34,36,49],"is_endless":false,"potions_floor_spawned":[6,10,14,18,25,28,30,35,38,39],"ascension_level":20}}