{"host":"5ygm0jh81n7e92ft","time":1610266327,"event":{"mods":["AchievementEnabler","BaseMod","BetterRewards","Colored Map","Colored Powertips","Conspire","Duelist Mod","HololiveMod","KomeijiMod","Minty Spire (QoL Compilation)","Quick Restart","StSLib","SuperFastMode","The Bug Knight"],"gold_per_floor":[86,100,120,135,152,183,183,198,225,240,261,261,289,308,308,407,407,434,434,434,434,448,448,448,491,518,528,528],"floor_reached":27,"playtime":2503,"items_purged":[],"score":339,"play_id":"a94d5b04-2d68-436d-91e9-9c5bd0dcde5e","local_time":"20210110031207","is_ascension_mode":false,"campfire_choices":[{"data":"Hololive_CallShiranuiFlare","floor":7,"key":"SMITH"},{"data":"Hololive_CallHoshimachiSuisei","floor":12,"key":"SMITH"},{"data":"Hololive_MaximGun","floor":15,"key":"SMITH"},{"data":"Hololive_CallSpadeEcho","floor":23,"key":"SMITH"}],"circlet_count":0,"master_deck":["Hololive_Strike","Hololive_Defend","Hololive_Defend","Hololive_ManjiGathering","Hololive_CallNekomataOkayu","Hololive_CallAkaiHaato","Hololive_CallShiranuiFlare+1","Hololive_CallTokoyamiTowa","Hololive_CallAZKi","Hololive_FlyingPonyTail","Hololive_CallSpadeEcho+1","Hololive_HighAtkLowDef","Hololive_CocoNews","Hololive_CallShishiroBotan","Hololive_RevenueBasedLive+1","Hololive_Rebirth+1","Hololive_CallAmaneKanata","Hololive_CallHoshimachiSuisei+1","Hololive_CallMoonaHoshinova","Hololive_MaximGun+1","Hololive_AWSL","CurseOfTheBell","Hololive_LuckPotion+1","Hololive_Breathe+1","Hololive_CandyCastle+1"],"relics":["Hololive_TheStar","Toxic Egg 2","Calling Bell","Blood Vial","conspire:DecoderRing","Dead Branch","Meat on the Bone","Dream Catcher","Lantern"],"acts_visited":["Exordium","TheCity"],"potions_floor_usage":[],"damage_taken":[{"damage":0,"enemies":"2 Louse","floor":1,"turns":2},{"damage":0,"enemies":"Small Slimes","floor":2,"turns":4},{"damage":0,"enemies":"Cultist","floor":3,"turns":4},{"damage":0,"enemies":"Looter","floor":4,"turns":3},{"damage":6,"enemies":"Lots of Slimes","floor":5,"turns":6},{"damage":0,"enemies":"Gremlin Nob","floor":6,"turns":4},{"damage":0,"enemies":"Red Slaver","floor":8,"turns":3},{"damage":0,"enemies":"Looter","floor":10,"turns":3},{"damage":0,"enemies":"3 Louse","floor":11,"turns":4},{"damage":0,"enemies":"Exordium Wildlife","floor":13,"turns":5},{"damage":0,"enemies":"Looter","floor":14,"turns":2},{"damage":0,"enemies":"Slime Boss","floor":16,"turns":2},{"damage":2,"enemies":"conspire:FuzzyDice","floor":18,"turns":6},{"damage":0,"enemies":"Chosen","floor":22,"turns":4},{"damage":0,"enemies":"theDuelist:KaibaA2","floor":25,"turns":4},{"damage":40,"enemies":"3 Cultists","floor":27,"turns":5}],"seed_played":"7649113158247122706","potions_obtained":[{"floor":1,"key":"SpeedPotion"},{"floor":2,"key":"LiquidMemories"},{"floor":4,"key":"SteroidPotion"},{"floor":8,"key":"Ancient Potion"},{"floor":13,"key":"Energy Potion"},{"floor":16,"key":"EssenceOfSteel"}],"is_trial":false,"path_per_floor":["M","M","M","M","M","E","R","M","T","M","M","R","M","M","R","B",null,"M","?","?","?","M","R","?","E","T","M"],"character_chosen":"Hololive_HololiveCharacter","items_purchased":[],"campfire_rested":0,"item_purchase_floors":[],"current_hp_per_floor":[38,38,38,38,32,32,32,32,32,32,32,32,32,32,32,32,38,37,28,23,23,26,26,26,29,29,0,0],"gold":528,"neow_bonus":"TEN_PERCENT_HP_BONUS","is_daily":false,"chose_seed":false,"campfire_upgraded":4,"win_rate":0.0,"timestamp":1610266327,"path_taken":["M","M","M","M","M","E","R","M","T","M","M","R","M","M","R","BOSS","M","?","?","?","M","R","?","E","T","M"],"items_purchased_type":[],"build_version":"2020-12-22","purchased_purges":0,"victory":false,"max_hp_per_floor":[38,38,38,38,38,38,38,38,38,38,38,38,38,38,38,38,38,39,39,44,44,45,45,45,46,46,47,47],"card_choices":[{"not_picked":["Hololive_CandyCastle","Hololive_Breathe","Hololive_LuckPotion"],"picked":"Hololive_FlyingPonyTail","floor":1},{"not_picked":["Hololive_OvertimeWork","Hololive_CallHimemoriLuna","Hololive_Drill"],"picked":"Hololive_CallSpadeEcho","floor":2},{"not_picked":["Hololive_Psychosis","Hololive_Sequa","Hololive_CandyCastle"],"picked":"Hololive_HighAtkLowDef","floor":3},{"not_picked":["Hololive_HuntDinosaur","Hololive_CallAZKi","Hololive_Sequa"],"picked":"Hololive_CocoNews","floor":4},{"not_picked":["Hololive_FlyingPonyTail","Hololive_HuntDinosaur","Hololive_Psychosis"],"picked":"Hololive_CallShishiroBotan","floor":5},{"not_picked":["Hololive_CallYuzukiChoco","Hololive_LuckPotion+1","Hololive_Psychosis"],"picked":"Hololive_RevenueBasedLive+1","floor":6},{"not_picked":["Hololive_CallYuzukiChoco","Hololive_LuckPotion+1","Hololive_Drill"],"picked":"Hololive_Rebirth+1","floor":8},{"not_picked":["Hololive_CocoNews","Hololive_RevenueBasedLive+1","Hololive_StrengthChampion"],"picked":"Hololive_CallAmaneKanata","floor":10},{"not_picked":["Hololive_CallNekomataOkayu","Hololive_Trident","Hololive_StrengthChampion"],"picked":"Hololive_CallHoshimachiSuisei","floor":11},{"not_picked":["Hololive_CallAkiRosenthal","Hololive_Sequa","Hololive_OvertimeWork"],"picked":"Hololive_CallMoonaHoshinova","floor":13},{"not_picked":["Hololive_DevilCharm+1","Hololive_Drill","Hololive_Rebound+1"],"picked":"Hololive_MaximGun","floor":14},{"not_picked":["Hololive_Nanodesu","Hololive_Rebirth+1","Hololive_HighAtkLowDef+1"],"picked":"Hololive_AWSL","floor":16},{"not_picked":["Hololive_CallShirakamiFubuki","Hololive_HuntDinosaur+1","Hololive_CallUsadaPekora"],"picked":"Hololive_LuckPotion+1","floor":18},{"not_picked":["Hololive_CallRoboco","Hololive_FlyingPonyTail+1","Hololive_CallUsadaPekora"],"picked":"Hololive_Breathe+1","floor":22},{"not_picked":["Hololive_CallAiraniIofifteen","Hololive_CallShiroganeNoel","Hololive_CallTokinoSora"],"picked":"Hololive_CandyCastle+1","floor":25}],"player_experience":122305,"relics_obtained":[{"floor":6,"key":"Toxic Egg 2"},{"floor":17,"key":"Blood Vial"},{"floor":17,"key":"conspire:DecoderRing"},{"floor":17,"key":"Dead Branch"},{"floor":25,"key":"Dream Catcher"},{"floor":26,"key":"Lantern"}],"event_choices":[{"damage_healed":0,"gold_gain":0,"player_choice":"Stopped","damage_taken":9,"max_hp_gain":0,"max_hp_loss":0,"event_name":"Cursed Tome","floor":19,"gold_loss":0},{"damage_healed":0,"gold_gain":0,"player_choice":"Shed Blood","damage_taken":10,"max_hp_gain":5,"max_hp_loss":0,"event_name":"Forgotten Altar","floor":20,"gold_loss":0},{"damage_healed":0,"gold_gain":0,"player_choice":"Opened","damage_taken":0,"relics_obtained":["Meat on the Bone"],"max_hp_gain":0,"max_hp_loss":0,"event_name":"The Mausoleum","floor":21,"gold_loss":0},{"cards_removed":["Hololive_Strike"],"damage_healed":0,"gold_gain":0,"player_choice":"Purged","damage_taken":0,"max_hp_gain":0,"max_hp_loss":0,"event_name":"Purifier","floor":24,"gold_loss":0}],"is_beta":false,"boss_relics":[{"not_picked":["Runic Dome","Runic Pyramid"],"picked":"Calling Bell"}],"items_purged_floors":[],"is_endless":false,"potions_floor_spawned":[1,2,4,8,13,16,22,25],"killed_by":"3 Cultists","ascension_level":0}}