{"host":"3y2rtlgteqp2nuo3","time":1610246486,"event":{"mods":["2.2 Compatiblity","AchievementEnabler","BaseMod","Colored Map","DeckTracker","Highlight Path","Keyboard Shortcuts","Minty Spire (QoL Compilation)","Permanent Neow","Quick Restart","StSLib","SuperFastMode","everything is the same but u backflip on backflip"],"gold_per_floor":[109,120,138,138,63,63,79,79,79,79,154,172,172,189,189,294,294,314,263,263],"floor_reached":19,"playtime":406,"items_purged":["Strike_G"],"score":207,"play_id":"ae956e39-b9fa-487b-a63c-3d3bef85f39c","local_time":"20210110114126","is_ascension_mode":true,"campfire_choices":[{"data":"Dagger Spray","floor":6.0,"key":"SMITH"},{"data":"Leg Sweep","floor":10.0,"key":"SMITH"},{"data":"Deadly Poison","floor":13,"key":"SMITH"},{"floor":15,"key":"REST"}],"circlet_count":0,"master_deck":["Strike_G","Strike_G","Strike_G","Defend_G+1","Defend_G","Defend_G","Defend_G","Defend_G","Survivor","Neutralize","Well Laid Plans","Dagger Spray+1","Leg Sweep+1","Predator+1","Dodge and Roll","Deadly Poison+1","Doppelganger","Acrobatics","Slice"],"relics":["Ring of the Snake","Tough Bandages","Sundial","SlaversCollar"],"acts_visited":["Exordium","TheCity"],"potions_floor_usage":[],"damage_taken":[{"damage":1.0,"enemies":"2 Louse","floor":1.0,"turns":4.0},{"damage":0.0,"enemies":"Jaw Worm","floor":2.0,"turns":6.0},{"damage":0.0,"enemies":"Cultist","floor":3.0,"turns":5.0},{"damage":5.0,"enemies":"3 Louse","floor":7.0,"turns":4.0},{"damage":4,"enemies":"Blue Slaver","floor":12,"turns":5},{"damage":14,"enemies":"Exordium Thugs","floor":14,"turns":4},{"damage":17,"enemies":"The Guardian","floor":16,"turns":11},{"damage":34,"enemies":"Chosen","floor":18,"turns":7}],"seed_played":"-8474744352096359719","potions_obtained":[{"floor":1.0,"key":"Strength Potion"},{"floor":3.0,"key":"Fruit Juice"},{"floor":12,"key":"ColorlessPotion"}],"is_trial":false,"path_per_floor":["M","M","M","?","$","R","M","?","T","R","?","M","R","M","R","B",null,"M","$"],"character_chosen":"THE_SILENT","items_purchased":["Slice"],"campfire_rested":1,"item_purchase_floors":[19],"current_hp_per_floor":[62,62,67,52,52,52,47,35,35,35,28,24,24,10,32,15,60,26,26,26],"gold":263,"neow_bonus":"TRANSFORM_CARD","is_daily":false,"chose_seed":false,"campfire_upgraded":3,"win_rate":0.0,"timestamp":1610246486,"path_taken":["M","M","M","?","$","R","M","?","T","R","?","?","R","M","R","BOSS","M","$"],"items_purchased_type":["Card"],"build_version":"2020-12-22","purchased_purges":1,"victory":false,"max_hp_per_floor":[70,70,75,75,75,75,75,75,75,75,75,75,75,75,75,75,75,75,75,75],"card_choices":[{"not_picked":["Calculated Gamble","Terror"],"picked":"Dagger Spray","floor":1.0},{"not_picked":["Finisher","Dodge and Roll"],"picked":"Leg Sweep","floor":2.0},{"not_picked":["Dodge and Roll","Setup"],"picked":"Predator","floor":3.0},{"not_picked":["Skewer","Bane"],"picked":"Dodge and Roll","floor":7.0},{"not_picked":["Concentrate","Blade Dance"],"picked":"Deadly Poison","floor":12},{"not_picked":["Dagger Spray","Cloak And Dagger"],"picked":"Doppelganger","floor":14},{"not_picked":["Endless Agony+1","Blade Dance"],"picked":"Acrobatics","floor":18}],"player_experience":665758,"relics_obtained":[{"floor":9.0,"key":"Sundial"}],"event_choices":[{"damage_healed":0.0,"max_hp_gain":0.0,"max_hp_loss":0.0,"gold_gain":0.0,"event_name":"Shining Light","player_choice":"Entered Light","floor":4.0,"gold_loss":0.0,"damage_taken":15.0,"cards_upgraded":["Predator","Defend_G"]},{"damage_healed":0.0,"max_hp_gain":0.0,"max_hp_loss":0.0,"gold_gain":0.0,"event_name":"Scrap Ooze","player_choice":"Success","floor":8.0,"gold_loss":0.0,"damage_taken":12.0,"relics_obtained":["Tough Bandages"]},{"damage_healed":0,"gold_gain":75,"player_choice":"Touch","damage_taken":7,"max_hp_gain":0,"max_hp_loss":0,"event_name":"FaceTrader","floor":11,"gold_loss":0}],"is_beta":false,"boss_relics":[{"not_picked":["Cursed Key","Sozu"],"picked":"SlaversCollar"}],"items_purged_floors":[5],"is_endless":false,"potions_floor_spawned":[1,3,12],"ascension_level":6}}