{"host":"ryuep8ewa00k39z9","time":1610315234,"event":{"mods":["AchievementEnabler","BaseMod","Best Route Mod","Colored Map","Colored Powertips","Displayed Cursed Tome","Highlight Path","Minty Spire (QoL Compilation)","Quick Restart","SuperFastMode"],"gold_per_floor":[16,16,32,32,32,32,45,120,168,168,185,210,220,220,220,323,373,390,305,336,447,459,471,471],"floor_reached":23,"playtime":1797,"items_purged":[],"score":277,"play_id":"58f33b78-5291-41ff-929b-999b1002c182","local_time":"20210110154714","is_ascension_mode":true,"campfire_choices":[{"data":"Scrape","floor":6.0,"key":"SMITH"},{"data":"Scrape","floor":10.0,"key":"SMITH"},{"floor":15,"key":"REST"}],"circlet_count":0,"master_deck":["AscendersBane","Strike_B","Strike_B","Strike_B","Strike_B","Defend_B","Defend_B+1","Defend_B","Defend_B","Zap","Dualcast","Apotheosis+1","Scrape+1","Scrape+1","Redo","Buffer","Go for the Eyes","Darkness+1","Redo","Beam Cell"],"relics":["Cracked Core","MealTicket","Odd Mushroom","Tiny House","MawBank"],"acts_visited":["Exordium","TheCity"],"potions_floor_usage":[16,23,23],"damage_taken":[{"damage":4.0,"enemies":"2 Louse","floor":1.0,"turns":3.0},{"damage":0.0,"enemies":"Jaw Worm","floor":3.0,"turns":3.0},{"damage":0.0,"enemies":"Small Slimes","floor":7.0,"turns":2.0},{"damage":0.0,"enemies":"3 Louse","floor":11.0,"turns":2.0},{"damage":30.0,"enemies":"The Mushroom Lair","floor":12.0,"turns":3.0},{"damage":12,"enemies":"Exordium Wildlife","floor":13,"turns":3},{"damage":22,"enemies":"Hexaghost","floor":16,"turns":8},{"damage":7,"enemies":"Chosen","floor":18,"turns":4},{"damage":0,"enemies":"Spheric Guardian","floor":20,"turns":3},{"damage":51,"enemies":"Slavers","floor":23,"turns":4}],"seed_played":"-3739511841237413680","potions_obtained":[{"floor":1.0,"key":"Block Potion"},{"floor":12.0,"key":"SpeedPotion"},{"floor":13,"key":"LiquidBronze"},{"floor":17,"key":"LiquidMemories"}],"is_trial":false,"path_per_floor":["M","?","M","$","?","R","M","?","T","R","M","?","M","?","R","B",null,"M","?","M","?","?","E"],"character_chosen":"DEFECT","items_purchased":[],"campfire_rested":1,"item_purchase_floors":[],"current_hp_per_floor":[64,64,64,64,64,64,64,53,53,53,53,23,11,11,33,11,64,57,57,57,57,57,6,6],"gold":471,"neow_bonus":"RANDOM_COLORLESS_2","is_daily":false,"chose_seed":false,"campfire_upgraded":2,"win_rate":0.0,"timestamp":1610315234,"path_taken":["M","?","M","$","?","R","M","?","T","R","M","?","M","?","R","BOSS","M","?","M","?","?","E"],"items_purchased_type":[],"build_version":"2020-12-22","purchased_purges":0,"victory":false,"max_hp_per_floor":[75,75,75,75,75,75,75,75,75,75,75,75,75,75,75,75,80,80,80,80,80,80,80,80],"card_choices":[{"not_picked":["Master of Strategy","Metamorphosis"],"picked":"Apotheosis","floor":0.0},{"not_picked":["Barrage","Redo"],"picked":"Scrape","floor":1.0},{"not_picked":["Streamline","Darkness"],"picked":"Scrape","floor":3.0},{"not_picked":["Coolheaded","Loop","Redo"],"picked":"SKIP","floor":7.0},{"not_picked":["Static Discharge","Barrage"],"picked":"Redo","floor":11.0},{"not_picked":["Heatsinks","Coolheaded","Blizzard"],"picked":"SKIP","floor":13},{"not_picked":["Machine Learning","Amplify"],"picked":"Buffer","floor":16},{"not_picked":["Sweeping Beam","Stack"],"picked":"Go for the Eyes","floor":17},{"not_picked":["Redo","Streamline"],"picked":"Darkness+1","floor":18},{"not_picked":["Rebound+1","Fusion"],"picked":"Redo","floor":20}],"player_experience":3947582,"relics_obtained":[{"floor":9.0,"key":"MealTicket"},{"floor":12.0,"key":"Odd Mushroom"}],"event_choices":[{"damage_healed":0.0,"max_hp_gain":0.0,"max_hp_loss":0.0,"gold_gain":0.0,"event_name":"Living Wall","player_choice":"Grow","floor":2.0,"gold_loss":0.0,"damage_taken":0.0,"cards_upgraded":["Apotheosis"]},{"damage_healed":0.0,"max_hp_gain":0.0,"max_hp_loss":0.0,"gold_gain":0.0,"event_name":"Shining Light","player_choice":"Ignored","floor":5.0,"gold_loss":0.0,"damage_taken":0.0},{"damage_healed":0.0,"max_hp_gain":0.0,"max_hp_loss":0.0,"gold_gain":75.0,"event_name":"World of Goop","player_choice":"Gather Gold","floor":8.0,"gold_loss":0.0,"damage_taken":11.0},{"damage_healed":0.0,"max_hp_gain":0.0,"max_hp_loss":0.0,"gold_gain":0.0,"event_name":"Mushrooms","player_choice":"Fought Mushrooms","floor":12.0,"gold_loss":0.0,"damage_taken":0.0},{"damage_healed":0,"gold_gain":0,"player_choice":"Fled","damage_taken":0,"max_hp_gain":0,"max_hp_loss":0,"event_name":"Scrap Ooze","floor":14,"gold_loss":0},{"damage_healed":0,"gold_gain":0,"player_choice":"Obtained Relic","damage_taken":0,"relics_obtained":["MawBank"],"max_hp_gain":0,"max_hp_loss":0,"event_name":"Addict","floor":19,"gold_loss":85},{"damage_healed":0,"gold_gain":99,"player_choice":"Stole From Cult","damage_taken":0,"max_hp_gain":0,"max_hp_loss":0,"event_name":"Nest","floor":21,"gold_loss":0},{"damage_healed":0,"gold_gain":0,"player_choice":"Read","damage_taken":0,"max_hp_gain":0,"max_hp_loss":0,"event_name":"The Library","floor":22,"gold_loss":0,"cards_obtained":["Beam Cell"]}],"is_beta":false,"boss_relics":[{"not_picked":["Runic Pyramid","Philosopher\u0027s Stone"],"picked":"Tiny House"}],"items_purged_floors":[],"is_endless":false,"potions_floor_spawned":[1,12,13],"killed_by":"Slavers","ascension_level":11}}