{"host":"t3nmszc7fx0d6552","time":1610297885,"event":{"mods":["AchievementEnabler","BaseMod","Colored Map","Minty Spire (QoL Compilation)","Permanent Neow","StSLib","SuperFastMode"],"gold_per_floor":[113,128,143,193,210,210,241,253,253,253,403,1,29,56,56,127,127,140,190,201,201,201],"floor_reached":21,"playtime":791,"items_purged":["Doubt"],"score":378,"play_id":"80b17367-1bd2-4310-a6be-77e99388668f","local_time":"20210111015805","is_ascension_mode":true,"campfire_choices":[{"data":"Sunder","floor":6,"key":"SMITH"},{"data":"Coolheaded","floor":10,"key":"SMITH"},{"floor":15,"key":"REST"}],"circlet_count":0,"master_deck":["AscendersBane","Strike_B","Strike_B","Defend_B","Defend_B","Defend_B","Defend_B","Zap","Dualcast","Thunder Strike","Self Repair","Cold Snap","Glacier","Sunder+1","Coolheaded+1","Capacitor","Creative AI","Biased Cognition","Cold Snap+1","Doom and Gloom"],"relics":["Cracked Core","Happy Flower","Question Card","Incense Burner","Darkstone Periapt","Omamori","Empty Cage"],"acts_visited":["Exordium","TheCity"],"potions_floor_usage":[13,16,21],"damage_taken":[{"damage":9,"enemies":"Jaw Worm","floor":1,"turns":6},{"damage":7,"enemies":"Cultist","floor":2,"turns":4},{"damage":9,"enemies":"2 Louse","floor":3,"turns":3},{"damage":9,"enemies":"Blue Slaver","floor":5,"turns":6},{"damage":35,"enemies":"3 Sentries","floor":7,"turns":7},{"damage":8,"enemies":"Red Slaver","floor":8,"turns":3},{"damage":14,"enemies":"Lagavulin","floor":13,"turns":11},{"damage":21,"enemies":"The Guardian","floor":16,"turns":12},{"damage":32,"enemies":"Chosen","floor":18,"turns":7},{"damage":15,"enemies":"Spheric Guardian","floor":20,"turns":6},{"damage":32,"enemies":"3 Cultists","floor":21,"turns":4}],"seed_played":"-1162608131358361905","potions_obtained":[{"floor":1,"key":"SteroidPotion"},{"floor":3,"key":"PowerPotion"},{"floor":13,"key":"FocusPotion"}],"is_trial":false,"path_per_floor":["M","M","M","?","M","R","E","M","T","R","?","$","E","T","R","B",null,"M","?","M","M"],"character_chosen":"DEFECT","items_purchased":["Incense Burner"],"campfire_rested":1,"item_purchase_floors":[12],"current_hp_per_floor":[55,55,53,53,51,51,23,22,22,22,22,22,15,15,36,22,59,34,27,19,0,0],"gold":201,"neow_bonus":"ONE_RANDOM_RARE_CARD","is_daily":false,"chose_seed":false,"campfire_upgraded":2,"win_rate":0.0,"timestamp":1610297885,"path_taken":["M","M","M","?","M","R","E","?","T","R","?","$","E","?","R","BOSS","M","?","?","M"],"items_purchased_type":["Relic"],"build_version":"2020-12-22","purchased_purges":1,"victory":false,"max_hp_per_floor":[71,71,71,71,71,71,71,71,71,71,71,71,71,71,71,71,71,71,71,71,71,71],"card_choices":[{"not_picked":["Barrage","Chaos"],"picked":"Self Repair","floor":1},{"not_picked":["Darkness","Streamline"],"picked":"Cold Snap","floor":2},{"not_picked":["Auto Shields","Turbo"],"picked":"Glacier","floor":3},{"not_picked":["Leap","Streamline"],"picked":"Sunder","floor":5},{"not_picked":["Hello World","All For One"],"picked":"Coolheaded","floor":7},{"not_picked":["Leap","Go for the Eyes"],"picked":"Capacitor","floor":8},{"not_picked":["Ball Lightning","Hello World","Coolheaded"],"picked":"Creative AI","floor":13},{"not_picked":["Creative AI","Buffer","Reboot"],"picked":"Biased Cognition","floor":16},{"not_picked":["Ball Lightning","Skim","Sweeping Beam"],"picked":"Cold Snap+1","floor":18},{"not_picked":["Multi-Cast","Cold Snap","Gash"],"picked":"Doom and Gloom","floor":20}],"player_experience":1374022,"relics_obtained":[{"floor":7,"key":"Happy Flower"},{"floor":9,"key":"Question Card"},{"floor":13,"key":"Darkstone Periapt"},{"floor":14,"key":"Omamori"}],"event_choices":[{"damage_healed":0,"gold_gain":50,"player_choice":"Pray","damage_taken":0,"max_hp_gain":0,"max_hp_loss":0,"event_name":"Golden Shrine","floor":4,"gold_loss":0},{"damage_healed":0,"gold_gain":150,"player_choice":"AGREE","damage_taken":0,"max_hp_gain":0,"max_hp_loss":0,"event_name":"Liars Game","floor":11,"gold_loss":0,"cards_obtained":["Doubt"]},{"damage_healed":0,"gold_gain":50,"player_choice":"Touch","damage_taken":7,"max_hp_gain":0,"max_hp_loss":0,"event_name":"FaceTrader","floor":19,"gold_loss":0}],"is_beta":false,"boss_relics":[{"not_picked":["Ectoplasm","Runic Dome"],"picked":"Empty Cage"}],"items_purged_floors":[12],"is_endless":false,"potions_floor_spawned":[1,3,5,13],"killed_by":"3 Cultists","ascension_level":20}}