{"host":"a1eatafr7pisesky","time":1610290698,"event":{"mods":["AchievementEnabler","BaseMod","Colored Map","Keyboard Shortcuts","Minty Spire (QoL Compilation)","Say the Spire","StSLib","SuperFastMode","everything is the same but u backflip on backflip"],"gold_per_floor":[119,119,138,138,153,153,167,194,221,256,272,284,66,77,77,175,175,192,92,92,110,110,140,15,15,15,114,143,143,171,182,182,284,284,303,153,166,214,214,214,247,260,260,116,116,116,151,161,161,161,161,161,11,46,46,46],"floor_reached":55,"playtime":1877,"items_purged":["Strike_R","Defend_R","Strike_R","Strike_R"],"score":1190,"play_id":"f52efe15-6207-4e00-861c-b5383f639cf0","local_time":"20210110235818","is_ascension_mode":true,"campfire_choices":[{"data":"Demon Form","floor":6.0,"key":"SMITH"},{"data":"Flex","floor":15.0,"key":"SMITH"},{"floor":29.0,"key":"REST"},{"floor":32.0,"key":"REST"},{"floor":40.0,"key":"REST"},{"floor":49.0,"key":"RECALL"},{"data":"Armaments","floor":52.0,"key":"SMITH"}],"circlet_count":0,"master_deck":["AscendersBane","Defend_R","Defend_R","Defend_R","Bash","Demon Form+1","Seeing Red+1","Disarm","Sword Boomerang","Flex+1","Spot Weakness","Ghostly Armor","Flex","Sword Boomerang","Reaper","Pummel+1","Battle Trance","Burning Pact","Rage","Shockwave","Heavy Blade+1","Armaments+1","Sentinel+1","Limit Break","Reaper","Evolve"],"relics":["Burning Blood","Centennial Puzzle","Blood Vial","Lee\u0027s Waffle","Runic Pyramid","Pear","Torii","Pantograph","Nunchaku","Juzu Bracelet","Philosopher\u0027s Stone","Charon\u0027s Ashes","Bag of Marbles","Turnip","OrangePellets","Bag of Preparation","TheAbacus","Orichalcum"],"acts_visited":["Exordium","TheCity","TheBeyond","TheEnding"],"potions_floor_usage":[55,55],"damage_taken":[{"damage":7.0,"enemies":"Small Slimes","floor":1.0,"turns":4.0},{"damage":1.0,"enemies":"Cultist","floor":3.0,"turns":4.0},{"damage":7.0,"enemies":"Jaw Worm","floor":5.0,"turns":5.0},{"damage":13.0,"enemies":"Looter","floor":7.0,"turns":3.0},{"damage":33.0,"enemies":"Gremlin Nob","floor":8.0,"turns":4.0},{"damage":25.0,"enemies":"Lagavulin","floor":10.0,"turns":7.0},{"damage":18.0,"enemies":"Blue Slaver","floor":11.0,"turns":5.0},{"damage":8.0,"enemies":"2 Fungi Beasts","floor":12.0,"turns":3.0},{"damage":39.0,"enemies":"Exordium Thugs","floor":14.0,"turns":5.0},{"damage":18.0,"enemies":"Slime Boss","floor":16.0,"turns":9.0},{"damage":19.0,"enemies":"Chosen","floor":18.0,"turns":4.0},{"damage":22.0,"enemies":"3 Byrds","floor":21.0,"turns":5.0},{"damage":52.0,"enemies":"Gremlin Leader","floor":23.0,"turns":6.0},{"damage":78.0,"enemies":"Slavers","floor":28.0,"turns":5.0},{"damage":36.0,"enemies":"Book of Stabbing","floor":30.0,"turns":4.0},{"damage":16.0,"enemies":"Snecko","floor":31.0,"turns":4.0},{"damage":41.0,"enemies":"Champ","floor":33.0,"turns":8.0},{"damage":34.0,"enemies":"Orb Walker","floor":35.0,"turns":4.0},{"damage":61.0,"enemies":"3 Darklings","floor":37.0,"turns":5.0},{"damage":66.0,"enemies":"2 Orb Walkers","floor":38.0,"turns":4.0},{"damage":34.0,"enemies":"Giant Head","floor":41.0,"turns":6.0},{"damage":63.0,"enemies":"Sphere and 2 Shapes","floor":42.0,"turns":5.0},{"damage":44.0,"enemies":"Nemesis","floor":47.0,"turns":3.0},{"damage":14.0,"enemies":"Writhing Mass","floor":48.0,"turns":4.0},{"damage":113.0,"enemies":"Donu and Deca","floor":50.0,"turns":6.0},{"damage":53.0,"enemies":"Shield and Spear","floor":54.0,"turns":4.0},{"damage":167,"enemies":"The Heart","floor":55,"turns":8}],"seed_played":"-5575475786073493827","potions_obtained":[{"floor":3.0,"key":"Dexterity Potion"},{"floor":5.0,"key":"BloodPotion"},{"floor":10.0,"key":"SteroidPotion"},{"floor":11.0,"key":"SmokeBomb"},{"floor":14.0,"key":"SteroidPotion"},{"floor":21.0,"key":"Fire Potion"},{"floor":23.0,"key":"Weak Potion"},{"floor":28.0,"key":"HeartOfIron"},{"floor":30.0,"key":"EntropicBrew"},{"floor":35.0,"key":"FearPotion"},{"floor":38.0,"key":"Fire Potion"},{"floor":48.0,"key":"BlessingOfTheForge"}],"is_trial":false,"path_per_floor":["M","?","M","?","M","R","M","E","T","E","M","M","$","M","R","B",null,"M","$","?","M","?","E","$","?","T","?","E","R","E","M","R","B",null,"M","$","M","?","?","R","E","M","T","$","?","?","E","M","R","B",null,"R","$","E","B"],"character_chosen":"IRONCLAD","items_purchased":["Lee\u0027s Waffle","OrangePellets","TheAbacus"],"campfire_rested":3,"item_purchase_floors":[13,44,53],"current_hp_per_floor":[50,50,55,55,54,54,47,20,20,17,7,7,87,54,54,44,76,87,87,87,87,70,75,75,75,75,75,38,68,40,36,66,58,91,67,67,56,42,42,72,68,29,29,29,89,89,51,45,45,89,89,89,89,89,0,0],"gold":46,"neow_bonus":"THREE_RARE_CARDS","is_daily":false,"chose_seed":false,"campfire_upgraded":3,"win_rate":0.0,"timestamp":1610290698,"path_taken":["M","?","M","?","M","R","M","E","T","E","M","?","?","M","R","BOSS","M","$","?","M","?","E","$","?","T","?","E","R","E","M","R","BOSS","M","$","M","?","?","R","E","M","T","$","?","?","E","M","R","BOSS","R","$","E","BOSS"],"items_purchased_type":["Relic","Relic","Relic"],"build_version":"2020-12-22","purchased_purges":4,"victory":false,"max_hp_per_floor":[80,80,80,80,80,80,80,80,80,80,80,80,87,87,87,87,87,87,87,87,87,92,102,102,102,102,102,102,102,102,102,102,102,102,102,102,102,102,102,102,102,102,102,102,89,89,89,89,89,89,89,89,89,89,89,89],"card_choices":[{"not_picked":["Limit Break","Fiend Fire"],"picked":"Demon Form","floor":0.0},{"not_picked":["Thunderclap","Spot Weakness"],"picked":"Seeing Red","floor":1.0},{"not_picked":["Fire Breathing","Dropkick"],"picked":"Disarm","floor":3.0},{"not_picked":["Evolve","Anger"],"picked":"Sword Boomerang","floor":5.0},{"not_picked":["Clash","Iron Wave"],"picked":"Flex","floor":7.0},{"not_picked":["Wild Strike","Cleave"],"picked":"Spot Weakness","floor":8.0},{"not_picked":["True Grit","Wild Strike","Demon Form"],"picked":"SKIP","floor":10.0},{"not_picked":["Power Through","Havoc"],"picked":"Ghostly Armor","floor":11.0},{"not_picked":["Pummel","Power Through"],"picked":"Flex","floor":12.0},{"not_picked":["Combust","Metallicize"],"picked":"Sword Boomerang","floor":14.0},{"not_picked":["Immolate","Double Tap"],"picked":"Reaper","floor":16.0},{"not_picked":["Wild Strike","Shrug It Off"],"picked":"Pummel+1","floor":18.0},{"not_picked":["Havoc","Ghostly Armor+1","Hemokinesis+1"],"picked":"SKIP","floor":21.0},{"not_picked":["Iron Wave","Havoc"],"picked":"Battle Trance","floor":23.0},{"not_picked":["Clothesline","Wild Strike"],"picked":"Burning Pact","floor":28.0},{"not_picked":["Thunderclap","Inflame"],"picked":"Rage","floor":30.0},{"not_picked":["Sword Boomerang","Flex"],"picked":"Shockwave","floor":31.0},{"not_picked":["Anger","Uppercut+1"],"picked":"Heavy Blade+1","floor":35.0},{"not_picked":["Heavy Blade","Perfected Strike","Intimidate+1"],"picked":"SKIP","floor":37.0},{"not_picked":["Shockwave+1","Power Through+1"],"picked":"Armaments","floor":41.0},{"not_picked":["Sword Boomerang+1","Sever Soul"],"picked":"Sentinel+1","floor":42.0},{"not_picked":["Blood for Blood+1","Juggernaut"],"picked":"Reaper","floor":47.0},{"not_picked":["Thunderclap","Anger+1","Whirlwind+1"],"picked":"SKIP","floor":48.0},{"not_picked":["Carnage+1","Iron Wave"],"picked":"Evolve","floor":54.0}],"player_experience":302055,"relics_obtained":[{"floor":8.0,"key":"Centennial Puzzle"},{"floor":10.0,"key":"Blood Vial"},{"floor":23.0,"key":"Pear"},{"floor":26.0,"key":"Pantograph"},{"floor":28.0,"key":"Nunchaku"},{"floor":30.0,"key":"Juzu Bracelet"},{"floor":38.0,"key":"Charon\u0027s Ashes"},{"floor":41.0,"key":"Bag of Marbles"},{"floor":43.0,"key":"Turnip"},{"floor":47.0,"key":"Bag of Preparation"},{"floor":54.0,"key":"Orichalcum"}],"event_choices":[{"damage_healed":0.0,"max_hp_gain":0.0,"max_hp_loss":0.0,"gold_gain":0.0,"event_name":"Living Wall","player_choice":"Grow","floor":2.0,"gold_loss":0.0,"damage_taken":0.0,"cards_upgraded":["Seeing Red"]},{"cards_removed":["Strike_R"],"damage_healed":0.0,"max_hp_gain":0.0,"max_hp_loss":0.0,"gold_gain":0.0,"event_name":"Bonfire Elementals","player_choice":"Offered Basic","floor":4.0,"gold_loss":0.0,"damage_taken":0.0},{"damage_healed":0.0,"max_hp_gain":0.0,"max_hp_loss":0.0,"gold_gain":0.0,"event_name":"Ghosts","player_choice":"Ignored","floor":20.0,"gold_loss":0.0,"damage_taken":0.0},{"damage_healed":0.0,"max_hp_gain":5.0,"max_hp_loss":0.0,"gold_gain":0.0,"event_name":"Forgotten Altar","player_choice":"Shed Blood","floor":22.0,"gold_loss":0.0,"damage_taken":22.0},{"damage_healed":0.0,"max_hp_gain":0.0,"max_hp_loss":0.0,"gold_gain":0.0,"event_name":"The Mausoleum","player_choice":"Opened","floor":25.0,"gold_loss":0.0,"damage_taken":0.0,"relics_obtained":["Torii"]},{"damage_healed":0.0,"max_hp_gain":0.0,"max_hp_loss":0.0,"gold_gain":99.0,"event_name":"Nest","player_choice":"Stole From Cult","floor":27.0,"gold_loss":0.0,"damage_taken":0.0},{"damage_healed":0.0,"max_hp_gain":0.0,"max_hp_loss":0.0,"gold_gain":0.0,"event_name":"Mysterious Sphere","player_choice":"Fight","floor":38.0,"gold_loss":0.0,"damage_taken":0.0},{"cards_removed":["Strike_R"],"damage_healed":0.0,"max_hp_gain":0.0,"max_hp_loss":0.0,"gold_gain":0.0,"event_name":"Wheel of Change","player_choice":"Card Removal","floor":39.0,"gold_loss":0.0,"damage_taken":0.0},{"damage_healed":89.0,"max_hp_gain":0.0,"max_hp_loss":13.0,"gold_gain":0.0,"event_name":"The Moai Head","player_choice":"Heal","floor":45.0,"gold_loss":0.0,"damage_taken":0.0},{"damage_healed":0.0,"max_hp_gain":0.0,"max_hp_loss":0.0,"gold_gain":0.0,"event_name":"Match and Keep!","player_choice":"1 cards matched","floor":46.0,"gold_loss":0.0,"damage_taken":0.0,"cards_obtained":["Limit Break"]}],"is_beta":false,"boss_relics":[{"not_picked":["Busted Crown","Calling Bell"],"picked":"Runic Pyramid"},{"not_picked":["Runic Cube","SlaversCollar"],"picked":"Philosopher\u0027s Stone"}],"items_purged_floors":[13,19,24,36],"is_endless":false,"potions_floor_spawned":[3,5,10,11,14,21,23,28,30,35,38,48,54],"killed_by":"The Heart","ascension_level":11}}