{"host":"qy4anwei0ctnk0kd","time":1610245727,"event":{"mods":["BaseMod","Minty Spire (QoL Compilation)"],"gold_per_floor":[115,132,111,131,147,147,173,187,187,187,204,229,229,229,229,331,331,343,357,126,126,75,75,102,102,127,165,176,207,207,240,240,240,240],"floor_reached":33,"playtime":4320,"items_purged":["Defend_P"],"score":331,"play_id":"69842dbf-4d29-45a1-9860-d22457d419e8","local_time":"20210109212847","is_ascension_mode":true,"campfire_choices":[{"data":"Eruption","floor":6,"key":"SMITH"},{"floor":10,"key":"REST"},{"floor":15,"key":"REST"},{"floor":23,"key":"REST"},{"floor":25,"key":"REST"},{"floor":30,"key":"REST"},{"floor":32,"key":"REST"}],"circlet_count":0,"master_deck":["Strike_P","Strike_P","Strike_P","Strike_P","Defend_P","Defend_P","Defend_P","Eruption+1","Vigilance+1","FlyingSleeves","WindmillStrike","Wallop","FlyingSleeves","Establishment","FollowUp","Protect+1","Establishment","EmptyFist","FlurryOfBlows","Crescendo+1","EmptyBody+1","DeceiveReality+1","Prostrate"],"relics":["PureWater","Happy Flower","Matryoshka","Runic Pyramid","PreservedInsect","Lantern","Boot","War Paint","Bronze Scales","Dream Catcher"],"acts_visited":["Exordium","TheCity"],"potions_floor_usage":[18,27,27,31,33],"damage_taken":[{"damage":1,"enemies":"Jaw Worm","floor":1,"turns":3},{"damage":0,"enemies":"Small Slimes","floor":2,"turns":2},{"damage":4,"enemies":"2 Louse","floor":4,"turns":2},{"damage":9,"enemies":"Lots of Slimes","floor":5,"turns":5},{"damage":37,"enemies":"3 Sentries","floor":7,"turns":11},{"damage":10,"enemies":"Gremlin Gang","floor":8,"turns":4},{"damage":19,"enemies":"Exordium Thugs","floor":11,"turns":5},{"damage":6,"enemies":"Gremlin Nob","floor":12,"turns":3},{"damage":11,"enemies":"The Guardian","floor":16,"turns":15},{"damage":14,"enemies":"2 Thieves","floor":18,"turns":4},{"damage":5,"enemies":"Shell Parasite","floor":19,"turns":7},{"damage":26,"enemies":"Gremlin Leader","floor":24,"turns":5},{"damage":3,"enemies":"Snake Plant","floor":27,"turns":3},{"damage":1,"enemies":"3 Cultists","floor":28,"turns":6},{"damage":18,"enemies":"Book of Stabbing","floor":29,"turns":5},{"damage":22,"enemies":"Gremlin Leader","floor":31,"turns":4},{"damage":85,"enemies":"Collector","floor":33,"turns":10}],"seed_played":"-6816560485918596222","potions_obtained":[{"floor":2,"key":"Explosive Potion"},{"floor":5,"key":"Fire Potion"},{"floor":7,"key":"ColorlessPotion"},{"floor":18,"key":"DistilledChaos"},{"floor":29,"key":"DistilledChaos"}],"is_trial":false,"path_per_floor":["M","M","?","M","M","R","E","M","T","R","M","E","?","?","R","B",null,"M","M","$","?","$","R","E","R","T","M","M","E","R","E","R","B"],"character_chosen":"WATCHER","items_purchased":["PreservedInsect","FlurryOfBlows"],"campfire_rested":6,"item_purchase_floors":[20,22],"current_hp_per_floor":[78,78,78,74,65,65,28,18,18,41,22,16,16,16,39,28,79,65,60,60,45,45,70,44,69,69,66,65,47,72,50,75,0,0],"gold":240,"neow_bonus":"TEN_PERCENT_HP_BONUS","is_daily":false,"chose_seed":false,"campfire_upgraded":1,"win_rate":0.0,"timestamp":1610245727,"path_taken":["M","M","?","M","M","R","E","M","T","R","M","E","?","?","R","BOSS","M","M","$","?","$","R","E","R","T","M","M","E","R","E","R","BOSS"],"items_purchased_type":["Relic","Card"],"build_version":"2020-12-22","purchased_purges":1,"victory":false,"max_hp_per_floor":[79,79,79,79,79,79,79,79,79,79,79,79,79,79,79,79,79,79,79,79,84,84,84,84,84,84,84,84,84,84,84,84,84,84],"card_choices":[{"not_picked":["Crescendo","ThirdEye"],"picked":"FlyingSleeves","floor":1},{"not_picked":["ClearTheMind","TalkToTheHand"],"picked":"WindmillStrike","floor":2},{"not_picked":["SashWhip","Conclude"],"picked":"Wallop","floor":4},{"not_picked":["TalkToTheHand","EmptyMind"],"picked":"FlyingSleeves","floor":5},{"not_picked":["Sanctity","FlyingSleeves"],"picked":"Establishment","floor":7},{"not_picked":["Study","DeceiveReality"],"picked":"FollowUp","floor":8},{"not_picked":["FlyingSleeves","WaveOfTheHand"],"picked":"Protect","floor":11},{"not_picked":["WreathOfFlame","Halt","Wireheading"],"picked":"SKIP","floor":12},{"not_picked":["Vault","MasterReality"],"picked":"Establishment","floor":16},{"not_picked":["MentalFortress","LikeWater","CutThroughFate"],"picked":"SKIP","floor":18},{"not_picked":["PathToVictory","ForeignInfluence"],"picked":"EmptyFist","floor":19},{"not_picked":["PathToVictory","FearNoEvil"],"picked":"Crescendo+1","floor":24},{"not_picked":["Protect","ReachHeaven"],"picked":"EmptyBody+1","floor":27},{"not_picked":["WindmillStrike","Evaluate"],"picked":"DeceiveReality+1","floor":28},{"not_picked":["JustLucky","TalkToTheHand","Wallop"],"picked":"SKIP","floor":29},{"not_picked":["CutThroughFate","BowlingBash"],"picked":"Prostrate","floor":31}],"player_experience":352013,"relics_obtained":[{"floor":7,"key":"Happy Flower"},{"floor":12,"key":"Matryoshka"},{"floor":24,"key":"Lantern"},{"floor":26,"key":"Boot"},{"floor":26,"key":"War Paint"},{"floor":29,"key":"Bronze Scales"},{"floor":31,"key":"Dream Catcher"}],"event_choices":[{"damage_healed":0,"gold_gain":0,"player_choice":"Left Gold","damage_taken":0,"max_hp_gain":0,"max_hp_loss":0,"event_name":"World of Goop","floor":3,"gold_loss":21},{"damage_healed":0,"gold_gain":0,"player_choice":"Ignored","damage_taken":0,"max_hp_gain":0,"max_hp_loss":0,"event_name":"Liars Game","floor":13,"gold_loss":0},{"damage_healed":0,"gold_gain":0,"player_choice":"Ignored","damage_taken":0,"max_hp_gain":0,"max_hp_loss":0,"event_name":"Golden Idol","floor":14,"gold_loss":0},{"damage_healed":0,"gold_gain":0,"player_choice":"Shed Blood","damage_taken":20,"max_hp_gain":5,"max_hp_loss":0,"event_name":"Forgotten Altar","floor":21,"gold_loss":0}],"is_beta":false,"boss_relics":[{"not_picked":["Empty Cage","Snecko Eye"],"picked":"Runic Pyramid"}],"items_purged_floors":[20],"is_endless":false,"potions_floor_spawned":[2,5,7,11,12,18,19,24,29],"killed_by":"Collector","ascension_level":1}}