{"host":"tpbmol9dayg75a5s","time":1610319648,"event":{"mods":["BaseMod","Bestiary","Block Reminder","Colored Powertips","Downfall","Minty Spire (QoL Compilation)","StSLib"],"gold_per_floor":[119,3,20,36,49,49,82,82,161,185,185,185,232,174,174,251,251,271,285,285,125,138,138,173,173,197,275,275,275],"floor_reached":28,"playtime":2141,"items_purged":[],"score":445,"play_id":"39faacc8-949d-4832-ade7-a9c0cc47b423","local_time":"20210110200048","is_ascension_mode":true,"campfire_choices":[{"data":"Terror","floor":6,"key":"SMITH"},{"floor":8,"key":"REST"},{"floor":15,"key":"REST"},{"data":"Neutralize","floor":23,"key":"SMITH"},{"floor":25,"key":"REST"}],"circlet_count":0,"master_deck":["AscendersBane","Defend_G","Defend_G","Defend_G","Defend_G+1","Defend_G","Survivor","Neutralize+1","Quick Slash","Terror+1","Caltrops","PiercingWail","Grand Finale","Backflip+1","Grand Finale","After Image+1","Dash","Slimebound:Tackle+1","Slimebound:Tackle+1","Slimebound:Tackle+1","Cloak And Dagger","Die Die Die"],"relics":["Ring of the Snake","Gambling Chip","Blood Vial","Odd Mushroom","Frozen Egg 2","War Paint","expansioncontent:StudyCardRelic","Sling","Toxic Egg 2","Smiling Mask","Pear"],"acts_visited":["Exordium","TheCity"],"potions_floor_usage":[7,10,28,28],"damage_taken":[{"damage":0,"enemies":"2 Louse","floor":1,"turns":4},{"damage":0,"enemies":"Cultist","floor":3,"turns":3},{"damage":0,"enemies":"Small Slimes","floor":4,"turns":2},{"damage":13,"enemies":"Exordium Thugs","floor":5,"turns":7},{"damage":23,"enemies":"Lagavulin","floor":7,"turns":6},{"damage":17,"enemies":"The Mushroom Lair","floor":10,"turns":5},{"damage":30,"enemies":"The Guardian","floor":16,"turns":10},{"damage":9,"enemies":"Spheric Guardian","floor":18,"turns":4},{"damage":0,"enemies":"Chosen","floor":19,"turns":4},{"damage":20,"enemies":"Shelled Parasite and Fungi","floor":22,"turns":5},{"damage":16,"enemies":"Gremlin Leader","floor":24,"turns":4},{"damage":61,"enemies":"Slavers","floor":28,"turns":4}],"seed_played":"-2116382100879691505","potions_obtained":[{"floor":3,"key":"Poison Potion"},{"floor":7,"key":"BlessingOfTheForge"},{"floor":10,"key":"Explosive Potion"},{"floor":16,"key":"Dexterity Potion"},{"floor":18,"key":"Fire Potion"}],"is_trial":false,"path_per_floor":["M","?","M","M","M","R","E","R","T","?","?","?","T","?","R","B",null,"M","M","?","$","M","R","E","R","T","T","E"],"character_chosen":"THE_SILENT","items_purchased":["Sling"],"campfire_rested":3,"item_purchase_floors":[21],"current_hp_per_floor":[65,65,65,65,52,52,29,50,50,35,35,17,17,17,38,10,57,50,52,52,52,34,34,20,41,41,51,0,0],"gold":275,"neow_bonus":"TEN_PERCENT_HP_BONUS","is_daily":false,"chose_seed":false,"campfire_upgraded":2,"win_rate":0.0,"timestamp":1610319648,"path_taken":["M","?","M","M","?","R","E","R","T","?","?","?","?","?","R","BOSS","M","M","?","$","M","R","E","R","T","?","E"],"items_purchased_type":["Relic"],"build_version":"2020-12-22","purchased_purges":0,"victory":false,"max_hp_per_floor":[72,72,72,72,72,72,72,72,72,72,72,72,72,72,72,72,72,72,72,72,72,72,72,72,72,72,82,82,82],"card_choices":[{"not_picked":["Sucker Punch","Backflip"],"picked":"Quick Slash","floor":1},{"not_picked":["Acrobatics","PiercingWail"],"picked":"Terror","floor":3},{"not_picked":["Acrobatics","Bane"],"picked":"Caltrops","floor":4},{"not_picked":["Predator","Outmaneuver"],"picked":"PiercingWail","floor":5},{"not_picked":["Distraction","Dagger Spray"],"picked":"Grand Finale","floor":7},{"not_picked":["Bane","Outmaneuver"],"picked":"Backflip","floor":10},{"not_picked":["Doppelganger","Night Terror"],"picked":"After Image+1","floor":16},{"not_picked":["Dagger Spray","Acrobatics"],"picked":"Dash","floor":18},{"not_picked":["Flechettes","Acrobatics","Underhanded Strike+1"],"picked":"SKIP","floor":19},{"not_picked":["Sucker Punch","Predator"],"picked":"Cloak And Dagger","floor":22},{"not_picked":["Reflex+1","Endless Agony"],"picked":"Die Die Die","floor":24}],"player_experience":1009091,"relics_obtained":[{"floor":7,"key":"Blood Vial"},{"floor":10,"key":"Odd Mushroom"},{"floor":13,"key":"War Paint"},{"floor":24,"key":"Toxic Egg 2"},{"floor":26,"key":"Smiling Mask"},{"floor":27,"key":"Pear"}],"event_choices":[{"damage_healed":0,"gold_gain":0,"player_choice":"Paid Gold","damage_taken":0,"relics_obtained":["Gambling Chip"],"max_hp_gain":0,"max_hp_loss":0,"event_name":"WeMeetAgain","floor":2,"gold_loss":116},{"damage_healed":0,"gold_gain":0,"player_choice":"Fought Mushrooms","damage_taken":0,"max_hp_gain":0,"max_hp_loss":0,"event_name":"Mushrooms","floor":10,"gold_loss":0},{"damage_healed":0,"gold_gain":0,"cards_transformed":["Strike_G"],"player_choice":"Change","damage_taken":0,"max_hp_gain":0,"max_hp_loss":0,"event_name":"Living Wall","floor":11,"gold_loss":0,"cards_obtained":["Grand Finale"]},{"damage_healed":0,"gold_gain":0,"player_choice":"Success","damage_taken":18,"relics_obtained":["Frozen Egg 2"],"max_hp_gain":0,"max_hp_loss":0,"event_name":"Scrap Ooze","floor":12,"gold_loss":0},{"damage_healed":0,"gold_gain":0,"player_choice":"Left Gold","damage_taken":0,"max_hp_gain":0,"max_hp_loss":0,"event_name":"World of Goop","floor":14,"gold_loss":58}],"is_beta":false,"boss_relics":[{"not_picked":["Busted Crown","Tiny House"],"picked":"expansioncontent:StudyCardRelic"}],"items_purged_floors":[],"is_endless":false,"potions_floor_spawned":[3,7,10,16,18,19,22],"killed_by":"Slavers","ascension_level":18}}