{"host":"mdbnki27vzqujy5q","time":1610271635,"event":{"mods":["BaseMod","Colored Powertips","Minty Spire (QoL Compilation)","Quick Restart"],"gold_per_floor":[119,194,144,144,29,63,63,63,117,117,133,133,177,200,200,329,329,354,375,119,15,114,114,114,114],"floor_reached":24,"playtime":770,"items_purged":["Strike_G","Defend_G","Defend_G"],"score":220,"play_id":"0af73a9b-7abe-43be-bbb2-1e384a5eda35","local_time":"20210110014035","is_ascension_mode":true,"campfire_choices":[{"data":"Noxious Fumes","floor":10.0,"key":"SMITH"},{"data":"Neutralize","floor":12.0,"key":"SMITH"},{"floor":15.0,"key":"REST"},{"floor":23,"key":"REST"}],"circlet_count":0,"master_deck":["Strike_G","Strike_G","Strike_G+1","Strike_G","Defend_G","Defend_G","Survivor+1","Neutralize+1","Deadly Poison","Noxious Fumes+1","Corpse Explosion","All Out Attack","After Image","Backstab","Underhanded Strike","Footwork+1"],"relics":["Ring of the Snake","Boot","The Courier","Golden Idol","Omamori","Smiling Mask","Calling Bell","Potion Belt","Question Card","Ice Cream","Frozen Egg 2"],"acts_visited":["Exordium","TheCity"],"potions_floor_usage":[24,24],"damage_taken":[{"damage":0.0,"enemies":"2 Louse","floor":1.0,"turns":2.0},{"damage":21.0,"enemies":"3 Sentries","floor":6.0,"turns":8.0},{"damage":10.0,"enemies":"Small Slimes","floor":11.0,"turns":2.0},{"damage":22.0,"enemies":"Gremlin Nob","floor":13.0,"turns":4.0},{"damage":10.0,"enemies":"Cultist","floor":14.0,"turns":4.0},{"damage":27.0,"enemies":"Slime Boss","floor":16.0,"turns":9.0},{"damage":26.0,"enemies":"Spheric Guardian","floor":18.0,"turns":5.0},{"damage":33.0,"enemies":"2 Thieves","floor":19.0,"turns":3.0},{"damage":60,"enemies":"Slavers","floor":24,"turns":3}],"seed_played":"-5623587098633397652","potions_obtained":[{"floor":11.0,"key":"Poison Potion"},{"floor":14.0,"key":"Regen Potion"},{"floor":18.0,"key":"EssenceOfSteel"}],"is_trial":false,"path_per_floor":["M","?","?","?","$","E","?","?","T","R","M","R","E","M","R","B",null,"M","M","$","$","?","R","E"],"character_chosen":"THE_SILENT","items_purchased":["Noxious Fumes","Frozen Egg 2","Footwork+1"],"campfire_rested":2,"item_purchase_floors":[5,20,21],"current_hp_per_floor":[70,59,59,45,45,24,7,80,80,80,70,70,48,38,62,35,80,54,21,21,21,21,45,0,0],"gold":114,"neow_bonus":"RANDOM_COMMON_RELIC","is_daily":false,"chose_seed":false,"campfire_upgraded":2,"win_rate":0.0,"timestamp":1610271635,"path_taken":["M","?","?","?","$","E","?","?","T","R","M","R","E","?","R","BOSS","M","M","?","$","?","R","E"],"items_purchased_type":["Card","Relic","Card"],"build_version":"2020-12-22","purchased_purges":3,"victory":false,"max_hp_per_floor":[70,70,70,70,70,70,70,80,80,80,80,80,80,80,80,80,80,80,80,80,80,80,80,80,80],"card_choices":[{"not_picked":["Deflect","Dagger Throw"],"picked":"Deadly Poison","floor":1.0},{"not_picked":["Deadly Poison","Bane"],"picked":"After Image","floor":6.0},{"not_picked":["Tactician","Acrobatics","Outmaneuver"],"picked":"SKIP","floor":11.0},{"not_picked":["Deflect","Outmaneuver"],"picked":"Corpse Explosion","floor":13.0},{"not_picked":["Choke","Flechettes"],"picked":"All Out Attack","floor":14.0},{"not_picked":["Storm of Steel","Night Terror"],"picked":"After Image","floor":16.0},{"not_picked":["Underhanded Strike","Reflex","Cloak And Dagger"],"picked":"Backstab","floor":18.0},{"not_picked":["Tactician","Prepared","Leg Sweep"],"picked":"Underhanded Strike","floor":19}],"player_experience":58534,"relics_obtained":[{"floor":6.0,"key":"The Courier"},{"floor":9.0,"key":"Omamori"},{"floor":13.0,"key":"Smiling Mask"},{"floor":17.0,"key":"Potion Belt"},{"floor":17.0,"key":"Question Card"},{"floor":17.0,"key":"Ice Cream"}],"event_choices":[{"damage_healed":0.0,"max_hp_gain":0.0,"max_hp_loss":0.0,"gold_gain":75.0,"event_name":"World of Goop","player_choice":"Gather Gold","floor":2.0,"gold_loss":0.0,"damage_taken":11.0},{"cards_removed":["Defend_G"],"damage_healed":0.0,"max_hp_gain":0.0,"max_hp_loss":0.0,"gold_gain":0.0,"event_name":"The Cleric","player_choice":"Card Removal","floor":3.0,"gold_loss":50.0,"damage_taken":0.0},{"damage_healed":0.0,"max_hp_gain":0.0,"max_hp_loss":0.0,"gold_gain":0.0,"event_name":"Shining Light","player_choice":"Entered Light","floor":4.0,"gold_loss":0.0,"damage_taken":14.0,"cards_upgraded":["Strike_G","Survivor"]},{"damage_healed":0.0,"max_hp_gain":0.0,"max_hp_loss":0.0,"gold_gain":0.0,"event_name":"Golden Idol","player_choice":"Take Damage","floor":7.0,"gold_loss":0.0,"damage_taken":17.0,"relics_obtained":["Golden Idol"]},{"cards_removed":["After Image"],"damage_healed":63.0,"max_hp_gain":10.0,"max_hp_loss":0.0,"gold_gain":0.0,"event_name":"Bonfire Elementals","player_choice":"Offered Rare","floor":8.0,"gold_loss":0.0,"damage_taken":0.0},{"damage_healed":0,"gold_gain":99,"player_choice":"Stole From Cult","damage_taken":0,"max_hp_gain":0,"max_hp_loss":0,"event_name":"Nest","floor":22,"gold_loss":0}],"is_beta":false,"boss_relics":[{"not_picked":["Empty Cage","Sozu"],"picked":"Calling Bell"}],"items_purged_floors":[5,20,21],"is_endless":false,"potions_floor_spawned":[11,14,18],"killed_by":"Slavers","ascension_level":2}}