{"host":"2t5wqx5om8wmj2wi","time":1610282285,"event":{"mods":["2.2 Compatiblity","Abigail Mod","Act Like it!","Arknights The Spire","Aspiration","BaseMod","Better-Laid Plans","Conspire","Downfall","Friendly Minions","Gensokyo","Kiyohime¡]²M®V¡^","Marisa¡]Ãú«B¡@Å]²z¨F¡^","Minty Spire (QoL Compilation)","MostiFishMod","Pale of the Ancients","Prisma Mod","Rare Cards Sparkle","Remilia¡]Á¢¦Ì²ú?¡^","Replay The Spire","RumiaBox-ÅS¦Ì?ªº¯«¯µ²°¤l","StSLib","The Animator","Yuri Mod","Yuyuko","¡i?ª«¥dµP¡jREMEMod"],"gold_per_floor":[117,42,68,93,93,122,122,122,122],"floor_reached":8,"playtime":254,"items_purged":["Strike_G"],"score":77,"play_id":"76aa0ef6-e7aa-4de3-bb98-08f68a67e448","local_time":"20210110203805","is_ascension_mode":false,"campfire_choices":[{"data":"Tactician","floor":7,"key":"SMITH"}],"circlet_count":0,"master_deck":["Strike_G","Strike_G","Strike_G","Strike_G","Defend_G","Defend_G","Defend_G","Defend_G","Defend_G","Survivor","Neutralize","Tactician+1","Catalyst","sneckomod:Bewildered","Draining Mist"],"relics":["Ring of the Snake","DaveBox","REME_ComplimentaryCards","NeowsBlessing","SynthV:TestCard","Ancient Tea Set","Gremlin Food","ReplayTheSpireMod:Ring of Exchange","REME_HandOfSuture"],"acts_visited":["Gensokyo:Gensokyo"],"potions_floor_usage":[8,8],"damage_taken":[{"damage":0,"enemies":"Gensokyo:Gryphon","floor":1,"turns":1},{"damage":0,"enemies":"conspire:MimicChest","floor":3,"turns":1},{"damage":0,"enemies":"Gensokyo:Cirno","floor":6,"turns":2},{"damage":74,"enemies":"Gensokyo:Mamizou","floor":8,"turns":13}],"seed_played":"1008389555588581577","potions_obtained":[{"floor":1,"key":"SpeedPotion"},{"floor":6,"key":"LifebloodPotion"}],"is_trial":false,"path_per_floor":["M","$","?","T","?","E","R","E"],"character_chosen":"THE_SILENT","items_purchased":[],"campfire_rested":0,"item_purchase_floors":[],"current_hp_per_floor":[70,70,70,70,70,70,70,0,0],"gold":122,"neow_bonus":"THREE_ENEMY_KILL","is_daily":false,"chose_seed":false,"campfire_upgraded":1,"win_rate":0.0,"timestamp":1610282285,"path_taken":["M","$","?","?","?","E","R","E"],"items_purchased_type":[],"build_version":"2020-12-22","purchased_purges":1,"victory":false,"max_hp_per_floor":[70,70,70,70,70,70,70,70,70],"card_choices":[{"not_picked":["Outmaneuver","conspire:PoisonWeapons"],"picked":"Tactician","floor":1},{"not_picked":["Quick Slash","Dagger Spray","Backstab","Flying Knee"],"picked":"Catalyst","floor":3},{"not_picked":["Choke","PiercingWail","Escape Plan","Quick Slash"],"picked":"Draining Mist","floor":6}],"player_experience":276787,"relics_obtained":[{"floor":1,"key":"SynthV:TestCard"},{"floor":3,"key":"Ancient Tea Set"},{"floor":4,"key":"Gremlin Food"},{"floor":5,"key":"ReplayTheSpireMod:Ring of Exchange"},{"floor":6,"key":"REME_HandOfSuture"}],"event_choices":[],"is_beta":false,"boss_relics":[],"items_purged_floors":[2],"is_endless":false,"potions_floor_spawned":[1,6],"killed_by":"Gensokyo:Mamizou","ascension_level":0}}