{"host":"y3h3n3f7seyagppx","time":1610245668,"event":{"mods":["AlwaysNeverKeys","BaseMod","Better Vampires","Colored Powertips","DeckTracker","Emptier Cage","Minty Spire (QoL Compilation)","Permanent Neow","Quick Restart","Rare Cards Sparkle","Relic Sorter","Relic Stats","StSLib","Transform Curses"],"gold_per_floor":[117,136,136,147,157,189,206,223,249,249,276,276,302,302,302,302,302],"floor_reached":16,"playtime":1255,"items_purged":[],"score":244,"play_id":"dbea258e-a28d-49e4-81fb-07ef9339c8be","local_time":"20210109212748","is_ascension_mode":true,"campfire_choices":[{"data":"Armaments","floor":10,"key":"SMITH"},{"floor":12,"key":"REST"},{"data":"Clothesline","floor":15,"key":"SMITH"}],"circlet_count":0,"master_deck":["AscendersBane","Strike_R","Strike_R","Strike_R","Strike_R","Defend_R","Defend_R","Defend_R","Defend_R","Bash","Clothesline+1","Anger","Armaments+1","Reckless Charge"],"relics":["Burning Blood","Charon\u0027s Ashes","Eternal Feather","Art of War","White Beast Statue","Oddly Smooth Stone"],"acts_visited":["Exordium"],"potions_floor_usage":[6,11,11],"damage_taken":[{"damage":1.0,"enemies":"2 Louse","floor":1.0,"turns":2.0},{"damage":7.0,"enemies":"Cultist","floor":2.0,"turns":4.0},{"damage":9,"enemies":"Jaw Worm","floor":4,"turns":3},{"damage":4,"enemies":"Looter","floor":5,"turns":3},{"damage":8,"enemies":"Gremlin Nob","floor":6,"turns":3},{"damage":27,"enemies":"Large Slime","floor":7,"turns":7},{"damage":23,"enemies":"Exordium Wildlife","floor":8,"turns":5},{"damage":17,"enemies":"3 Sentries","floor":11,"turns":6},{"damage":32,"enemies":"Lagavulin","floor":13,"turns":10},{"damage":29,"enemies":"The Guardian","floor":16,"turns":6}],"seed_played":"8607009709350149927","potions_obtained":[{"floor":1.0,"key":"AttackPotion"},{"floor":7,"key":"Energy Potion"},{"floor":8,"key":"DistilledChaos"},{"floor":13,"key":"SpeedPotion"}],"is_trial":false,"path_per_floor":["M","M","?","M","M","E","M","M","T","R","E","R","E","?","R","B"],"character_chosen":"IRONCLAD","items_purchased":[],"campfire_rested":1,"item_purchase_floors":[],"current_hp_per_floor":[68,67,67,64,66,64,43,26,26,32,21,47,21,21,27,0,0],"gold":302,"neow_bonus":"ONE_RARE_RELIC","is_daily":false,"chose_seed":false,"campfire_upgraded":2,"win_rate":0.0,"timestamp":1610245668,"path_taken":["M","M","?","M","M","E","?","M","T","R","E","R","E","?","R","BOSS"],"items_purchased_type":[],"build_version":"2020-12-22","purchased_purges":0,"victory":false,"max_hp_per_floor":[68,68,68,68,68,68,68,68,68,68,68,68,68,68,68,68,68],"relic_stats":{"counters":[10,49],"Eternal Feather":18,"Charon\u0027s Ashes":[57],"Art of War":[3],"obtain_stats":[{"Oddly Smooth Stone":13,"Eternal Feather":6,"Charon\u0027s Ashes":0,"Art of War":9,"Burning Blood":0,"White Beast Statue":11},{"Oddly Smooth Stone":9,"Eternal Feather":5,"Charon\u0027s Ashes":0,"Art of War":7,"Burning Blood":0,"White Beast Statue":8},{"Oddly Smooth Stone":43,"Eternal Feather":15,"Charon\u0027s Ashes":0,"Art of War":27,"Burning Blood":0,"White Beast Statue":33}],"Burning Blood":49},"card_choices":[{"not_picked":["Disarm","Body Slam"],"picked":"Clothesline","floor":1.0},{"not_picked":["Wild Strike","Body Slam"],"picked":"Anger","floor":2.0},{"not_picked":["Cleave","Wild Strike","Headbutt"],"picked":"SKIP","floor":4},{"not_picked":["Warcry","Pommel Strike","Cleave"],"picked":"SKIP","floor":5},{"not_picked":["Flex","Iron Wave","Anger"],"picked":"SKIP","floor":6},{"not_picked":["Thunderclap","Seeing Red"],"picked":"Armaments","floor":7},{"not_picked":["Sentinel","Dropkick","Havoc"],"picked":"SKIP","floor":8},{"not_picked":["Seeing Red","Dark Embrace","Feel No Pain"],"picked":"SKIP","floor":11},{"not_picked":["Sword Boomerang","Whirlwind","Bludgeon"],"picked":"SKIP","floor":13}],"player_experience":20601682,"relics_obtained":[{"floor":6,"key":"Eternal Feather"},{"floor":9,"key":"Art of War"},{"floor":11,"key":"White Beast Statue"},{"floor":13,"key":"Oddly Smooth Stone"}],"event_choices":[{"damage_healed":0,"gold_gain":0,"player_choice":"0 cards matched","damage_taken":0,"max_hp_gain":0,"max_hp_loss":0,"event_name":"Match and Keep!","floor":3,"gold_loss":0,"cards_obtained":[]},{"damage_healed":0,"gold_gain":0,"cards_transformed":["Strike_R"],"player_choice":"Change","damage_taken":0,"max_hp_gain":0,"max_hp_loss":0,"event_name":"Living Wall","floor":14,"gold_loss":0,"cards_obtained":["Reckless Charge"]}],"is_beta":false,"boss_relics":[],"items_purged_floors":[],"is_endless":false,"potions_floor_spawned":[1,7,8,13],"killed_by":"The Guardian","ascension_level":20}}