{"host":"4qkvkh7pd9qr2mca","time":1610305467,"event":{"mods":["AchievementEnabler","BaseMod","Colored Map","Colored Powertips","Highlight Path","Minty Spire (QoL Compilation)","Permanent Neow","Quick Restart","StSLib","SuperFastMode"],"gold_per_floor":[113,123,123,136,146,178,197,197,224,189,189,189,1,13,13,87,87,102,113,113,129,129,129],"floor_reached":22,"playtime":728,"items_purged":[],"score":376,"play_id":"4936d7ab-6b7c-4e44-aed6-6c3d782c9fcb","local_time":"20210110200427","is_ascension_mode":true,"campfire_choices":[{"data":"1","floor":8,"key":"LIFT"},{"data":"2","floor":11,"key":"LIFT"},{"data":"3","floor":15,"key":"LIFT"}],"circlet_count":0,"master_deck":["AscendersBane","Strike_G","Strike_G","Strike_G","Strike_G","Strike_G","Defend_G","Defend_G","Defend_G","Defend_G","Defend_G","Survivor","Neutralize","Flying Knee","Terror","Cloak And Dagger","Backflip","Noxious Fumes","Footwork","Malaise","Choke","PiercingWail+1","Catalyst"],"relics":["Ring of the Snake","Girya","CaptainsWheel","Juzu Bracelet","Bag of Marbles","Membership Card","Cursed Key","Enchiridion"],"acts_visited":["Exordium","TheCity"],"potions_floor_usage":[5,19],"damage_taken":[{"damage":0,"enemies":"2 Louse","floor":1,"turns":5},{"damage":1,"enemies":"Small Slimes","floor":2,"turns":4},{"damage":0,"enemies":"Cultist","floor":4,"turns":3},{"damage":11,"enemies":"Large Slime","floor":5,"turns":8},{"damage":29,"enemies":"Gremlin Nob","floor":6,"turns":4},{"damage":0,"enemies":"3 Louse","floor":7,"turns":4},{"damage":0,"enemies":"2 Fungi Beasts","floor":14,"turns":4},{"damage":6,"enemies":"The Guardian","floor":16,"turns":11},{"damage":2,"enemies":"Shell Parasite","floor":18,"turns":7},{"damage":6,"enemies":"2 Thieves","floor":19,"turns":4},{"damage":26,"enemies":"Cultist and Chosen","floor":21,"turns":6},{"damage":10,"enemies":"Sentry and Sphere","floor":22,"turns":5}],"seed_played":"-9172648908936383961","potions_obtained":[{"floor":2,"key":"FearPotion"},{"floor":6,"key":"ColorlessPotion"},{"floor":7,"key":"BlessingOfTheForge"},{"floor":18,"key":"SteroidPotion"}],"is_trial":false,"path_per_floor":["M","M","?","M","M","E","M","R","T","?","R","?","$","M","R","B",null,"M","M","?","M","M"],"character_chosen":"THE_SILENT","items_purchased":["Membership Card","Footwork"],"campfire_rested":0,"item_purchase_floors":[13,13],"current_hp_per_floor":[59,58,63,63,52,23,23,23,23,39,39,39,39,39,39,33,57,55,49,28,2,0,0],"gold":129,"neow_bonus":"ONE_RARE_RELIC","is_daily":false,"chose_seed":false,"campfire_upgraded":0,"win_rate":0.0,"timestamp":1610305467,"path_taken":["M","M","?","M","M","E","M","R","T","?","R","?","$","M","R","BOSS","M","M","?","M","M"],"items_purchased_type":["Relic","Card"],"build_version":"2020-12-22","purchased_purges":0,"victory":false,"max_hp_per_floor":[60,60,65,65,65,65,65,65,65,65,65,65,65,65,65,65,65,65,65,65,65,65,65],"card_choices":[{"not_picked":["Prepared","PiercingWail"],"picked":"Flying Knee","floor":1},{"not_picked":["Dagger Spray","Flying Knee"],"picked":"Terror","floor":2},{"not_picked":["Sucker Punch","Accuracy"],"picked":"Cloak And Dagger","floor":4},{"not_picked":["Deflect","Prepared","Poisoned Stab"],"picked":"SKIP","floor":5},{"not_picked":["Concentrate","Skewer"],"picked":"Backflip","floor":6},{"not_picked":["Dagger Throw","Catalyst"],"picked":"Noxious Fumes","floor":7},{"not_picked":["Poisoned Stab","Underhanded Strike","Deflect"],"picked":"SKIP","floor":14},{"not_picked":["Doppelganger","Corpse Explosion"],"picked":"Malaise","floor":16},{"not_picked":["Expertise","Deflect"],"picked":"Choke","floor":18},{"not_picked":["Concentrate","Bouncing Flask"],"picked":"PiercingWail+1","floor":19},{"not_picked":["Deflect","Acrobatics"],"picked":"Catalyst","floor":21}],"player_experience":535218,"relics_obtained":[{"floor":6,"key":"CaptainsWheel"},{"floor":9,"key":"Juzu Bracelet"},{"floor":20,"key":"Enchiridion"}],"event_choices":[{"damage_healed":0,"gold_gain":0,"player_choice":"Donut","damage_taken":0,"max_hp_gain":5,"max_hp_loss":0,"event_name":"Big Fish","floor":3,"gold_loss":0},{"damage_healed":16,"gold_gain":0,"player_choice":"Healed","damage_taken":0,"max_hp_gain":0,"max_hp_loss":0,"event_name":"The Cleric","floor":10,"gold_loss":35},{"damage_healed":0,"gold_gain":0,"player_choice":"Searched \u00271\u0027 times","damage_taken":0,"relics_obtained":["Bag of Marbles"],"max_hp_gain":0,"max_hp_loss":0,"event_name":"Dead Adventurer","floor":12,"gold_loss":0},{"damage_healed":0,"gold_gain":0,"player_choice":"Obtained Book","damage_taken":21,"max_hp_gain":0,"max_hp_loss":0,"event_name":"Cursed Tome","floor":20,"gold_loss":0}],"is_beta":false,"boss_relics":[{"not_picked":["Philosopher\u0027s Stone","Tiny House"],"picked":"Cursed Key"}],"items_purged_floors":[],"is_endless":false,"potions_floor_spawned":[2,6,7,18],"killed_by":"Sentry and Sphere","ascension_level":20}}