{"host":"qzpuxnheibnu7155","time":1610257858,"event":{"mods":["Act Like it!","BaseMod","Displayed Cursed Tome","Minty Spire (QoL Compilation)","MostiFishMod","Pale of the Ancients","Remilia（蕾米莉亚）","RumiaBox-露米娅的神秘盒子","StSLib","TestMod","Waifu the Spire","【功能Mod】Neow奖励","【遗物卡牌】REMEMod","没有小屋子和绿帽子啦"],"gold_per_floor":[111,111,129,147,147,190,190,190,190,265,265,298,330,368,368,459,459,502,521,237,261,261,304,704,449,528,528,653,653,674,708,708,797,797,811,824,530,530,546,581,581,617,617,163,212,212,249,280,280,286,307,346,386,366,278,278,303,303,303,303,315],"floor_reached":62,"playtime":2526,"items_purged":["Strike_RM","Strike_RM","Strike_RM","Strike_RM","Defend_RM"],"score":3793,"play_id":"bdd8de51-66ac-45e6-9d7c-bf7c991f61cf","local_time":"20210110135058","is_ascension_mode":true,"campfire_choices":[{"floor":7.0,"key":"RECALL"},{"data":"ForecastOfChange","floor":11.0,"key":"SMITH"},{"data":"MastersStateliness","floor":15.0,"key":"SMITH"},{"data":"Apotheosis","floor":27.0,"key":"SMITH"},{"data":"ScarletMeister","floor":29.0,"key":"SMITH"},{"data":"MastersStateliness","floor":32.0,"key":"SMITH"},{"data":"MastersStateliness","floor":41.0,"key":"SMITH"},{"data":"QueenOfMidnight","floor":46,"key":"SMITH"},{"data":"BatForm","floor":49,"key":"SMITH"},{"data":"MastersStateliness","floor":56,"key":"SMITH"},{"data":"ScarletSymphony","floor":58,"key":"SMITH"}],"circlet_count":0,"master_deck":["AscendersBane","Defend_RM","RedMoon","ScarletShoot","MostiFishMod:PreservedThorns+1","UnstableMagic","DiffusionOfMisfortune","ForecastOfChange+1","MastersStateliness+1","ScarletMeister+1","Ultimatum","BombardNight+1","Apotheosis+1","BloodyHallows","ScarletSymphony+1","MastersStateliness+1","DiffusionOfMisfortune+1","TransientEternity","MastersStateliness+1","MastersStateliness+1","TransientEternity","DiffusionOfMisfortune+1","DiffusionOfMisfortune+1","QueenOfMidnight+1","BatForm+1","LeisurelyOfLord+1"],"relics":["ScarletHat","DaveBox","REME_ComplimentaryCards","testmod-LifeArmor","Civilization","SynthV:TestCard","Baka","Thread and Needle","Thread and Needle","Golden Idol","Bird Faced Urn","REME_HourglassOfDeath","GodSword5","SSSystem","Coffee Dripper","Sundial","Kunai","Torii","LastBattle","Strawberry","Molten Egg 2","testmod-EnergyCheck","testmod-LifeArmor","REME_OnlineShoppingPlatform","GodSword6","REME_ArchaeologicalTools","testmod-ArcanaOfDestiny","Membership Card","Bottled Tornado","paleoftheancients:Timepiece","paleoftheancients:KeyRelic","paleoftheancients:SoulOfTheBard","testmod-CyclicPeriapt"],"acts_visited":["Exordium","TheCity","TheBeyond","paleoftheancients:PaleOfTheAncients"],"potions_floor_usage":[],"damage_taken":[{"damage":0.0,"enemies":"Small Slimes","floor":1.0,"turns":2.0},{"damage":0.0,"enemies":"Cultist","floor":3.0,"turns":2.0},{"damage":0.0,"enemies":"Jaw Worm","floor":4.0,"turns":2.0},{"damage":17.0,"enemies":"3 Sentries","floor":6.0,"turns":3.0},{"damage":0.0,"enemies":"Gremlin Nob","floor":12.0,"turns":2.0},{"damage":0.0,"enemies":"Exordium Wildlife","floor":13.0,"turns":2.0},{"damage":0.0,"enemies":"Lagavulin","floor":14.0,"turns":2.0},{"damage":0.0,"enemies":"Slime Boss","floor":16.0,"turns":3.0},{"damage":0.0,"enemies":"Spheric Guardian","floor":18.0,"turns":2.0},{"damage":0.0,"enemies":"Chosen","floor":19.0,"turns":1.0},{"damage":0.0,"enemies":"3 Cultists","floor":21.0,"turns":1.0},{"damage":0.0,"enemies":"Gremlin Leader","floor":23.0,"turns":1.0},{"damage":8.0,"enemies":"Colosseum Slavers","floor":28.0,"turns":2.0},{"damage":0.0,"enemies":"Colosseum Nobs","floor":28.0,"turns":1.0},{"damage":0.0,"enemies":"Snake Plant","floor":30.0,"turns":1.0},{"damage":8.0,"enemies":"Slavers","floor":31.0,"turns":1.0},{"damage":20.0,"enemies":"Champ","floor":33.0,"turns":2.0},{"damage":0.0,"enemies":"3 Darklings","floor":35.0,"turns":1.0},{"damage":15.0,"enemies":"3 Shapes","floor":36.0,"turns":2.0},{"damage":0.0,"enemies":"Writhing Mass","floor":39.0,"turns":1.0},{"damage":0.0,"enemies":"Nemesis","floor":40.0,"turns":1.0},{"damage":0.0,"enemies":"Reptomancer","floor":42.0,"turns":1.0},{"damage":16,"enemies":"Sphere and 2 Shapes","floor":45,"turns":2},{"damage":0,"enemies":"Spire Growth","floor":47,"turns":2},{"damage":0,"enemies":"Writhing Mass","floor":48,"turns":1},{"damage":0,"enemies":"Donu and Deca","floor":50,"turns":1},{"damage":0,"enemies":"Time Eater","floor":51,"turns":1},{"damage":0,"enemies":"Time Eater","floor":52,"turns":1},{"damage":8,"enemies":"Time Eater","floor":53,"turns":4},{"damage":0,"enemies":"Time Eater","floor":57,"turns":1},{"damage":0,"enemies":"paleoftheancients:N","floor":61,"turns":2}],"seed_played":"-2414857554916741696","potions_obtained":[{"floor":1.0,"key":"Dexterity Potion"},{"floor":3.0,"key":"BlessingOfTheForge"},{"floor":23.0,"key":"PowerPotion"}],"is_trial":false,"path_per_floor":["M","?","M","M","?","E","R","T","T","?","R","E","M","E","R","B",null,"M","M","$","M","?","E","?","$","T","R","?","R","M","E","R","B",null,"M","M","$","?","M","E","R","E","T","$","M","R","M","M","R","B","B","M","M","?","$","R","M","R","T","?","B",null],"character_chosen":"REMILIA","items_purchased":["Apotheosis","BloodyCatastrophe","REME_OnlineShoppingPlatform","Membership Card","Bottled Tornado","BatForm"],"campfire_rested":0,"item_purchase_floors":[20,25,37,44,44,44],"current_hp_per_floor":[65,65,68,72,47,41,41,41,41,30,30,44,56,77,77,101,119,135,150,150,177,177,198,198,198,198,198,246,246,279,307,307,327,337,374,409,409,392,432,473,473,517,517,517,564,564,612,661,661,712,802,856,913,913,913,913,971,971,971,971,1035],"gold":315,"neow_bonus":"REMOVE_TWO","is_daily":false,"chose_seed":false,"campfire_upgraded":10,"win_rate":0.0,"timestamp":1610257858,"path_taken":["M","?","M","?","?","E","R","?","T","?","R","E","M","E","R","BOSS","M","M","$","M","?","E","?","$","T","R","?","R","M","E","R","BOSS","M","M","$","?","M","E","R","E","T","$","M","R","M","M","R","BOSS","BOSS","M","M","?","$","R","M","R","T","?","BOSS"],"items_purchased_type":["Card","Card","Relic","Relic","Relic","Card"],"build_version":"2020-12-22","purchased_purges":5,"victory":true,"max_hp_per_floor":[65,65,68,72,72,79,79,79,79,79,79,87,97,108,108,121,121,135,150,150,177,177,198,198,198,198,198,246,246,279,308,308,338,338,374,413,413,392,432,473,473,517,517,517,564,564,612,661,661,712,802,856,913,913,913,913,971,971,971,971,1035],"card_choices":[{"not_picked":["Stigmanizer","ScarletImprint"],"picked":"UnstableMagic","floor":1.0},{"not_picked":["RedRainbow","ReincarnationDial","VampireKiss","FitfulNightmare"],"picked":"DiffusionOfMisfortune","floor":3.0},{"not_picked":["CharismaGuard","Stigmanizer","ChainGang","RedRainbow"],"picked":"ForecastOfChange","floor":4.0},{"not_picked":["StarOfDavid","MiserableFate","ScarletImprint","FavorOfDestiny"],"picked":"VampirishNight","floor":6.0},{"not_picked":["BloodHunter","BombardNight","GlobalNightmare","FavorOfDestiny"],"picked":"MastersStateliness","floor":12.0},{"not_picked":["VampireKiss","CharismaGuard","BombardNight","StarOfDavid","FitfulNightmare"],"picked":"SKIP","floor":13.0},{"not_picked":["ChaoticDestiny","NightDance","ReincarnationDial","ScarletDevilSign","BombardNight"],"picked":"SKIP","floor":14.0},{"not_picked":["HeartBreak","ChaoticDestiny","KillingBlow","ForecastOfChange"],"picked":"ScarletMeister","floor":16.0},{"not_picked":["ChainGang","CharismaGuard+1","ScarletImprint","BloodyTrap"],"picked":"Ultimatum","floor":18.0},{"not_picked":["ChainGang","RedRainbow","FavorOfDestiny","Stigmanizer+1"],"picked":"BombardNight+1","floor":19.0},{"not_picked":["DiffusionOfMisfortune","FitfulNightmare+1","ScarletDevil","BombardNight"],"picked":"BloodyHallows","floor":21.0},{"not_picked":["EndlessAdversity","NightDance","StarOfDavid","Septette","EmergencyRegeneration"],"picked":"SKIP","floor":23.0},{"not_picked":["GlobalNightmare","ScarletDevil","UnderTheZenith","ScarletImprint"],"picked":"ScarletSymphony","floor":28.0},{"not_picked":["UnstableMagic","BloodAndWine","ScarletDevilSign+1","StarOfDavid"],"picked":"MastersStateliness","floor":30.0},{"not_picked":["BombardNight+1","CharismaGuard","VampireKiss+1","UnderTheZenith+1"],"picked":"DiffusionOfMisfortune+1","floor":31.0},{"not_picked":["QueenOfMidnight","CeilingFear","HeartBreak+1","KillingBlow+1"],"picked":"TransientEternity","floor":33.0},{"not_picked":["UnderTheZenith","UltimateOffering+1","FavorOfDestiny+1","ReincarnationDial"],"picked":"MastersStateliness","floor":35.0},{"not_picked":["Stigmanizer+1","NightDance+1","ScarletDevil+1","BloodHunter+1"],"picked":"MastersStateliness","floor":36.0},{"not_picked":["Stigmanizer+1","VampireKiss+1","ScarletImprint+1","GlobalNightmare+1"],"picked":"TransientEternity","floor":39.0},{"not_picked":["ScarletDevilSign+1","EndlessAdversity+1","NightLord+1","CharismaGuard+1"],"picked":"DiffusionOfMisfortune+1","floor":40.0},{"not_picked":["BloodyTrap","UltimateOffering+1","Stigmanizer+1","BlasphemousPunishment"],"picked":"DiffusionOfMisfortune+1","floor":40.0},{"not_picked":["NightLord+1","VampirishNight","VampireClaw+1","UnderTheZenith+1","GlobalNightmare"],"picked":"SKIP","floor":40.0},{"not_picked":["HunterOfTheNight+1","UnstableMagic+1","BombardNight+1","ScarletDevil+1","RedNightlessCastle+1"],"picked":"SKIP","floor":40.0},{"not_picked":["DevilSight","LeisurelyOfLord+1","ForbiddenFruit","ScarletImprint+1"],"picked":"QueenOfMidnight","floor":42.0},{"not_picked":["UnstableMagic","Septette+1","NightDance+1","BombardNight+1","CharismaGuard"],"picked":"SKIP","floor":45},{"not_picked":["VampireSweep+1","UnstableMagic","RedRainbow+1","EndlessAdversity+1","StarOfDavid+1"],"picked":"SKIP","floor":47},{"not_picked":["StarOfDavid+1","ScarletImprint+1","DiffusionOfMisfortune+1","DevilSight"],"picked":"LeisurelyOfLord+1","floor":48},{"not_picked":["BloodyMagicSquare","EndlessAdversity+1","BombardNight+1","DiffusionOfMisfortune+1","NightDance+1"],"picked":"SKIP","floor":52},{"not_picked":["ScarletSymphony","BloodyTrap","HeartBreak+1","VampireKiss+1","NightDance+1"],"picked":"SKIP","floor":53},{"not_picked":["EndlessAdversity+1","StarOfDavid+1","UnderTheZenith","ScarletDevil+1","ScarletGensokyo"],"picked":"SKIP","floor":57}],"player_experience":571393,"relics_obtained":[{"floor":1.0,"key":"SynthV:TestCard"},{"floor":1.0,"key":"Baka"},{"floor":3.0,"key":"Thread and Needle"},{"floor":3.0,"key":"Thread and Needle"},{"floor":6.0,"key":"Bird Faced Urn"},{"floor":9.0,"key":"REME_HourglassOfDeath"},{"floor":12.0,"key":"GodSword5"},{"floor":14.0,"key":"SSSystem"},{"floor":23.0,"key":"Sundial"},{"floor":26.0,"key":"Kunai"},{"floor":28.0,"key":"Torii"},{"floor":28.0,"key":"LastBattle"},{"floor":30.0,"key":"Strawberry"},{"floor":31.0,"key":"Molten Egg 2"},{"floor":36.0,"key":"testmod-LifeArmor"},{"floor":40.0,"key":"GodSword6"},{"floor":42.0,"key":"REME_ArchaeologicalTools"},{"floor":43.0,"key":"testmod-ArcanaOfDestiny"},{"floor":52,"key":"paleoftheancients:SoulOfTheBard"},{"floor":59,"key":"testmod-CyclicPeriapt"}],"event_choices":[{"damage_healed":0.0,"max_hp_gain":0.0,"max_hp_loss":0.0,"gold_gain":0.0,"event_name":"Upgrade Shrine","player_choice":"Upgraded","floor":2.0,"gold_loss":0.0,"damage_taken":0.0,"cards_upgraded":["MostiFishMod:PreservedThorns"]},{"damage_healed":0.0,"max_hp_gain":0.0,"max_hp_loss":0.0,"gold_gain":0.0,"event_name":"Golden Idol","player_choice":"Take Damage","floor":5.0,"gold_loss":0.0,"damage_taken":25.0,"relics_obtained":["Golden Idol"]},{"damage_healed":0.0,"max_hp_gain":0.0,"max_hp_loss":0.0,"gold_gain":75.0,"event_name":"World of Goop","player_choice":"Gather Gold","floor":10.0,"gold_loss":0.0,"damage_taken":11.0},{"damage_healed":0.0,"max_hp_gain":0.0,"max_hp_loss":0.0,"gold_gain":0.0,"event_name":"The Mausoleum","player_choice":"Ignored","floor":22.0,"gold_loss":0.0,"damage_taken":0.0},{"damage_healed":0.0,"max_hp_gain":0.0,"max_hp_loss":0.0,"gold_gain":400.0,"event_name":"恩洛斯的盘子","player_choice":"Sell","floor":24.0,"relics_lost":["testmod-TestBox"],"gold_loss":0.0,"damage_taken":0.0},{"damage_healed":0.0,"max_hp_gain":0.0,"max_hp_loss":0.0,"gold_gain":0.0,"event_name":"Colosseum","player_choice":"Fight","floor":28.0,"gold_loss":0.0,"damage_taken":0.0},{"damage_healed":0.0,"max_hp_gain":0.0,"max_hp_loss":0.0,"gold_gain":0.0,"event_name":"Colosseum","player_choice":"Fought Nobs","floor":28.0,"gold_loss":0.0,"damage_taken":0.0},{"damage_healed":0.0,"max_hp_gain":0.0,"max_hp_loss":21.0,"gold_gain":0.0,"event_name":"Winding Halls","player_choice":"Max HP","floor":38.0,"gold_loss":0.0,"damage_taken":0.0},{"damage_healed":0,"gold_gain":0,"player_choice":"Bought 1 Potion","damage_taken":0,"max_hp_gain":0,"max_hp_loss":0,"event_name":"The Woman in Blue","floor":54,"gold_loss":0}],"is_beta":false,"boss_relics":[{"not_picked":["Busted Crown","SacredBark"],"picked":"Coffee Dripper"},{"not_picked":["HaiYi:Twilight","MoonlightInvasionPlan"],"picked":"testmod-EnergyCheck"}],"items_purged_floors":[20,25,37,44,55],"is_endless":false,"potions_floor_spawned":[1,3,16,19,23,28,28,33,39,40,42,52,57],"ascension_level":20}}