{"host":"ig7tc0uedzltt2sr","time":1610239670,"event":{"mods":["BaseMod","Better Twitch Integration","Block Reminder","Colored Map","Colored Powertips","Communication Mod","Current Relic Mod","GifTheSpireLib","HexUI Lib","Minty Spire (QoL Compilation)","Quick Restart","Random Character Button","Rare Cards Sparkle","Relic Sorter","Relic Stats","Slay the Relics Exporter","StSLib","SuperFastMode","Synergy Search","Twitch Decklist","Twitch Utils","everything is the same but u backflip on backflip","slay the spire mod where everything is the same but ironclad has a cowboy hat"],"gold_per_floor":[119,119,132,148,168,168,168,168],"floor_reached":7,"playtime":40,"items_purged":[],"score":43,"play_id":"12cf12c7-9e54-41fd-82f6-79837957ead3","local_time":"20210109164750","is_ascension_mode":false,"campfire_choices":[{"data":"Heavy Blade","floor":6,"key":"SMITH"}],"circlet_count":0,"master_deck":["Strike_R","Strike_R","Strike_R","Strike_R","Strike_R","Defend_R","Defend_R","Defend_R","Defend_R","Bash","Heavy Blade+1"],"relics":["Burning Blood"],"acts_visited":["Exordium"],"potions_floor_usage":[],"damage_taken":[{"damage":35,"enemies":"Jaw Worm","floor":1,"turns":5},{"damage":0,"enemies":"Small Slimes","floor":3,"turns":3},{"damage":24,"enemies":"2 Louse","floor":4,"turns":3},{"damage":29,"enemies":"Red Slaver","floor":5,"turns":5},{"damage":24,"enemies":"Lagavulin","floor":7,"turns":4}],"seed_played":"-4542365309606684289","potions_obtained":[{"floor":1,"key":"Regen Potion"},{"floor":5,"key":"HeartOfIron"}],"is_trial":false,"path_per_floor":["M","?","M","M","M","R","E"],"character_chosen":"IRONCLAD","items_purchased":[],"campfire_rested":0,"item_purchase_floors":[],"current_hp_per_floor":[59,59,65,47,24,24,0,0],"gold":168,"neow_bonus":"TEN_PERCENT_HP_BONUS","is_daily":false,"chose_seed":false,"campfire_upgraded":1,"win_rate":0.0,"timestamp":1610239670,"path_taken":["M","?","M","M","M","R","E"],"items_purchased_type":[],"build_version":"2020-12-22","purchased_purges":0,"victory":false,"max_hp_per_floor":[88,88,88,88,88,88,88,88],"relic_stats":{"counters":[5,20],"obtain_stats":[{"Burning Blood":0},{"Burning Blood":0},{"Burning Blood":0}],"Burning Blood":24},"card_choices":[{"not_picked":["Dark Embrace","Clothesline","True Grit"],"picked":"SKIP","floor":1},{"not_picked":["Sword Boomerang","True Grit","Pommel Strike"],"picked":"SKIP","floor":3},{"not_picked":["True Grit","Clash"],"picked":"Heavy Blade","floor":4},{"not_picked":["Pommel Strike","Heavy Blade","Cleave"],"picked":"SKIP","floor":5}],"player_experience":1477651,"relics_obtained":[],"event_choices":[{"damage_healed":0,"gold_gain":0,"player_choice":"Ignored","damage_taken":0,"max_hp_gain":0,"max_hp_loss":0,"event_name":"Shining Light","floor":2,"gold_loss":0}],"is_beta":false,"boss_relics":[],"items_purged_floors":[],"is_endless":false,"potions_floor_spawned":[1,5],"killed_by":"Lagavulin","ascension_level":0}}