{"host":"uxx7prhn9zlu6i2v","time":1610313179,"event":{"mods":["100% Spire Juice","2.2 Compatiblity","AchievementEnabler","Act Like it!","Bard","BaseMod","Better Third Choice","CapriCore","ChefMod","Colored Powertips","Faster Ascension Climbing","Fox Events","Gensokyo","GifTheSpireLib","Hermit","Hubris","KomeijiMod","Marisa????????","Minty Spire (QoL Compilation)","Pale of the Ancients","Permanent Neow","Quick Restart","RNG Fix","Rare Cards Sparkle","Reimu??????","Relic Filter","Relic Sorter","Relic Stats","Reworked Bosses","Spicy Shops","StSLib","The Administrix","The Blue Laboratory","The Bug Knight","The Immortal","Yakumo Yukari mod","??????REMEMod"],"gold_per_floor":[138,13,13,24,24,52,67,67,67,86,86,98,98,118,118,217,217,217,42,42,42,42,42,42,42],"floor_reached":24,"playtime":1065,"items_purged":["Defend_purpleEX","Mirror_FormAndEmptin_purple"],"score":337,"play_id":"aa1433c1-0279-40c9-bae6-9008a24c9fa5","local_time":"20210110151259","is_ascension_mode":true,"campfire_choices":[{"data":"Umbrella_purple","floor":8,"key":"SMITH"},{"data":"Fantasy_PerpetualMotionMachine_purple","floor":11,"key":"SMITH"},{"data":"AdvanceAttack_purple","floor":15,"key":"SMITH"}],"circlet_count":0,"master_deck":["AscendersBane","AT_purpleEX","AT_purpleEX","AT_purpleEX","AT_purpleEX","Defend_purpleEX","Defend_purpleEX","Defend_purpleEX","Observe_purple_1+1","Observe_purple_2+1","AdvanceAttack_purple+1","Worldmountain_purple","Shading:ReiMu","Umbrella_purple+1","Fantasy_PerpetualMotionMachine_purple+1","Line_surface_state_purple","OpenedBox_purple","RuptureOfTimeAndSpace_purple+1","ContainerChange_purple","SharpContractionReality_purple","Charmbait_purple+1","DimensionStaggered_purple","Boundary_LifeAndDeath_purple"],"relics":["Boundary_crack","Memoryfragments_purpleEX","REME_ComplimentaryCards","Pear","MealTicket","Pear","Ectoplasm","RuthlessExorcism:ReiMu","hubris:Towel","hubris:FunFungus"],"acts_visited":["Gensokyo:Gensokyo","Gensokyo:Gensokyoer"],"potions_floor_usage":[6,16,16],"damage_taken":[{"damage":4,"enemies":"Gensokyo:3_Fairies","floor":1,"turns":7},{"damage":6,"enemies":"Gensokyo:Gryphon","floor":4,"turns":3},{"damage":28,"enemies":"Gensokyo:Mamizou","floor":6,"turns":8},{"damage":2,"enemies":"Gensokyo:Python","floor":7,"turns":3},{"damage":10,"enemies":"Gensokyo:Gryphon_and_Rabbit","floor":10,"turns":5},{"damage":9,"enemies":"Gensokyo:Kitsune","floor":12,"turns":2},{"damage":8,"enemies":"Gensokyo:2_Rabbits","floor":14,"turns":5},{"damage":15,"enemies":"Gensokyo:Kokoro","floor":16,"turns":11},{"damage":1,"enemies":"Gensokyo:CosmicMonolith","floor":18,"turns":4},{"damage":6,"enemies":"Gensokyo:2_Gloops","floor":21,"turns":4},{"damage":45,"enemies":"Gensokyo:Slime_Group","floor":22,"turns":6},{"damage":32,"enemies":"Gensokyo:Koishi","floor":23,"turns":6},{"damage":19,"enemies":"Gensokyo:Monolith_and_Dog","floor":24,"turns":3}],"seed_played":"4008357088799459508","potions_obtained":[{"floor":1,"key":"SteroidPotion"},{"floor":6,"key":"blueLaboratory:FruitPreserves"},{"floor":7,"key":"blueLaboratory:PhilterOfMotion"},{"floor":14,"key":"blueLaboratory:AbyssPotion"},{"floor":18,"key":"blueLaboratory:RememoryPotion"}],"is_trial":false,"path_per_floor":["M","$","?","M","?","E","M","R","T","M","R","M","?","M","R","B",null,"M","$","?","M","M","E","M"],"character_chosen":"Youkari","items_purchased":["Worldmountain_purple","RuthlessExorcism:ReiMu"],"campfire_rested":0,"item_purchase_floors":[2,19],"current_hp_per_floor":[62,62,57,52,52,29,29,29,39,34,34,25,25,21,21,50,80,84,90,90,84,41,11,0,0],"gold":42,"neow_bonus":"UPGRADE_CARD","is_daily":false,"chose_seed":false,"campfire_upgraded":3,"win_rate":0.0,"timestamp":1610313179,"path_taken":["M","$","?","?","?","E","M","R","T","M","R","?","?","M","R","BOSS","M","?","?","M","M","E","M"],"items_purchased_type":["Card","Relic"],"build_version":"2020-12-22","purchased_purges":2,"victory":false,"max_hp_per_floor":[70,70,80,80,80,80,80,80,90,90,90,90,90,90,90,90,90,90,90,90,90,90,90,90,90],"relic_stats":{"counters":[13,67],"MealTicket":6,"Ectoplasm":77,"obtain_stats":[{"Frozen Eye":23,"Pear":3,"MealTicket":6,"Ectoplasm":17,"hubris:FunFungus":23,"Boundary_crack":0,"hubris:Towel":20,"Memoryfragments_purpleEX":0,"REME_ComplimentaryCards":0,"RuthlessExorcism:ReiMu":19},{"Frozen Eye":11,"Pear":1,"MealTicket":3,"Ectoplasm":8,"hubris:FunFungus":12,"Boundary_crack":0,"hubris:Towel":9,"Memoryfragments_purpleEX":0,"REME_ComplimentaryCards":0,"RuthlessExorcism:ReiMu":9},{"Frozen Eye":58,"Pear":7,"MealTicket":18,"Ectoplasm":44,"hubris:FunFungus":64,"Boundary_crack":0,"hubris:Towel":48,"Memoryfragments_purpleEX":0,"REME_ComplimentaryCards":0,"RuthlessExorcism:ReiMu":48}]},"card_choices":[{"not_picked":["Extrememeaning_purpleEX","RealityDreamConfluencek_purple"],"picked":"AdvanceAttack_purple","floor":1},{"not_picked":["MeetDecomposer_purple","Realm_recovery_purpleEX","ExistenceContinue_purple"],"picked":"SKIP","floor":4},{"not_picked":["SfantasyHide_purple","WorldDissolvedintheRealm_purple"],"picked":"Umbrella_purple","floor":6},{"not_picked":["Charmbait_purple","RealityDreamConfluencek_purple"],"picked":"Fantasy_PerpetualMotionMachine_purple","floor":7},{"not_picked":["WingOfChimera_purple","Mirror_WaveAndshot_purple"],"picked":"Line_surface_state_purple","floor":10},{"not_picked":["Umbrella_purple","WatchEChange_purple"],"picked":"OpenedBox_purple","floor":12},{"not_picked":["SfantasyHide_purple","OmniscientAndOmnipotent_Monster_purple"],"picked":"Mirror_FormAndEmptin_purple","floor":14},{"not_picked":["WangLiang_LineAndCurveDreams_purple","Computing_the_future_purpleEX"],"picked":"ContainerChange_purple","floor":16},{"not_picked":["Line_surface_state_purple","ExistenceContinue_purple"],"picked":"SharpContractionReality_purple","floor":18},{"not_picked":["RuptureOfTimeAndSpace_purple+1","OpenedBox_purple"],"picked":"Charmbait_purple+1","floor":21},{"not_picked":["RealityDreamConfluencek_purple","WatchEChange_purple"],"picked":"DimensionStaggered_purple","floor":22},{"not_picked":["StateErode_purple","Charmbait_purple"],"picked":"Boundary_LifeAndDeath_purple","floor":23}],"player_experience":1751750,"relics_obtained":[{"floor":6,"key":"MealTicket"},{"floor":9,"key":"Pear"},{"floor":23,"key":"hubris:FunFungus"}],"event_choices":[],"is_beta":false,"boss_relics":[{"not_picked":["Philosopher\u0027s Stone","Runic Pyramid"],"picked":"Ectoplasm"}],"items_purged_floors":[2,19],"is_endless":false,"potions_floor_spawned":[1,6,7,14,18],"killed_by":"Gensokyo:Monolith_and_Dog","ascension_level":10}}