{"host":"r5m27m0hu9mtdi9d","time":1610308112,"event":{"mods":["AchievementEnabler","BaseMod","Colored Map","Colored Powertips","Highlight Path","Minty Spire (QoL Compilation)"],"gold_per_floor":[362,362,382,382,307,307,334,334,334,348,361,377,389,34,34,135,135,148,63,63,79,108,108,108],"floor_reached":23,"playtime":7732,"items_purged":["Strike_B","Strike_B"],"score":258,"play_id":"61374471-6905-4222-a277-64335d2115ad","local_time":"20210110144832","is_ascension_mode":true,"campfire_choices":[{"data":"Zap","floor":6.0,"key":"SMITH"},{"data":"Go for the Eyes","floor":8.0,"key":"SMITH"},{"data":"Dualcast","floor":15.0,"key":"SMITH"}],"circlet_count":0,"master_deck":["Strike_B","Strike_B+1","Defend_B","Defend_B","Defend_B","Defend_B","Zap+1","Dualcast+1","Hologram+1","Gash","Go for the Eyes+1","Streamline","Rebound","FTL","Buffer","Coolheaded+1","Conserve Battery"],"relics":["Cracked Core","Happy Flower","Ginger","Mercury Hourglass","Philosopher\u0027s Stone","Oddly Smooth Stone","Red Mask"],"acts_visited":["Exordium","TheCity"],"potions_floor_usage":[],"damage_taken":[{"damage":4.0,"enemies":"Small Slimes","floor":1.0,"turns":3.0},{"damage":0.0,"enemies":"Jaw Worm","floor":3.0,"turns":4.0},{"damage":10.0,"enemies":"Lagavulin","floor":7.0,"turns":5.0},{"damage":6.0,"enemies":"Cultist","floor":10.0,"turns":3.0},{"damage":18.0,"enemies":"Large Slime","floor":11.0,"turns":4.0},{"damage":0.0,"enemies":"Looter","floor":12.0,"turns":2.0},{"damage":2.0,"enemies":"2 Fungi Beasts","floor":13.0,"turns":3.0},{"damage":21.0,"enemies":"The Guardian","floor":16.0,"turns":9.0},{"damage":18.0,"enemies":"3 Byrds","floor":18.0,"turns":3.0},{"damage":10.0,"enemies":"2 Thieves","floor":21.0,"turns":3.0},{"damage":11.0,"enemies":"Masked Bandits","floor":22.0,"turns":3.0},{"damage":16,"enemies":"Book of Stabbing","floor":23,"turns":5}],"seed_played":"5775138150644258072","potions_obtained":[{"floor":7.0,"key":"BlessingOfTheForge"},{"floor":10.0,"key":"FocusPotion"},{"floor":16.0,"key":"Strength Potion"},{"floor":18.0,"key":"SpeedPotion"},{"floor":21.0,"key":"FocusPotion"}],"is_trial":false,"path_per_floor":["M","?","M","?","$","R","E","R","T","M","M","M","M","$","R","B",null,"M","?","$","M","?","E"],"character_chosen":"DEFECT","items_purchased":["Mercury Hourglass"],"campfire_rested":0,"item_purchase_floors":[14],"current_hp_per_floor":[64,50,50,68,68,68,58,58,58,52,34,34,32,32,32,11,54,36,36,36,26,15,0,0],"gold":108,"neow_bonus":"TWO_FIFTY_GOLD","is_daily":false,"chose_seed":false,"campfire_upgraded":3,"win_rate":0.0,"timestamp":1610308112,"path_taken":["M","?","M","?","$","R","E","R","T","M","?","?","M","$","R","BOSS","M","?","$","M","?","E"],"items_purchased_type":["Relic"],"build_version":"2020-12-22","purchased_purges":2,"victory":false,"max_hp_per_floor":[68,68,68,68,68,68,68,68,68,68,68,68,68,68,68,68,68,68,68,68,68,68,68,68],"card_choices":[{"not_picked":["Cold Snap","Turbo"],"picked":"Hologram","floor":1.0},{"not_picked":["Hologram","Coolheaded"],"picked":"Gash","floor":3.0},{"not_picked":["Chaos","FTL"],"picked":"Go for the Eyes","floor":7.0},{"not_picked":["White Noise","Darkness"],"picked":"Streamline","floor":10.0},{"not_picked":["Sunder","Aggregate"],"picked":"Rebound","floor":11.0},{"not_picked":["Turbo","Double Energy","Recycle"],"picked":"SKIP","floor":12.0},{"not_picked":["Steam","Genetic Algorithm"],"picked":"FTL","floor":13.0},{"not_picked":["Biased Cognition","Hyperbeam"],"picked":"Buffer","floor":16.0},{"not_picked":["Beam Cell","Leap+1"],"picked":"Coolheaded+1","floor":18.0},{"not_picked":["Coolheaded+1","Go for the Eyes+1"],"picked":"Conserve Battery","floor":21.0}],"player_experience":683751,"relics_obtained":[{"floor":7.0,"key":"Happy Flower"},{"floor":9.0,"key":"Ginger"},{"floor":22.0,"key":"Red Mask"}],"event_choices":[{"damage_healed":0.0,"max_hp_gain":0.0,"max_hp_loss":0.0,"gold_gain":0.0,"event_name":"Shining Light","player_choice":"Entered Light","floor":2.0,"gold_loss":0.0,"damage_taken":14.0,"cards_upgraded":["Strike_B","Hologram"]},{"damage_healed":22.0,"max_hp_gain":0.0,"max_hp_loss":0.0,"gold_gain":0.0,"event_name":"Big Fish","player_choice":"Banana","floor":4.0,"gold_loss":0.0,"damage_taken":0.0},{"damage_healed":0.0,"max_hp_gain":0.0,"max_hp_loss":0.0,"gold_gain":0.0,"event_name":"Addict","player_choice":"Obtained Relic","floor":19.0,"gold_loss":85.0,"damage_taken":0.0,"relics_obtained":["Oddly Smooth Stone"]},{"damage_healed":0.0,"max_hp_gain":0.0,"max_hp_loss":0.0,"gold_gain":0.0,"event_name":"Masked Bandits","player_choice":"Fought Bandits","floor":22.0,"gold_loss":0.0,"damage_taken":0.0}],"is_beta":false,"boss_relics":[{"not_picked":["Busted Crown","Velvet Choker"],"picked":"Philosopher\u0027s Stone"}],"items_purged_floors":[5,14],"is_endless":false,"potions_floor_spawned":[7,10,16,18,21],"killed_by":"Book of Stabbing","ascension_level":7}}