{"host":"ig7tc0uedzltt2sr","time":1610264845,"event":{"mods":["BaseMod","Better Twitch Integration","Block Reminder","Colored Map","Colored Powertips","Communication Mod","Current Relic Mod","GifTheSpireLib","HexUI Lib","Minty Spire (QoL Compilation)","Quick Restart","Random Character Button","Rare Cards Sparkle","Relic Sorter","Relic Stats","Slay the Relics Exporter","StSLib","SuperFastMode","Synergy Search","Twitch Decklist","Twitch Utils","everything is the same but u backflip on backflip","slay the spire mod where everything is the same but ironclad has a cowboy hat"],"gold_per_floor":[115,115,115,130,130,160,160,160,160],"floor_reached":8,"playtime":50,"items_purged":[],"score":79,"play_id":"3b9e417b-6ad5-4905-8509-118bb249feba","local_time":"20210109234725","is_ascension_mode":false,"campfire_choices":[{"data":"Strike_R","floor":7,"key":"SMITH"}],"circlet_count":0,"master_deck":["Strike_R+1","Strike_R","Strike_R","Strike_R","Strike_R","Defend_R","Defend_R","Defend_R","Defend_R","Bash","Body Slam","Metallicize"],"relics":["Burning Blood","StrikeDummy","Strawberry"],"acts_visited":["Exordium"],"potions_floor_usage":[],"damage_taken":[{"damage":10,"enemies":"Small Slimes","floor":1,"turns":3},{"damage":18,"enemies":"Jaw Worm","floor":4,"turns":4},{"damage":67,"enemies":"3 Sentries","floor":6,"turns":11},{"damage":27,"enemies":"Gremlin Nob","floor":8,"turns":3}],"seed_played":"8882256206456285569","potions_obtained":[{"floor":1,"key":"Strength Potion"},{"floor":4,"key":"SteroidPotion"}],"is_trial":false,"path_per_floor":["M","$","?","M","T","E","R","E"],"character_chosen":"IRONCLAD","items_purchased":[],"campfire_rested":0,"item_purchase_floors":[],"current_hp_per_floor":[84,84,84,72,72,18,18,0,0],"gold":160,"neow_bonus":"TEN_PERCENT_HP_BONUS","is_daily":false,"chose_seed":false,"campfire_upgraded":1,"win_rate":0.0,"timestamp":1610264845,"path_taken":["M","$","?","M","?","E","R","E"],"items_purchased_type":[],"build_version":"2020-12-22","purchased_purges":0,"victory":false,"max_hp_per_floor":[88,88,88,88,88,95,95,95,95],"relic_stats":{"counters":[4,21],"obtain_stats":[{"Strawberry":6,"StrikeDummy":5,"Burning Blood":0},{"Strawberry":3,"StrikeDummy":2,"Burning Blood":0},{"Strawberry":18,"StrikeDummy":7,"Burning Blood":0}],"Burning Blood":18},"card_choices":[{"not_picked":["Reckless Charge","Iron Wave"],"picked":"Body Slam","floor":1},{"not_picked":["Perfected Strike","Body Slam"],"picked":"Metallicize","floor":4},{"not_picked":["Anger","Flex","Reaper"],"picked":"SKIP","floor":6}],"player_experience":1499685,"relics_obtained":[{"floor":5,"key":"StrikeDummy"},{"floor":6,"key":"Strawberry"}],"event_choices":[{"damage_healed":0,"gold_gain":0,"player_choice":"Ignored","damage_taken":0,"max_hp_gain":0,"max_hp_loss":0,"event_name":"Liars Game","floor":3,"gold_loss":0}],"is_beta":false,"boss_relics":[],"items_purged_floors":[],"is_endless":false,"potions_floor_spawned":[1,4],"killed_by":"Gremlin Nob","ascension_level":0}}