{"host":"bxdue9bkfm2khp2x","time":1610260097,"event":{"mods":["ATMod(阿瑾Mod)","Aspiration","BaseMod","Better Vampires","Challenge The Spire","Colored Map","Colored Powertips","Conspire","Decade(王小明)","Dota2Spire","Downfall","Highlight Path","Minty Spire (QoL Compilation)","MostiFishMod","Remilia（蕾米莉亚）","Replay The Spire","RumiaBox-露米娅的神秘盒子","Ryuuou龙王","Spicy Shops","StSLib","Td1madao Mod","The Alterego","The Bug Knight","The Cursed","The Servant 0.9.4","WarShipGirlsR/战舰少女R mod","noobMod","vexMod","【功能Mod】混沌之环修复补丁","【遗物卡牌】REMEMod","篝火指南"],"gold_per_floor":[360,373,387,399,418,418,418,418,418,418,449,449,449,475,475,573,573,586,2,2,2,22,57,57,91,118,118,130,130,147,147,147,248,248,297,297,22,37,57,57,91,111,111,111,111,111,130,43,43,43],"floor_reached":51,"playtime":3420,"items_purged":["Strike_R","Strike_R","Strike_R","Strike_R","Normality"],"score":1135,"play_id":"aaf1dcea-0253-43db-8d92-215af9505118","local_time":"20210110142817","is_ascension_mode":true,"campfire_choices":[{"data":"AT_ShrugMaster","floor":6.0,"key":"SMITH"},{"data":"MostiFishMod:WinterMarkForm","floor":8.0,"key":"SMITH"},{"data":"Iron Wave","floor":12.0,"key":"SMITH"},{"data":"Flex","floor":15,"key":"SMITH"},{"floor":24,"key":"REST"},{"data":"Juggernaut","floor":27,"key":"SMITH"},{"data":"MostiFishMod:Galeforce","floor":29,"key":"SMITH"},{"floor":32,"key":"REST"},{"data":"MostiFishMod:Chiaki","floor":40,"key":"SMITH"},{"data":"Metallicize","floor":44,"key":"SMITH"},{"data":"MostiFishMod:FrostNova","floor":46,"key":"SMITH"},{"data":"Defend_R","floor":49,"key":"SMITH"}],"circlet_count":0,"master_deck":["Strike_R+1","Defend_R+1","Defend_R","Defend_R","Defend_R","Bash","MostiFishMod:FrostNova+1","MostiFishMod:WinterMarkForm+1","MostiFishMod:Galeforce+1","AT_ShrugMaster+1","Headbutt+1","Iron Wave+1","Flex+1","Barricade+1","Iron Wave+1","Juggernaut+1","REME_Cut+1","MostiFishMod:Chiaki+1","Defy Death+1","Metallicize+1","Decay"],"relics":["Burning Blood","DaveBox","REME_ComplimentaryCards","ice","AT_ATBox","FrostBlade","SynthV:TestCard","Gremlin Food","AT_SunfireAegis","Tiny Chest","Onion Ring","vexMod:PaidLearning","aspiration:FrozenJewel","Enchiridion","Potion Belt","Dota2Spire:BladeMail","Oddly Smooth Stone","Self Forming Clay","ReplayTheSpireMod:Shallot","Mirror","Replay:Baseball","ReplayTheSpireMod:CursedCoin"],"acts_visited":["Exordium","TheCity","TheBeyond"],"potions_floor_usage":[16,16,16,28,33,35,39,41,42,47,50],"damage_taken":[{"damage":2.0,"enemies":"conspire:RoseBush","floor":1.0,"turns":7.0},{"damage":1.0,"enemies":"2 Louse","floor":2.0,"turns":3.0},{"damage":0.0,"enemies":"Small Slimes","floor":3.0,"turns":3.0},{"damage":22.0,"enemies":"2 Fungi Beasts","floor":4.0,"turns":5.0},{"damage":8.0,"enemies":"Large Slime","floor":5.0,"turns":8.0},{"damage":0.0,"enemies":"Lagavulin","floor":11.0,"turns":4.0},{"damage":0,"enemies":"HollowMod:MossKnight","floor":14,"turns":4},{"damage":14,"enemies":"Slime Boss","floor":16,"turns":5},{"damage":16,"enemies":"3 Byrds","floor":18,"turns":6},{"damage":0,"enemies":"Shell Parasite","floor":22,"turns":5},{"damage":0,"enemies":"HollowMod:Nosk","floor":23,"turns":5},{"damage":4,"enemies":"conspire:Head Lice","floor":25,"turns":6},{"damage":4,"enemies":"Centurion and Healer","floor":28,"turns":5},{"damage":22,"enemies":"Snake Plant","floor":30,"turns":5},{"damage":11,"enemies":"conspire:MysteriousRune","floor":33,"turns":7},{"damage":0,"enemies":"3 Shapes","floor":35,"turns":6},{"damage":3,"enemies":"3 Darklings","floor":38,"turns":7},{"damage":16,"enemies":"Transient","floor":39,"turns":5},{"damage":38,"enemies":"R_Hoarder","floor":41,"turns":7},{"damage":10,"enemies":"Jaw Worm Horde","floor":42,"turns":6},{"damage":0,"enemies":"Spire Growth","floor":47,"turns":6},{"damage":21,"enemies":"Time Eater","floor":50,"turns":5}],"seed_played":"-4938570968348952650","potions_obtained":[{"floor":4.0,"key":"Energy Potion"},{"floor":11.0,"key":"PowerPotion"},{"floor":14,"key":"BloodPotion"},{"floor":25,"key":"AttackPotion"},{"floor":28,"key":"CultistPotion"},{"floor":30,"key":"Dota2Spire:HealingSalve"},{"floor":33,"key":"REME_GoldPotion"},{"floor":38,"key":"AttackPotion"},{"floor":39,"key":"Strength Potion"},{"floor":41,"key":"Fire Potion"},{"floor":42,"key":"Energy Potion"}],"is_trial":false,"path_per_floor":["M","M","M","M","M","R","?","R","T","?","E","R","?","E","R","B",null,"M","$","?","?","M","E","R","E","T","R","M","R","M","T","R","B",null,"M","?","$","M","M","R","E","M","T","R","?","R","M","$","R","B",null],"character_chosen":"IRONCLAD","items_purchased":["vexMod:PaidLearning","aspiration:FrozenJewel","Replay:Baseball","ReplayTheSpireMod:CursedCoin"],"campfire_rested":2,"item_purchase_floors":[19,19,48,48],"current_hp_per_floor":[72,72,72,56,54,54,54,54,54,54,60,60,60,66,66,72,72,62,62,46,46,52,58,72,72,72,72,72,72,56,56,72,67,71,72,72,72,72,62,62,58,54,54,54,54,54,60,60,60,45],"gold":43,"neow_bonus":"TWO_FIFTY_GOLD","is_daily":false,"chose_seed":false,"campfire_upgraded":10,"win_rate":0.0,"timestamp":1610260097,"path_taken":["M","M","M","M","M","R","?","R","T","?","E","R","?","E","R","BOSS","M","$","?","?","M","E","R","E","T","R","M","R","M","?","R","BOSS","M","?","$","M","M","R","E","M","T","R","?","R","?","$","R","BOSS"],"items_purchased_type":["Relic","Relic","Relic","Relic"],"build_version":"2020-12-22","purchased_purges":5,"victory":true,"max_hp_per_floor":[72,72,72,72,72,72,72,72,72,72,72,72,72,72,72,72,72,72,72,72,72,72,72,72,72,72,72,72,72,72,72,72,72,72,72,72,72,72,72,72,72,72,72,72,68,68,68,68,68,68],"card_choices":[{"not_picked":["Pommel Strike","Cleave"],"picked":"Headbutt","floor":1.0},{"not_picked":["Thunderclap","Carnage","Wild Strike","Perfected Strike","Headbutt"],"picked":"SKIP","floor":2.0},{"not_picked":["Wild Strike","Dropkick","True Grit","AT_BodySlamDance","REME_Scribble"],"picked":"SKIP","floor":3.0},{"not_picked":["MostiFishMod:BrandingRite","Burning Pact","Body Slam","Warcry","AT_IchimonjiDouble"],"picked":"SKIP","floor":4.0},{"not_picked":["Rage","Pummel","Dropkick","Clothesline","MostiFishMod:RainCloud"],"picked":"SKIP","floor":5.0},{"not_picked":["ReplayReversal","Run Through","Pummel","Sword Boomerang"],"picked":"Iron Wave","floor":11.0},{"not_picked":["AT_DiedThrough","Clash","Searing Blow","Clothesline"],"picked":"Flex","floor":14},{"not_picked":["Feed","MostiFishMod:Mania","Hemogenesis","REME_TheLastStrike"],"picked":"Barricade","floor":16},{"not_picked":["Cleave","ReplayTheSpireMod:Stacked","AT_IchimonjiDouble","Run Through+1"],"picked":"Iron Wave","floor":18},{"not_picked":["AT_DiedThrough","Hemokinesis","Wild Strike+1","Body Slam+1","ReplayReversal"],"picked":"SKIP","floor":22},{"not_picked":["Replay:Many Hands","AT_DrawKnifeCut","Twin Strike+1","Battle Trance","Replay:Undeath\u0027s Touch"],"picked":"SKIP","floor":23},{"not_picked":["Sword Boomerang+1","AT_BodySlamDance","Twin Strike","ReplayTheSpireMod:Strike From Hell"],"picked":"Juggernaut","floor":25},{"not_picked":["Flex","Burning Pact","Blood for Blood+1","Sword Boomerang","Clothesline+1"],"picked":"SKIP","floor":28},{"not_picked":["Infernal Blade+1","Uppercut","Perfected Strike+1","Inflame"],"picked":"REME_Cut+1","floor":30},{"not_picked":["Fiend Fire","MostiFishMod:KnuckleDown","MostiFishMod:NewArrival","Juggernaut"],"picked":"MostiFishMod:Chiaki","floor":33},{"not_picked":["True Grit+1","Perfected Strike","Replay:Undeath\u0027s Touch","Anger+1","Seeing Red"],"picked":"SKIP","floor":35},{"not_picked":["Wild Strike+1","Whirlwind","conspire:Charge","Abandon","Pommel Strike+1"],"picked":"SKIP","floor":38},{"not_picked":["True Grit+1","Warcry","ReplayTheSpireMod:Strike From Hell","MostiFishMod:Mania"],"picked":"Defy Death+1","floor":39},{"not_picked":["Whirlwind+1","Wild Strike+1","Warcry","Run Through","Replay:Undeath\u0027s Touch+1"],"picked":"SKIP","floor":41},{"not_picked":["AT_BodySlamDance+1","Blood for Blood+1","Iron Wave+1","MostiFishMod:Chiaki"],"picked":"Metallicize","floor":42},{"not_picked":["Cleave+1","AT_IchimonjiDouble+1","Shrug It Off","Heavy Blade+1","True Grit"],"picked":"SKIP","floor":47}],"player_experience":1247939,"relics_obtained":[{"floor":1.0,"key":"SynthV:TestCard"},{"floor":9.0,"key":"Gremlin Food"},{"floor":11.0,"key":"Tiny Chest"},{"floor":14,"key":"Onion Ring"},{"floor":20,"key":"Enchiridion"},{"floor":23,"key":"Potion Belt"},{"floor":25,"key":"Dota2Spire:BladeMail"},{"floor":26,"key":"Oddly Smooth Stone"},{"floor":31,"key":"Self Forming Clay"},{"floor":41,"key":"ReplayTheSpireMod:Shallot"},{"floor":43,"key":"Mirror"}],"event_choices":[{"damage_healed":0.0,"max_hp_gain":0.0,"max_hp_loss":0.0,"gold_gain":0.0,"event_name":"conspire:LoneGhost","player_choice":"Disagree","floor":7.0,"gold_loss":0.0,"damage_taken":0.0},{"damage_healed":0.0,"max_hp_gain":0.0,"max_hp_loss":0.0,"gold_gain":0.0,"event_name":"Dead Adventurer","player_choice":"Searched \u00272\u0027 times","floor":10.0,"gold_loss":0.0,"damage_taken":0.0,"relics_obtained":["AT_SunfireAegis"]},{"damage_healed":0,"gold_gain":0,"player_choice":"Ignored","damage_taken":0,"max_hp_gain":0,"max_hp_loss":0,"event_name":"Shining Light","floor":13,"gold_loss":0},{"damage_healed":0,"gold_gain":0,"player_choice":"Obtained Book","damage_taken":16,"max_hp_gain":0,"max_hp_loss":0,"event_name":"Cursed Tome","floor":20,"gold_loss":0},{"damage_healed":0,"gold_gain":0,"player_choice":"Leave","damage_taken":0,"max_hp_gain":0,"max_hp_loss":0,"event_name":"conspire:Investor","floor":36,"gold_loss":0},{"damage_healed":0,"gold_gain":0,"player_choice":"Max HP","damage_taken":0,"max_hp_gain":0,"max_hp_loss":4,"event_name":"Winding Halls","floor":45,"gold_loss":0}],"is_beta":false,"boss_relics":[{"not_picked":["TimeKeys","Abe\u0027s Treasure","vexMod:FluxCapacitor"]},{"not_picked":["Kintsugi","aspiration:RunicSpoon","Pandora\u0027s Box"]}],"items_purged_floors":[19,19,37,37,48],"is_endless":false,"potions_floor_spawned":[4,11,14,25,28,30,33,38,39,41,42],"ascension_level":9}}