{"host":"22tt21bn45sbv98g","time":1610288588,"event":{"mods":["Act Like it!","BaseMod","Downfall","Gensokyo","Minty Spire (QoL Compilation)","SOS（斯巴达之子）","StSLib","The Blackbeard","The Servant 0.9.4","Youmu（魂魄妖梦）","【功能Mod】聪明的最终Boss"],"gold_per_floor":[115,30,44,44,64,96,96,96,119,132,148,148,161,174,174,278,278,296,44,44,64,76,110,110,122,192,192,226,239,239,250,250,345,345,384,384,124,150,168,200,237,237,263,275,333,364,376,376,376],"floor_reached":47,"playtime":4078,"items_purged":[],"score":529,"play_id":"ed2defd9-d7ea-4f02-801a-ff4736c2b33a","local_time":"20210110222308","is_ascension_mode":false,"campfire_choices":[{"floor":7.0,"key":"REST"},{"data":"blackbeard:Halberd","floor":12.0,"key":"SMITH"},{"floor":15.0,"key":"RECALL"},{"data":"blackbeard:Rum","floor":24.0,"key":"SMITH"},{"data":"blackbeard:Parrot","floor":27.0,"key":"SMITH"},{"floor":32.0,"key":"REST"},{"floor":42,"key":"REST"},{"floor":44,"key":"REST"}],"circlet_count":0,"master_deck":["blackbeard:BlackbeardStrike","blackbeard:BlackbeardStrike","blackbeard:BlackbeardStrike","blackbeard:BlackbeardStrike","blackbeard:IntimidatingStrike","blackbeard:BlackbeardDefend","blackbeard:BlackbeardDefend","blackbeard:BlackbeardDefend","blackbeard:BlackbeardDefend","blackbeard:Cutlass","blackbeard:Sword","blackbeard:Upgrade+1","blackbeard:GoldenStrike","blackbeard:DoubleCannonball","blackbeard:WiseDefense+1","blackbeard:DeadlyArsenal","blackbeard:Halberd+1","blackbeard:Rum+1","blackbeard:RemoveScurvy","blackbeard:Parrot+1","blackbeard:RemoveScurvy","blackbeard:AgileStrike+1","blackbeard:BlindAttacks+1","blackbeard:RemoveScurvy","blackbeard:Rum","blackbeard:Rum","blackbeard:Shrapnel+1","blackbeard:Dagger","blackbeard:BountyHunter+1","blackbeard:Toast","blackbeard:PiratesWill+1","blackbeard:CloakAndCannonball+1","blackbeard:Dagger+1","blackbeard:FieryDefense+1"],"relics":["blackbeard:LoadTheCannons","NeowsBlessing","Guardian:PocketSentry","Tiny Chest","Runic Pyramid","Molten Egg 2","War Paint","Bottled Flame","Girya","Black Star","Gensokyo:TheCrow","blackbeard:PowderCan","Omamori","Turnip","Bird Faced Urn","MawBank","Strawberry","Gremlin Horn"],"acts_visited":["Exordium","TheCity","TheCity"],"potions_floor_usage":[47,47,47],"damage_taken":[{"damage":0.0,"enemies":"Cultist","floor":1.0,"turns":1.0},{"damage":0.0,"enemies":"2 Louse","floor":3.0,"turns":1.0},{"damage":0.0,"enemies":"Small Slimes","floor":5.0,"turns":1.0},{"damage":35.0,"enemies":"Lagavulin","floor":6.0,"turns":10.0},{"damage":1.0,"enemies":"3 Louse","floor":10.0,"turns":4.0},{"damage":1.0,"enemies":"Lots of Slimes","floor":11.0,"turns":4.0},{"damage":0.0,"enemies":"Blue Slaver","floor":13.0,"turns":3.0},{"damage":2.0,"enemies":"Exordium Wildlife","floor":14.0,"turns":3.0},{"damage":2.0,"enemies":"Hexaghost","floor":16.0,"turns":8.0},{"damage":8.0,"enemies":"Shell Parasite","floor":18.0,"turns":4.0},{"damage":1.0,"enemies":"Chosen","floor":21.0,"turns":5.0},{"damage":44.0,"enemies":"Sentry and Sphere","floor":22.0,"turns":8.0},{"damage":18.0,"enemies":"Book of Stabbing","floor":23.0,"turns":5.0},{"damage":2.0,"enemies":"Cultist and Chosen","floor":25.0,"turns":6.0},{"damage":34.0,"enemies":"Gremlin Leader","floor":28.0,"turns":9.0},{"damage":22.0,"enemies":"Snecko","floor":29.0,"turns":5.0},{"damage":24.0,"enemies":"Centurion and Healer","floor":31.0,"turns":8.0},{"damage":34.0,"enemies":"Champ","floor":33.0,"turns":17.0},{"damage":34,"enemies":"Gensokyo:AncientGuardian","floor":35,"turns":6},{"damage":17,"enemies":"Gensokyo:3_Boulders","floor":39,"turns":4},{"damage":31,"enemies":"Gensokyo:Doremy","floor":40,"turns":6},{"damage":16,"enemies":"Gensokyo:Dusk_and_Dawn","floor":41,"turns":3},{"damage":52,"enemies":"Gensokyo:Marisa","floor":45,"turns":6},{"damage":7,"enemies":"Gensokyo:4_Bats","floor":46,"turns":3},{"damage":37,"enemies":"Gensokyo:Kasen","floor":47,"turns":7}],"seed_played":"-3819111250587944781","potions_obtained":[{"floor":6.0,"key":"Strength Potion"},{"floor":11.0,"key":"Fire Potion"},{"floor":14.0,"key":"blackbeard:RumPotion"},{"floor":21.0,"key":"Guardian:BlockOnCardUsePotion"},{"floor":28.0,"key":"blackbeard:UpgradePotion"},{"floor":29.0,"key":"blackbeard:OrangeJuicePotion"},{"floor":31.0,"key":"hexamod:EctoCoolerPotion"},{"floor":33.0,"key":"SmokeBomb"},{"floor":35,"key":"GamblersBrew"},{"floor":39,"key":"Dexterity Potion"}],"is_trial":false,"path_per_floor":["M","$","M","$","M","E","R","?","T","M","M","R","M","M","R","B",null,"M","$","?","M","M","E","R","M","T","R","E","M","?","M","R","B",null,"M","?","$","T","M","E","M","R","T","R","E","M","E"],"character_chosen":"BLACKBEARD_CLASS","items_purchased":["blackbeard:Upgrade","blackbeard:GoldenStrike","Molten Egg 2","blackbeard:PowderCan"],"campfire_rested":4,"item_purchase_floors":[2,2,19,37],"current_hp_per_floor":[75,75,75,75,75,40,62,59,59,58,57,57,57,55,55,58,75,72,72,72,74,50,42,42,55,55,55,46,34,34,35,57,51,75,46,46,46,46,44,18,9,31,31,53,22,19,0,0,0],"gold":376,"neow_bonus":"THREE_ENEMY_KILL","is_daily":false,"chose_seed":false,"campfire_upgraded":3,"win_rate":0.0,"timestamp":1610288588,"path_taken":["M","$","?","$","M","E","R","?","T","M","M","R","M","M","R","BOSS","M","$","?","M","M","E","R","M","T","R","E","M","?","M","R","BOSS","M","?","$","?","M","E","M","R","T","R","E","?","E"],"items_purchased_type":["Card","Card","Relic","Relic"],"build_version":"2020-12-22","purchased_purges":0,"victory":false,"max_hp_per_floor":[75,75,75,75,75,75,75,75,75,75,75,75,75,75,75,75,75,75,75,75,75,75,75,75,75,75,75,75,75,75,75,75,75,75,75,75,75,75,75,75,75,75,75,75,82,82,82,82,82],"card_choices":[{"not_picked":["blackbeard:BeatUp","blackbeard:Upgrade"],"picked":"blackbeard:Sword","floor":1.0},{"not_picked":["blackbeard:CloakAndCannonball","blackbeard:CannonBarrage"],"picked":"blackbeard:DoubleCannonball","floor":3.0},{"not_picked":["blackbeard:RearmingStrike","blackbeard:GoldenDefense"],"picked":"blackbeard:WiseDefense","floor":5.0},{"not_picked":["blackbeard:FieryDefense","blackbeard:Sword"],"picked":"blackbeard:DeadlyArsenal","floor":6.0},{"not_picked":["blackbeard:Fencing","blackbeard:FishingNets"],"picked":"blackbeard:RearmingStrike","floor":10.0},{"not_picked":["blackbeard:BeatUp","blackbeard:Dagger"],"picked":"blackbeard:Halberd","floor":11.0},{"not_picked":["blackbeard:FieryDefense","blackbeard:Sword"],"picked":"blackbeard:Rum","floor":13.0},{"not_picked":["blackbeard:BlindAttacks","blackbeard:ArmorUp"],"picked":"blackbeard:RemoveScurvy","floor":14.0},{"not_picked":["blackbeard:Halberd","blackbeard:MegaUpgrade"],"picked":"blackbeard:Parrot","floor":16.0},{"not_picked":["blackbeard:Dagger+1","blackbeard:WiseDefense+1"],"picked":"blackbeard:RemoveScurvy","floor":18.0},{"not_picked":["blackbeard:Shrapnel+1","blackbeard:GoldenDefense+1"],"picked":"blackbeard:AgileStrike+1","floor":21.0},{"not_picked":["blackbeard:DelayedPain","blackbeard:GoldenStrike+1"],"picked":"blackbeard:BlindAttacks+1","floor":22.0},{"not_picked":["blackbeard:Eyepatch","blackbeard:CloakAndCannonball"],"picked":"blackbeard:RemoveScurvy","floor":23.0},{"not_picked":["blackbeard:Sword","blackbeard:Fencing"],"picked":"blackbeard:Rum","floor":25.0},{"not_picked":["blackbeard:Eyepatch+1","blackbeard:JollyRoger"],"picked":"blackbeard:Rum","floor":28.0},{"not_picked":["blackbeard:MegaUpgrade","blackbeard:Revenge+1"],"picked":"blackbeard:Shrapnel+1","floor":29.0},{"not_picked":["blackbeard:Upgrade","blackbeard:PiratesWill"],"picked":"blackbeard:Dagger","floor":31.0},{"not_picked":["blackbeard:GoldenGuillotine+1","blackbeard:Parrot"],"picked":"blackbeard:BountyHunter+1","floor":33.0},{"not_picked":["blackbeard:RearmingStrike+1","blackbeard:CannonballSupply"],"picked":"blackbeard:Toast","floor":35},{"not_picked":["blackbeard:CloakAndCannonball+1","blackbeard:Provisioning+1"],"picked":"blackbeard:PiratesWill+1","floor":39},{"not_picked":["blackbeard:Sharpening+1","blackbeard:Fencing"],"picked":"blackbeard:CloakAndCannonball+1","floor":40},{"not_picked":["blackbeard:DeadlyArsenal","blackbeard:PowderKeg+1"],"picked":"blackbeard:Dagger+1","floor":41},{"not_picked":["blackbeard:DelayedPain","blackbeard:Sharpening+1"],"picked":"blackbeard:FieryDefense+1","floor":45},{"not_picked":["blackbeard:PowderKeg+1","blackbeard:DoubleBottom+1","blackbeard:FieryDefense"],"picked":"SKIP","floor":46}],"player_experience":256598,"relics_obtained":[{"floor":6.0,"key":"Guardian:PocketSentry"},{"floor":23.0,"key":"War Paint"},{"floor":26.0,"key":"Bottled Flame"},{"floor":28.0,"key":"Girya"},{"floor":38,"key":"Omamori"},{"floor":40,"key":"Turnip"},{"floor":40,"key":"Bird Faced Urn"},{"floor":43,"key":"MawBank"},{"floor":45,"key":"Strawberry"},{"floor":45,"key":"Gremlin Horn"}],"event_choices":[{"damage_healed":0.0,"max_hp_gain":0.0,"max_hp_loss":0.0,"gold_gain":0.0,"event_name":"Scrap Ooze","player_choice":"Success","floor":8.0,"gold_loss":0.0,"damage_taken":3.0,"relics_obtained":["Tiny Chest"]},{"damage_healed":0.0,"max_hp_gain":0.0,"max_hp_loss":0.0,"gold_gain":0.0,"event_name":"Vampires","player_choice":"Ignored","floor":20.0,"gold_loss":0.0,"damage_taken":0.0},{"damage_healed":0.0,"max_hp_gain":0.0,"max_hp_loss":0.0,"gold_gain":0.0,"event_name":"Ghosts","player_choice":"Ignored","floor":30.0,"gold_loss":0.0,"damage_taken":0.0}],"is_beta":false,"boss_relics":[{"not_picked":["Coffee Dripper","Cursed Key"],"picked":"Runic Pyramid"},{"not_picked":["Tiny House","Sozu"],"picked":"Black Star"}],"items_purged_floors":[],"is_endless":false,"potions_floor_spawned":[6,11,14,21,28,29,31,33,35,39],"killed_by":"Gensokyo:Kasen","ascension_level":0}}