{"host":"wvaiab5ya9pyia0u","time":1610274757,"event":{"mods":["2.2 Compatiblity","Act Like it!","Aspiration","Bard","BaseMod","Bestiary","BetterRewards","Challenge The Spire","Colored Powertips","Conspire","Custom Start","DeckTracker","Hermit","Highlight Path","Hubris","Humility","Infinite Spire","Lobotomy","Mimic Mod","Minty Spire (QoL Compilation)","Pale of the Ancients","Practice Mode","Quarter Circle Forward PUNCH!","Quick Restart","Rare Cards Sparkle","Replay The Spire","Reworked Bosses","SacredBarkPlus","Shop Mod","Spicy Shops","StSLib","The Blue Laboratory","The Construct","The Cursed","The Disciple","The Factory","The Hierophant","The Jungle","The Marked","The Mystic","The Runesmith","The Servant 0.9.4","TheBandit","Thieving Mod","Wandering Minibosses","everything is the same but u backflip on backflip","slay the spire mod where everything is the same but ironclad has a cowboy hat"],"gold_per_floor":[109,126,50,50,62,87,125,2,27,27,23,23,18,18,18,101,101,121,122,122,130,30,30,35,35,59,75,75,86,103,36,36,104,104,104,129,130,127,117,117],"floor_reached":39,"playtime":2193,"items_purged":["hermit:Strike_Hermit","hermit:TakeCover"],"score":448,"play_id":"267f28da-f2de-4e70-b701-1a8caabd9d0c","local_time":"20210110113237","is_ascension_mode":false,"campfire_choices":[{"data":"hermit:Determination","floor":12.0,"key":"SMITH"},{"floor":15.0,"key":"REST"},{"floor":23.0,"key":"REST"},{"floor":28.0,"key":"REST"},{"floor":32.0,"key":"REST"}],"circlet_count":0,"master_deck":["hermit:Strike_Hermit","hermit:Strike_Hermit+1","hermit:Strike_Hermit","hermit:Defend_Hermit","hermit:Defend_Hermit","hermit:Defend_Hermit","hermit:Defend_Hermit","hermit:Snapshot","hermit:Covet","hermit:OverwhelmingPower","hermit:Manifest","hermit:BodyArmor","hermit:HighCaliber","hermit:Desperado","hermit:HoleUp","hermit:Manifest","hermit:Determination+1","hermit:HoleUp","hermit:EternalForm","hermit:Determination+1","hermit:Headshot+1","hermit:Horror","hermit:Ricochet","Decay","hermit:Ricochet+1","hermit:BodyArmor+1","hermit:Determination","hermit:Dissolve","hermit:Manifest+1","hermit:LowProfile","hermit:SprayPray+1","hermit:FlashPowder+1"],"relics":["hermit:Momento","conspire:TopHat","aspiration:HatOfInfinitePower","Bronze Scales","hubris:Towel","hubris:RunicObelisk","PreservedInsect","infinitespire:Beetle Shell","Omamori","Honey Jar","Thread and Needle"],"acts_visited":["Exordium","TheCity","TheBeyond"],"potions_floor_usage":[],"damage_taken":[{"damage":14.0,"enemies":"Jaw Worm","floor":1.0,"turns":4.0},{"damage":3.0,"enemies":"2 Louse","floor":2.0,"turns":4.0},{"damage":0.0,"enemies":"Small Slimes","floor":5.0,"turns":3.0},{"damage":26.0,"enemies":"Replay:BlueRogue","floor":6.0,"turns":12.0},{"damage":1.0,"enemies":"conspire:2 RoseBushes","floor":11.0,"turns":7.0},{"damage":11.0,"enemies":"Exordium Thugs","floor":13.0,"turns":7.0},{"damage":45.0,"enemies":"Fading Forest","floor":16.0,"turns":11.0},{"damage":45.0,"enemies":"Chosen","floor":18.0,"turns":8.0},{"damage":1.0,"enemies":"3 Byrds","floor":19.0,"turns":3.0},{"damage":1.0,"enemies":"conspire:HollyBat","floor":21.0,"turns":7.0},{"damage":16.0,"enemies":"Snake Plant","floor":24.0,"turns":4.0},{"damage":24.0,"enemies":"Gremlin Leader","floor":27.0,"turns":5.0},{"damage":5.0,"enemies":"Snecko","floor":29.0,"turns":5.0},{"damage":0.0,"enemies":"conspire:Head Lice","floor":30.0,"turns":6.0},{"damage":3.0,"enemies":"conspire:HollyBat","floor":31.0,"turns":7.0},{"damage":29.0,"enemies":"bossMod:newChamp","floor":33.0,"turns":14.0},{"damage":8.0,"enemies":"Orb Walker","floor":35.0,"turns":4.0},{"damage":52.0,"enemies":"conspire:MimicChest","floor":36.0,"turns":9.0},{"damage":6.0,"enemies":"3 Shapes","floor":37.0,"turns":6.0},{"damage":0,"enemies":"Writhing Mass","floor":38,"turns":10},{"damage":11,"enemies":"Transient","floor":39,"turns":3}],"seed_played":"-4738362672636700294","potions_obtained":[{"floor":5.0,"key":"construct:ShiftPotion"},{"floor":6.0,"key":"Dexterity Potion"},{"floor":11.0,"key":"Ancient Potion"},{"floor":16.0,"key":"Dexterity Potion"},{"floor":19.0,"key":"CultistPotion"},{"floor":27.0,"key":"blueLaboratory:AbyssPotion"},{"floor":29.0,"key":"blueLaboratory:BubblePotion"}],"is_trial":false,"path_per_floor":["M","M","$","?","M","E","?","$","T","?","M","R","M","$","R","B",null,"M","M","?","M","$","R","M","?","T","E","R","M","E","M","R","B",null,"M","?","M","M","M"],"character_chosen":"HERMIT","items_purchased":["hermit:BodyArmor","hermit:HighCaliber","hermit:Manifest"],"campfire_rested":4,"item_purchase_floors":[3,3,8],"current_hp_per_floor":[61,58,58,58,58,32,32,32,32,32,31,31,20,20,42,7,75,30,29,29,28,28,50,34,34,34,10,32,27,27,24,46,17,75,67,15,9,9,0,0],"gold":117,"neow_bonus":"ONE_RANDOM_RARE_CARD","is_daily":false,"chose_seed":false,"campfire_upgraded":1,"win_rate":0.0,"timestamp":1610274757,"path_taken":["M","M","$","?","M","E","?","?","T","?","?","R","M","?","R","BOSS","M","M","?","M","?","R","M","?","T","E","R","?","E","M","R","BOSS","M","?","M","M","?"],"items_purchased_type":["Card","Card","Card"],"build_version":"2020-12-22","purchased_purges":2,"victory":false,"max_hp_per_floor":[75,75,75,75,75,75,75,75,75,75,75,75,75,75,75,75,75,75,75,75,75,75,75,75,75,75,75,75,75,75,75,75,75,75,75,75,75,75,75,75],"card_choices":[{"not_picked":["hermit:WideOpen","hermit:BodyArmor"],"picked":"hermit:TakeCover","floor":1.0},{"not_picked":["hermit:Snipe","hermit:Malice"],"picked":"hermit:Manifest","floor":2.0},{"not_picked":["hermit:GoldenBullet","hermit:BigShot","hermit:Snipe"],"picked":"SKIP","floor":5.0},{"not_picked":["hermit:GhostlyPresence","hermit:HighCaliber"],"picked":"hermit:Desperado","floor":6.0},{"not_picked":["hermit:Coalescence","hermit:HighCaliber"],"picked":"hermit:HoleUp","floor":7.0},{"not_picked":["hermit:Horror","hermit:ShadowCloak"],"picked":"hermit:Determination","floor":11.0},{"not_picked":["hermit:HighCaliber","hermit:TrackingShot"],"picked":"hermit:HoleUp","floor":13.0},{"not_picked":["hermit:DeadOrAlive","hermit:HeroicBravado"],"picked":"hermit:EternalForm","floor":16.0},{"not_picked":["hermit:Ricochet","hermit:Coalescence"],"picked":"hermit:Determination+1","floor":18.0},{"not_picked":["hermit:Vantage","hermit:WideOpen"],"picked":"hermit:Headshot+1","floor":19.0},{"not_picked":["hermit:Coalescence","hermit:Misfire"],"picked":"hermit:Horror","floor":21.0},{"not_picked":["hermit:DeadMansHand","hermit:Misfire"],"picked":"hermit:Ricochet","floor":24.0},{"not_picked":["hermit:Coalescence","hermit:Quickdraw","hermit:Ricochet"],"picked":"SKIP","floor":27.0},{"not_picked":["hermit:Snipe","hermit:Coalescence"],"picked":"hermit:Ricochet+1","floor":29.0},{"not_picked":["hermit:Roulette","hermit:LuckOfTheDraw"],"picked":"hermit:BodyArmor+1","floor":30.0},{"not_picked":["hermit:Shortfuse","hermit:FullyLoaded"],"picked":"hermit:Determination","floor":31.0},{"not_picked":["hermit:OverwhelmingPower","hermit:Magnum"],"picked":"hermit:Dissolve","floor":33.0},{"not_picked":["hermit:WideOpen","hermit:Coalescence+1","hermit:Roulette+1"],"picked":"hermit:Manifest+1","floor":35.0},{"not_picked":["hermit:Feint","hermit:GoldenBullet+1","hermit:LoneWolf+1"],"picked":"hermit:LowProfile","floor":36.0},{"not_picked":["hermit:TakeCover","hermit:Roulette","hermit:WideOpen"],"picked":"hermit:SprayPray+1","floor":37.0},{"not_picked":["hermit:Desperado+1","hermit:LuckOfTheDraw","hermit:DeadMansHand+1"],"picked":"hermit:FlashPowder+1","floor":38}],"player_experience":233656,"relics_obtained":[{"floor":6.0,"key":"conspire:TopHat"},{"floor":7.0,"key":"aspiration:HatOfInfinitePower"},{"floor":9.0,"key":"Bronze Scales"},{"floor":26.0,"key":"PreservedInsect"},{"floor":27.0,"key":"infinitespire:Beetle Shell"},{"floor":30.0,"key":"Omamori"},{"floor":36.0,"key":"Thread and Needle"}],"event_choices":[{"cards_removed":["ReplayTheSpireMod:Splinters"],"damage_healed":0.0,"max_hp_gain":0.0,"max_hp_loss":0.0,"gold_gain":0.0,"event_name":"Fountain of Cleansing","player_choice":"Removed Curses","floor":20.0,"gold_loss":0.0,"damage_taken":0.0},{"damage_healed":0.0,"max_hp_gain":0.0,"max_hp_loss":0.0,"gold_gain":0.0,"event_name":"Wheel of Change","player_choice":"Cursed","floor":25.0,"gold_loss":0.0,"damage_taken":0.0,"cards_obtained":["Decay"]}],"is_beta":false,"boss_relics":[{"not_picked":["Replay:Fungal Core","Ectoplasm"],"picked":"hubris:RunicObelisk"},{"not_picked":["aspiration:SecretTechniqueScroll","Coffee Dripper"],"picked":"Honey Jar"}],"items_purged_floors":[8,22],"is_endless":false,"potions_floor_spawned":[5,6,11,13,16,19,21,27,29],"killed_by":"Transient","ascension_level":0}}