{"host":"sc0o2qwpf9j16a4i","time":1610267266,"event":{"mods":["AchievementEnabler","BaseMod","BetterRewards","Block Reminder","Colored Map","Colored Powertips","Custom Start","Highlight Path","Minty Spire (QoL Compilation)","Relic Stats"],"gold_per_floor":[116,116,131,149,169,169,319,319,343,17,17,35,35,60,60,134,134,146,61,61,61,61,61,61,61,61,61,81,108,124,124,124,197,197,216,216,216],"floor_reached":36,"playtime":1558,"items_purged":[],"score":1246,"play_id":"b22f236f-d277-4617-895e-b51658d94076","local_time":"20210110102746","is_ascension_mode":true,"campfire_choices":[{"floor":6.0,"key":"REST"},{"data":"SandsOfTime","floor":8.0,"key":"SMITH"},{"data":"Evaluate","floor":11.0,"key":"SMITH"},{"data":"SashWhip","floor":13.0,"key":"SMITH"},{"data":"Indignation","floor":15.0,"key":"SMITH"},{"floor":23.0,"key":"REST"},{"data":"DevaForm","floor":25.0,"key":"SMITH"},{"floor":32,"key":"REST"}],"circlet_count":0,"master_deck":["AscendersBane","Strike_P","Strike_P","Defend_P","Defend_P","Defend_P+1","Eruption","Vigilance+1","Protect","Pain","SandsOfTime+1","ClearTheMind","Evaluate+1","Doubt","SashWhip+1","Indignation+1","DevaForm+1","LikeWater","Writhe","Meditate+1","EmptyMind","Scrawl","Blasphemy+1","CrushJoints+1","SandsOfTime+1","DeceiveReality+1"],"relics":["PureWater","OrangePellets","Dead Branch","Blue Candle","Meat on the Bone","WarpedTongs","Ancient Tea Set","Akabeko","MealTicket","PreservedInsect","SlaversCollar","War Paint","MutagenicStrength","HornCleat","StrikeDummy","Incense Burner","Centennial Puzzle","Astrolabe"],"acts_visited":["Exordium","TheCity","TheBeyond"],"potions_floor_usage":[],"damage_taken":[{"damage":0.0,"enemies":"Jaw Worm","floor":1.0,"turns":3.0},{"damage":1.0,"enemies":"Cultist","floor":3.0,"turns":5.0},{"damage":3.0,"enemies":"2 Louse","floor":4.0,"turns":4.0},{"damage":3.0,"enemies":"Large Slime","floor":5.0,"turns":3.0},{"damage":6.0,"enemies":"3 Louse","floor":12.0,"turns":3.0},{"damage":3.0,"enemies":"Lagavulin","floor":14.0,"turns":6.0},{"damage":24.0,"enemies":"Hexaghost","floor":16.0,"turns":10.0},{"damage":26.0,"enemies":"Chosen","floor":18.0,"turns":4.0},{"damage":20.0,"enemies":"Slavers","floor":27.0,"turns":2.0},{"damage":3.0,"enemies":"3 Byrds","floor":28.0,"turns":6.0},{"damage":9.0,"enemies":"Gremlin Leader","floor":29.0,"turns":3.0},{"damage":33,"enemies":"Shelled Parasite and Fungi","floor":30,"turns":6},{"damage":3,"enemies":"Automaton","floor":33,"turns":9},{"damage":3,"enemies":"3 Shapes","floor":35,"turns":3},{"damage":108,"enemies":"2 Orb Walkers","floor":36,"turns":3}],"seed_played":"-8571890165966366740","potions_obtained":[{"floor":1.0,"key":"SmokeBomb"},{"floor":29,"key":"Fruit Juice"},{"floor":30,"key":"SteroidPotion"}],"is_trial":false,"path_per_floor":["M","?","M","M","M","R","?","R","T","$","R","M","R","E","R","B",null,"M","?","?","$","?","R","$","R","T","E","M","E","M","T","R","B",null,"M","?"],"character_chosen":"WATCHER","items_purchased":["OrangePellets","Dead Branch","Blue Candle","Meat on the Bone","ColorlessPotion","Akabeko","MealTicket"],"campfire_rested":3,"item_purchase_floors":[0,0,0,0,0,10,10],"current_hp_per_floor":[35,35,46,43,40,60,60,60,60,60,60,54,54,51,51,39,61,35,35,35,50,50,68,68,68,68,48,45,36,15,15,35,44,62,59,0,0],"gold":216,"neow_bonus":"","is_daily":false,"chose_seed":false,"campfire_upgraded":5,"win_rate":0.0,"timestamp":1610267266,"path_taken":["M","?","?","M","M","R","?","R","T","$","R","M","R","E","R","BOSS","M","?","?","$","?","R","$","R","T","E","M","E","M","?","R","BOSS","M","?"],"items_purchased_type":["Relic","Relic","Relic","Relic","Potion","Relic","Relic"],"build_version":"2020-12-22","purchased_purges":0,"victory":false,"max_hp_per_floor":[68,68,68,68,68,68,68,68,68,68,68,68,68,68,68,68,68,68,68,68,68,68,68,68,68,68,68,68,68,68,68,68,68,68,68,68,68],"relic_stats":{"OrangePellets":[1],"Centennial Puzzle":[60],"counters":[68,332],"Dead Branch":[89],"Blue Candle":[33],"Astrolabe":["Blasphemy","CrushJoints","SandsOfTime"],"MealTicket":15,"PreservedInsect":92,"War Paint":["Defend_P","Crescendo","Defend_P","Vigilance"],"obtain_stats":[{"Ice Cream":14,"Gremlin Horn":30,"Vajra":39,"Whetstone":43,"Sling":37,"Old Coin":7,"Centennial Puzzle":37,"HornCleat":22,"Strawberry":28,"Philosopher\u0027s Stone":34,"MealTicket":10,"Fusion Hammer":17,"VioletLotus":34,"Kunai":14,"Girya":40,"Dead Branch":0,"Blue Candle":0,"Astrolabe":34,"Oddly Smooth Stone":39,"War Paint":5,"Question Card":0,"Akabeko":10,"WarpedTongs":2,"OrangePellets":0,"SlaversCollar":17,"Shuriken":0,"MutagenicStrength":25,"Black Star":0,"StrikeDummy":26,"Meat on the Bone":0,"Regal Pillow":30,"Singing Bowl":10,"Incense Burner":29,"TeardropLocket":5,"Ancient Tea Set":9,"ClockworkSouvenir":30,"Dream Catcher":9,"Matryoshka":25,"Shovel":42,"Mummified Hand":7,"InkBottle":14,"Runic Pyramid":17,"Damaru":26,"PreservedInsect":14,"GoldenEye":24,"White Beast Statue":10,"Anchor":26,"CaptainsWheel":0,"Ornamental Fan":9,"HolyWater":17,"Membership Card":0,"PureWater":0},{"Ice Cream":41,"Gremlin Horn":49,"Vajra":29,"Whetstone":31,"Sling":28,"Old Coin":4,"Centennial Puzzle":52,"HornCleat":61,"Strawberry":48,"Philosopher\u0027s Stone":27,"MealTicket":57,"Fusion Hammer":8,"VioletLotus":51,"Kunai":7,"Girya":30,"Dead Branch":53,"Blue Candle":53,"Astrolabe":66,"Oddly Smooth Stone":29,"War Paint":38,"Question Card":35,"Akabeko":57,"WarpedTongs":54,"OrangePellets":53,"SlaversCollar":60,"Shuriken":10,"MutagenicStrength":47,"Black Star":0,"StrikeDummy":61,"Meat on the Bone":53,"Regal Pillow":25,"Singing Bowl":4,"Incense Burner":64,"TeardropLocket":14,"Ancient Tea Set":57,"ClockworkSouvenir":25,"Dream Catcher":4,"Matryoshka":24,"Shovel":31,"Mummified Hand":4,"InkBottle":7,"Runic Pyramid":20,"Damaru":24,"PreservedInsect":59,"GoldenEye":47,"White Beast Statue":16,"Anchor":24,"CaptainsWheel":35,"Ornamental Fan":15,"HolyWater":42,"Membership Card":35,"PureWater":0},{"Ice Cream":208,"Gremlin Horn":243,"Vajra":149,"Whetstone":160,"Sling":145,"Old Coin":16,"Centennial Puzzle":261,"HornCleat":300,"Strawberry":240,"Philosopher\u0027s Stone":140,"MealTicket":277,"Fusion Hammer":38,"VioletLotus":256,"Kunai":30,"Girya":155,"Dead Branch":262,"Blue Candle":262,"Astrolabe":326,"Oddly Smooth Stone":149,"War Paint":197,"Question Card":188,"Akabeko":277,"WarpedTongs":265,"OrangePellets":262,"SlaversCollar":296,"Shuriken":47,"MutagenicStrength":235,"Black Star":0,"StrikeDummy":300,"Meat on the Bone":262,"Regal Pillow":126,"Singing Bowl":16,"Incense Burner":311,"TeardropLocket":62,"Ancient Tea Set":277,"ClockworkSouvenir":126,"Dream Catcher":16,"Matryoshka":120,"Shovel":160,"Mummified Hand":16,"InkBottle":30,"Runic Pyramid":100,"Damaru":120,"PreservedInsect":286,"GoldenEye":235,"White Beast Statue":75,"Anchor":120,"CaptainsWheel":188,"Ornamental Fan":67,"HolyWater":216,"Membership Card":188,"PureWater":0}],"Meat on the Bone":60,"WarpedTongs":[66]},"card_choices":[{"not_picked":["FollowUp","JustLucky"],"picked":"Protect","floor":1.0},{"not_picked":["Halt","EmptyFist"],"picked":"SandsOfTime","floor":3.0},{"not_picked":["WreathOfFlame","SignatureMove"],"picked":"ClearTheMind","floor":4.0},{"not_picked":["Halt","JustLucky"],"picked":"Evaluate","floor":5.0},{"not_picked":["ThirdEye","PathToVictory"],"picked":"SashWhip","floor":12.0},{"not_picked":["Crescendo","WaveOfTheHand"],"picked":"Indignation","floor":14.0},{"not_picked":["LessonLearned","Judgement"],"picked":"DevaForm","floor":16.0},{"not_picked":["DeceiveReality","Collect"],"picked":"LikeWater","floor":18.0},{"not_picked":["EmptyBody","BowlingBash"],"picked":"Meditate+1","floor":28.0},{"not_picked":["Worship","SandsOfTime","Consecrate"],"picked":"SKIP","floor":29},{"not_picked":["PathToVictory","BowlingBash"],"picked":"EmptyMind","floor":30},{"not_picked":["DevaForm","ConjureBlade"],"picked":"Scrawl","floor":33},{"not_picked":["ReachHeaven","SandsOfTime"],"picked":"DeceiveReality+1","floor":35}],"player_experience":572125,"relics_obtained":[{"floor":9.0,"key":"Ancient Tea Set"},{"floor":14.0,"key":"PreservedInsect"},{"floor":26.0,"key":"StrikeDummy"},{"floor":29,"key":"Incense Burner"},{"floor":31,"key":"Centennial Puzzle"}],"event_choices":[{"damage_healed":0.0,"max_hp_gain":0.0,"max_hp_loss":0.0,"gold_gain":0.0,"event_name":"Accursed Blacksmith","player_choice":"Rummage","floor":2.0,"gold_loss":0.0,"damage_taken":0.0,"relics_obtained":["WarpedTongs"],"cards_obtained":["Pain"]},{"damage_healed":0.0,"max_hp_gain":0.0,"max_hp_loss":0.0,"gold_gain":150.0,"event_name":"Liars Game","player_choice":"AGREE","floor":7.0,"gold_loss":0.0,"damage_taken":0.0,"cards_obtained":["Doubt"]},{"damage_healed":0.0,"max_hp_gain":0.0,"max_hp_loss":0.0,"gold_gain":0.0,"event_name":"Addict","player_choice":"Obtained Relic","floor":19.0,"gold_loss":85.0,"damage_taken":0.0,"relics_obtained":["War Paint"]},{"damage_healed":0.0,"max_hp_gain":0.0,"max_hp_loss":0.0,"gold_gain":0.0,"event_name":"Drug Dealer","player_choice":"Inject Mutagens","floor":20.0,"gold_loss":0.0,"damage_taken":0.0,"relics_obtained":["MutagenicStrength"]},{"damage_healed":0.0,"max_hp_gain":0.0,"max_hp_loss":0.0,"gold_gain":0.0,"event_name":"The Mausoleum","player_choice":"Opened","floor":22.0,"gold_loss":0.0,"damage_taken":0.0,"relics_obtained":["HornCleat"],"cards_obtained":["Writhe"]},{"damage_healed":0,"gold_gain":0,"player_choice":"Fight","damage_taken":0,"max_hp_gain":0,"max_hp_loss":0,"event_name":"Mysterious Sphere","floor":36,"gold_loss":0}],"is_beta":false,"boss_relics":[{"not_picked":["Pandora\u0027s Box","Velvet Choker"],"picked":"SlaversCollar"},{"not_picked":["Runic Dome","Coffee Dripper"],"picked":"Astrolabe"}],"items_purged_floors":[],"is_endless":false,"potions_floor_spawned":[1,4,14,29,30],"killed_by":"2 Orb Walkers","ascension_level":20}}