{"host":"m5bsg12zcyqnofur","time":1610300945,"event":{"mods":["BaseMod","BetterRewards","Colored Powertips","Downfall","Highlight Path","Minty Spire (QoL Compilation)","Quick Restart","Replay The Spire","Shop Mod","StSLib"],"gold_per_floor":[218,90,90,110,128,128,163,163,242,273,289,113,147,166,166,271,271,283,295,295,295],"floor_reached":20,"playtime":1275,"items_purged":["Strike_B","Strike_B"],"score":204,"play_id":"ca857f25-5c23-48ff-a772-d1fcf8d6b51a","local_time":"20210110114905","is_ascension_mode":true,"campfire_choices":[{"data":"Zap","floor":6,"key":"SMITH"},{"data":"Dualcast","floor":8,"key":"SMITH"},{"data":"BasicCrystalCard","floor":15,"key":"SMITH"}],"circlet_count":0,"master_deck":["Strike_B","Defend_B","Defend_B","Defend_B","Defend_B","Zap+1","Dualcast+1","Coolheaded","Ball Lightning","BasicCrystalCard+1","Ball Lightning","Loop","Crystallizer","Panic Button","ReplayTheSpireMod:Calculation Training","Creative AI","Defragment+1"],"relics":["Cracked Core","Dream Catcher","Matryoshka","Bag of Marbles","SlaversCollar"],"acts_visited":["TheCity"],"potions_floor_usage":[13,13,13],"damage_taken":[{"damage":0,"enemies":"Small Slimes","floor":1,"turns":2},{"damage":4,"enemies":"Cultist","floor":4,"turns":4},{"damage":3,"enemies":"Jaw Worm","floor":5,"turns":4},{"damage":30,"enemies":"Gremlin Nob","floor":7,"turns":4},{"damage":24,"enemies":"3 Sentries","floor":10,"turns":6},{"damage":4,"enemies":"3 Louse","floor":11,"turns":3},{"damage":1,"enemies":"Lagavulin","floor":13,"turns":6},{"damage":0,"enemies":"Large Slime","floor":14,"turns":3},{"damage":2,"enemies":"Hexaghost","floor":16,"turns":9},{"damage":33,"enemies":"2 Thieves","floor":18,"turns":4},{"damage":7,"enemies":"Spheric Guardian","floor":19,"turns":3},{"damage":42,"enemies":"Shelled Parasite and Fungi","floor":20,"turns":4}],"seed_played":"6999820652979636607","potions_obtained":[{"floor":7,"key":"SkillPotion"},{"floor":10,"key":"Block Potion"},{"floor":11,"key":"Fire Potion"},{"floor":19,"key":"Toxic Potion"}],"is_trial":false,"path_per_floor":["M","$","?","M","M","R","E","R","T","E","M","$","E","M","R","B",null,"M","M","M"],"character_chosen":"DEFECT","items_purchased":["Ball Lightning","Crystallizer"],"campfire_rested":0,"item_purchase_floors":[2,12],"current_hp_per_floor":[75,75,75,71,68,68,38,38,38,14,10,10,9,9,9,7,75,42,35,0,0],"gold":295,"neow_bonus":"HUNDRED_GOLD","is_daily":false,"chose_seed":false,"campfire_upgraded":3,"win_rate":0.0,"timestamp":1610300945,"path_taken":["M","$","?","M","M","R","E","R","T","E","M","$","E","M","R","BOSS","M","M","M"],"items_purchased_type":["Card","Card"],"build_version":"2020-12-22","purchased_purges":2,"victory":false,"max_hp_per_floor":[75,75,75,75,75,75,75,75,75,75,75,75,75,75,75,75,75,75,75,75,75],"card_choices":[{"not_picked":["BasicCrystalCard","Stack"],"picked":"Coolheaded","floor":1},{"not_picked":["Recycle","ReplayTheSpireMod:Repulse"],"picked":"BasicCrystalCard","floor":4},{"not_picked":["ReplayGash","Leap","Streamline"],"picked":"SKIP","floor":5},{"not_picked":["Rebound","White Noise","Beam Cell"],"picked":"SKIP","floor":7},{"not_picked":["Chill","Go for the Eyes"],"picked":"Ball Lightning","floor":10},{"not_picked":["Heatsinks","Barrage"],"picked":"Loop","floor":11},{"not_picked":["Compile Driver","Rebound"],"picked":"Panic Button","floor":13},{"not_picked":["Panic Button","Rip and Tear"],"picked":"ReplayTheSpireMod:Calculation Training","floor":14},{"not_picked":["Machine Learning","All For One"],"picked":"Creative AI","floor":16},{"not_picked":["Stack","Hologram+1"],"picked":"Defragment+1","floor":18},{"not_picked":["Leap","Conserve Battery","Scrape"],"picked":"SKIP","floor":19}],"player_experience":140090,"relics_obtained":[{"floor":7,"key":"Dream Catcher"},{"floor":10,"key":"Matryoshka"},{"floor":13,"key":"Bag of Marbles"}],"event_choices":[{"cards_removed":["Strike_B"],"damage_healed":0,"gold_gain":0,"player_choice":"Offered Basic","damage_taken":0,"max_hp_gain":0,"max_hp_loss":0,"event_name":"Bonfire Elementals","floor":3,"gold_loss":0}],"is_beta":false,"boss_relics":[{"not_picked":["ReplayTheSpireMod:DimensionalGlitch","Fusion Hammer"],"picked":"SlaversCollar"}],"items_purged_floors":[2,12],"is_endless":false,"potions_floor_spawned":[7,10,11,19],"killed_by":"Shelled Parasite and Fungi","ascension_level":1}}