{"host":"7ukkhvvme89nt444","time":1610319641,"event":{"mods":["BaseMod","Colored Map","Colored Powertips","Minty Spire (QoL Compilation)","Relic Stats","Slay-I","ojb\u0027s Better Paths Mod","ojb\u0027s Info Mod"],"gold_per_floor":[112,124,124,140,140,179,179,219,277,289,320,332,344,356,368,501,513,541,568,580,615,627,639,651,651],"floor_reached":24,"playtime":1940,"items_purged":[],"score":292,"play_id":"955506dd-d25a-40d8-acd7-2afd927210f9","local_time":"20210111000041","is_ascension_mode":true,"campfire_choices":[{"floor":7.0,"key":"REST"},{"floor":10.0,"key":"REST"},{"data":"Eruption","floor":15.0,"key":"SMITH"},{"floor":23,"key":"RECALL"}],"circlet_count":0,"master_deck":["Strike_P","Strike_P","Strike_P","Defend_P","Defend_P","Defend_P","Defend_P+1","Eruption+1","Vigilance","CutThroughFate","Meditate+1","FearNoEvil","DeusExMachina","MasterReality","Judgement","Blasphemy","RitualDagger+1","EmptyBody+1"],"relics":["PureWater","Golden Idol","Mummified Hand","MawBank","Black Star"],"acts_visited":["Exordium","TheCity"],"potions_floor_usage":[21,24],"damage_taken":[{"damage":0.0,"enemies":"Small Slimes","floor":1.0,"turns":3.0},{"damage":0.0,"enemies":"2 Louse","floor":2.0,"turns":1.0},{"damage":0.0,"enemies":"Jaw Worm","floor":4.0,"turns":2.0},{"damage":24.0,"enemies":"3 Sentries","floor":6.0,"turns":7.0},{"damage":34.0,"enemies":"Gremlin Nob","floor":8.0,"turns":5.0},{"damage":3.0,"enemies":"Looter","floor":11.0,"turns":2.0},{"damage":0.0,"enemies":"Slime Boss","floor":16.0,"turns":6.0},{"damage":13.0,"enemies":"Shell Parasite","floor":18.0,"turns":4.0},{"damage":25.0,"enemies":"3 Byrds","floor":19.0,"turns":4.0},{"damage":17,"enemies":"Snake Plant","floor":21,"turns":4},{"damage":23,"enemies":"Book of Stabbing","floor":24,"turns":3}],"seed_played":"-9139016915023955296","potions_obtained":[{"floor":4.0,"key":"BlessingOfTheForge"},{"floor":8.0,"key":"SteroidPotion"},{"floor":16.0,"key":"SkillPotion"},{"floor":21,"key":"Dexterity Potion"}],"is_trial":false,"path_per_floor":["M","M","?","M","?","E","R","E","T","R","M","?","$","?","R","B",null,"M","M","?","M","?","R","E"],"character_chosen":"WATCHER","items_purchased":[],"campfire_rested":2,"item_purchase_floors":[],"current_hp_per_floor":[79,79,60,60,44,20,43,9,9,32,29,34,34,34,34,34,84,71,46,40,23,23,23,0,0],"gold":651,"neow_bonus":"TEN_PERCENT_HP_BONUS","is_daily":false,"chose_seed":false,"campfire_upgraded":1,"win_rate":0.0,"timestamp":1610319641,"path_taken":["M","M","?","M","?","E","R","E","T","R","M","?","$","?","R","BOSS","M","M","?","M","?","R","E"],"items_purchased_type":[],"build_version":"2020-12-22","purchased_purges":0,"victory":false,"max_hp_per_floor":[79,79,79,79,79,79,79,79,79,79,79,84,84,84,84,84,84,84,84,84,84,84,84,84,84],"relic_stats":{"counters":[11,41],"Golden Idol":58,"Mummified Hand":[6],"Black Star":0,"MawBank":192,"obtain_stats":[{"Golden Idol":3,"Mummified Hand":6,"Black Star":17,"PureWater":0,"MawBank":8},{"Golden Idol":2,"Mummified Hand":4,"Black Star":7,"PureWater":0,"MawBank":5},{"Golden Idol":4,"Mummified Hand":13,"Black Star":26,"PureWater":0,"MawBank":18}]},"card_choices":[{"not_picked":["Halt","Swivel"],"picked":"CutThroughFate","floor":1.0},{"not_picked":["FlyingSleeves","BowlingBash"],"picked":"Meditate","floor":2.0},{"not_picked":["FlurryOfBlows","CutThroughFate"],"picked":"FearNoEvil","floor":4.0},{"not_picked":["JustLucky","Halt"],"picked":"DeusExMachina","floor":6.0},{"not_picked":["ThirdEye","DevaForm"],"picked":"MasterReality","floor":8.0},{"not_picked":["WaveOfTheHand","PathToVictory","ClearTheMind"],"picked":"SKIP","floor":11.0},{"not_picked":["Establishment","Scrawl"],"picked":"Judgement","floor":16.0},{"not_picked":["Consecrate","Crescendo","EmptyBody"],"picked":"SKIP","floor":18.0},{"not_picked":["SashWhip+1","Halt"],"picked":"Blasphemy","floor":19.0},{"not_picked":["Halt","EmptyFist"],"picked":"EmptyBody+1","floor":21}],"player_experience":447076,"relics_obtained":[{"floor":6.0,"key":"Mummified Hand"},{"floor":8.0,"key":"MawBank"}],"event_choices":[{"damage_healed":0.0,"max_hp_gain":0.0,"max_hp_loss":0.0,"gold_gain":0.0,"event_name":"Golden Idol","player_choice":"Take Damage","floor":3.0,"gold_loss":0.0,"damage_taken":19.0,"relics_obtained":["Golden Idol"]},{"damage_healed":0.0,"max_hp_gain":0.0,"max_hp_loss":0.0,"gold_gain":0.0,"event_name":"Shining Light","player_choice":"Entered Light","floor":5.0,"gold_loss":0.0,"damage_taken":16.0,"cards_upgraded":["Defend_P","Meditate"]},{"damage_healed":0.0,"max_hp_gain":5.0,"max_hp_loss":0.0,"gold_gain":0.0,"event_name":"Big Fish","player_choice":"Donut","floor":12.0,"gold_loss":0.0,"damage_taken":0.0},{"cards_removed":["Strike_P"],"damage_healed":0.0,"max_hp_gain":0.0,"max_hp_loss":0.0,"gold_gain":0.0,"event_name":"Living Wall","player_choice":"Forget","floor":14.0,"gold_loss":0.0,"damage_taken":0.0},{"damage_healed":0.0,"max_hp_gain":0.0,"max_hp_loss":0.0,"gold_gain":0.0,"event_name":"Nest","player_choice":"Joined the Cult","floor":20.0,"gold_loss":0.0,"damage_taken":6.0,"cards_obtained":["RitualDagger"]},{"damage_healed":0,"gold_gain":0,"player_choice":"Upgraded","damage_taken":0,"max_hp_gain":0,"max_hp_loss":0,"event_name":"Upgrade Shrine","floor":22,"gold_loss":0,"cards_upgraded":["RitualDagger"]}],"is_beta":false,"boss_relics":[{"not_picked":["Empty Cage","Ectoplasm"],"picked":"Black Star"}],"items_purged_floors":[],"is_endless":false,"potions_floor_spawned":[4,8,16,21],"killed_by":"Book of Stabbing","ascension_level":3}}