{"host":"oiw60b5ins9fyx34","time":1610285864,"event":{"mods":["BaseMod","Colored Map","Colored Powertips","Minty Spire (QoL Compilation)","Permanent Neow","Quick Restart","Relic Stats","StSLib"],"gold_per_floor":[115,115,129,129,139,139,166,166,166,116,146,158,170,23,23,124,124,139,39,39,55,55,55,87,186,186,201,126,126,126,137,137,137,137],"floor_reached":33,"playtime":1588,"items_purged":["Strike_G"],"score":273,"play_id":"aa57bd0d-06cd-49d2-aa58-da9f77887f65","local_time":"20210110223744","is_ascension_mode":false,"campfire_choices":[{"data":"Dagger Spray","floor":6,"key":"SMITH"},{"floor":8,"key":"REST"},{"data":"Bouncing Flask","floor":15,"key":"SMITH"},{"data":"Dash","floor":23,"key":"SMITH"},{"data":"Die Die Die","floor":29,"key":"SMITH"},{"data":"Backflip","floor":32,"key":"SMITH"}],"circlet_count":0,"master_deck":["Strike_G","Defend_G","Defend_G","Defend_G","Defend_G","Defend_G","Survivor","Neutralize","Unload","Backstab","Dagger Spray+1","Backflip+1","PiercingWail","Escape Plan","Bouncing Flask+1","Noxious Fumes","Die Die Die+1","Well Laid Plans","Cloak And Dagger","Dash+1","Poisoned Stab","Tactician+1"],"relics":["Ring of the Snake","Gremlin Horn","Oddly Smooth Stone","Tough Bandages","Lee\u0027s Waffle","Busted Crown","Potion Belt","Torii"],"acts_visited":["Exordium","TheCity"],"potions_floor_usage":[7,13,16,33,33,33],"damage_taken":[{"damage":0,"enemies":"Small Slimes","floor":1,"turns":4},{"damage":2,"enemies":"2 Louse","floor":3,"turns":2},{"damage":0,"enemies":"Jaw Worm","floor":5,"turns":4},{"damage":32,"enemies":"Lagavulin","floor":7,"turns":6},{"damage":18,"enemies":"Gremlin Nob","floor":11,"turns":4},{"damage":4,"enemies":"Exordium Thugs","floor":12,"turns":3},{"damage":0,"enemies":"Red Slaver","floor":13,"turns":3},{"damage":26,"enemies":"Slime Boss","floor":16,"turns":12},{"damage":16,"enemies":"Spheric Guardian","floor":18,"turns":4},{"damage":9,"enemies":"3 Byrds","floor":21,"turns":4},{"damage":21,"enemies":"Slavers","floor":24,"turns":5},{"damage":1,"enemies":"Shelled Parasite and Fungi","floor":27,"turns":5},{"damage":0,"enemies":"Cultist and Chosen","floor":31,"turns":4},{"damage":44,"enemies":"Champ","floor":33,"turns":14}],"seed_played":"-3117600627160845531","potions_obtained":[{"floor":5,"key":"SteroidPotion"},{"floor":7,"key":"Energy Potion"},{"floor":13,"key":"Fruit Juice"},{"floor":16,"key":"Poison Potion"},{"floor":27,"key":"PowerPotion"},{"floor":31,"key":"Explosive Potion"}],"is_trial":false,"path_per_floor":["M","?","M","?","M","R","E","R","T","?","E","M","M","$","R","B",null,"M","$","?","M","?","R","E","?","T","M","?","R","?","M","R","B"],"character_chosen":"THE_SILENT","items_purchased":["Lee\u0027s Waffle","Cloak And Dagger"],"campfire_rested":1,"item_purchase_floors":[14,19],"current_hp_per_floor":[49,49,47,40,40,40,8,29,29,29,11,7,12,82,82,56,82,66,66,66,57,57,57,36,36,36,35,35,35,35,35,35,0,0],"gold":137,"neow_bonus":"THREE_RARE_CARDS","is_daily":false,"chose_seed":false,"campfire_upgraded":5,"win_rate":0.0,"timestamp":1610285864,"path_taken":["M","?","M","?","M","R","E","R","T","?","E","M","M","$","R","BOSS","M","$","?","M","?","R","E","?","T","M","?","R","?","M","R","BOSS"],"items_purchased_type":["Relic","Card"],"build_version":"2020-12-22","purchased_purges":1,"victory":false,"max_hp_per_floor":[70,70,70,70,70,70,70,70,70,70,70,70,75,82,82,82,82,82,82,82,82,82,82,82,82,82,82,82,82,82,82,82,82,82],"relic_stats":{"Tough Bandages":[108],"Lee\u0027s Waffle":70,"Busted Crown":10,"Gremlin Horn":[9,9],"Torii":8,"counters":[14,74],"obtain_stats":[{"Potion Belt":24,"Tough Bandages":11,"Lee\u0027s Waffle":14,"Busted Crown":17,"Gremlin Horn":7,"Torii":26,"Oddly Smooth Stone":9,"Ring of the Snake":0},{"Potion Belt":11,"Tough Bandages":5,"Lee\u0027s Waffle":7,"Busted Crown":8,"Gremlin Horn":4,"Torii":11,"Oddly Smooth Stone":4,"Ring of the Snake":0},{"Potion Belt":51,"Tough Bandages":20,"Lee\u0027s Waffle":26,"Busted Crown":38,"Gremlin Horn":16,"Torii":51,"Oddly Smooth Stone":16,"Ring of the Snake":0}],"Ring of the Snake":[28]},"card_choices":[{"not_picked":["Glass Knife","Bullet Time"],"picked":"Unload","floor":0},{"not_picked":["Poisoned Stab","Catalyst"],"picked":"Backstab","floor":1},{"not_picked":["Deflect","Blade Dance"],"picked":"Dagger Spray","floor":3},{"not_picked":["Flying Knee","Tactician"],"picked":"Backflip","floor":5},{"not_picked":["Dodge and Roll","Blade Dance"],"picked":"PiercingWail","floor":7},{"not_picked":["Deflect","Poisoned Stab"],"picked":"Escape Plan","floor":11},{"not_picked":["Poisoned Stab","Masterful Stab"],"picked":"Bouncing Flask","floor":12},{"not_picked":["Dodge and Roll","Sucker Punch"],"picked":"Noxious Fumes","floor":13},{"not_picked":["Wraith Form v2","Night Terror"],"picked":"Die Die Die","floor":16},{"not_picked":[],"picked":"Well Laid Plans","floor":18},{"not_picked":["Outmaneuver"],"picked":"SKIP","floor":21},{"not_picked":[],"picked":"Poisoned Stab","floor":24},{"not_picked":["Underhanded Strike+1"],"picked":"SKIP","floor":27},{"not_picked":[],"picked":"Tactician+1","floor":31}],"player_experience":606623,"relics_obtained":[{"floor":7,"key":"Gremlin Horn"},{"floor":9,"key":"Oddly Smooth Stone"},{"floor":11,"key":"Tough Bandages"},{"floor":24,"key":"Potion Belt"},{"floor":26,"key":"Torii"}],"event_choices":[{"damage_healed":0,"gold_gain":0,"player_choice":"Ignored","damage_taken":0,"max_hp_gain":0,"max_hp_loss":0,"event_name":"Liars Game","floor":2,"gold_loss":0},{"cards_removed":["Strike_G"],"damage_healed":0,"gold_gain":0,"player_choice":"Card Removal","damage_taken":7,"max_hp_gain":0,"max_hp_loss":0,"event_name":"Golden Wing","floor":4,"gold_loss":0},{"damage_healed":0,"gold_gain":0,"player_choice":"Left Gold","damage_taken":0,"max_hp_gain":0,"max_hp_loss":0,"event_name":"World of Goop","floor":10,"gold_loss":50},{"cards_removed":["Strike_G"],"damage_healed":0,"gold_gain":0,"player_choice":"Elegance","damage_taken":0,"max_hp_gain":0,"max_hp_loss":0,"event_name":"Back to Basics","floor":20,"gold_loss":0},{"damage_healed":0,"gold_gain":0,"player_choice":"Read","damage_taken":0,"max_hp_gain":0,"max_hp_loss":0,"event_name":"The Library","floor":22,"gold_loss":0,"cards_obtained":["Dash"]},{"damage_healed":0,"gold_gain":99,"player_choice":"Stole From Cult","damage_taken":0,"max_hp_gain":0,"max_hp_loss":0,"event_name":"Nest","floor":25,"gold_loss":0},{"cards_removed":["Strike_G"],"damage_healed":0,"gold_gain":0,"player_choice":"Gave Gold","damage_taken":0,"max_hp_gain":0,"max_hp_loss":0,"event_name":"Beggar","floor":28,"gold_loss":75},{"damage_healed":0,"gold_gain":0,"player_choice":"Ignored","damage_taken":0,"max_hp_gain":0,"max_hp_loss":0,"event_name":"Cursed Tome","floor":30,"gold_loss":0}],"is_beta":false,"boss_relics":[{"not_picked":["Runic Dome","Philosopher\u0027s Stone"],"picked":"Busted Crown"}],"items_purged_floors":[19],"is_endless":false,"potions_floor_spawned":[5,7,13,16,27,31],"killed_by":"Champ","ascension_level":0}}