{"host":"49uampz4x074dpq4","time":1610263271,"event":{"mods":["Act Like it!","Aspiration","BaseMod","Conspire","Highlight Path","Marisa£®ÏF”Í°°ƒß¿Ì…≥£©","Minty Spire (QoL Compilation)","Pale of the Ancients","Quick Restart","Replay The Spire","Shop Mod","StSLib","vexMod"],"gold_per_floor":[164,224,241,273,336,399,399,450,450,537,537,622,744,815,815,968,968,1054,1111,440,522,522,522,626,679,758,243,243,243,347,416,416,593,593,603,673,764,340,463,523,523,548,572,572,572,2,89,157,157,146,158,363,397,44,44,44,44,67,76,76],"floor_reached":61,"playtime":3703,"items_purged":["Robbery","Parasite"],"score":1623,"play_id":"521f42ee-c00f-4fbf-8e0b-44718400221d","local_time":"20210110152111","daily_mods":["Draft","Vintage","Heirloom","Time Dilation","Flight"],"is_ascension_mode":true,"campfire_choices":[{"data":"WitchOfGreed","floor":7.0,"key":"SMITH"},{"data":"MagicChant","floor":11.0,"key":"SMITH"},{"data":"WitchOfGreed","floor":15.0,"key":"SMITH"},{"data":"WitchOfGreed","floor":23.0,"key":"SMITH"},{"data":"DeepEcoloBomb","floor":28.0,"key":"SMITH"},{"data":"CasketOfStar","floor":32,"key":"SMITH"},{"data":"MillisecondPulsars","floor":41,"key":"SMITH"},{"data":"DeepEcoloBomb+1","floor":44,"key":"SMITH"},{"data":"OortCloud","floor":49,"key":"SMITH"},{"data":"BlazeAway","floor":55,"key":"SMITH"},{"data":"UnstableBomb","floor":55,"key":"SMITH"},{"data":"UltimateShortwave","floor":57,"key":"SMITH"},{"data":"Singularity","floor":57,"key":"SMITH"}],"circlet_count":0,"master_deck":["DarkMatter","EarthLightRay","GalacticHalo+1","Acceleration","AsteroidBelt+1","NonDirectionalLaser","NonDirectionalLaser","WitchOfGreed+1","Singularity+1","NonDirectionalLaser","SporeBomb","MagicChant+1","WitchOfGreed+1","WitchOfGreed+1","CasketOfStar+1","ShootTheMoon","SprinkleStarSeal","UnstableBomb","UltimateShortwave+1","OortCloud+1","OortCloud","DeepEcoloBomb+2","Sickly","UnstableBomb+1","GrandCross","MachineGunSpark+1","MillisecondPulsars+1","Parasite","DoubleSpark","BlazeAway+1"],"relics":["MiniHakkero","replay:Trail_Library","Pondfish Scales","aspiration:DSix","Pantograph","Bird Faced Urn","Sundial","Regal Pillow","conspire:InfiniteJournal","Nunchaku","Blue Candle","aspiration:StickyExplosives","Lizard Tail","vexMod:MemoryStick","vexMod:DeviousBotling","vexMod:Dragonfruit","Bottled Flame","MerchantsRug","conspire:TreasureMap","Shuriken","Blood Vial","ReplayTheSpireMod:TigerMarble","Oddly Smooth Stone","Toy Ornithopter","vexMod:ScavengeHelm","Centennial Puzzle","Durian","Vajra","aspiration:HatOfInfinitePower","ExperimentalFamiliar","ShroomBag","Onion Ring","Incense Burner","Bag of Marbles","Replay:Rubber Ducky","CatCart","The Courier","Bag of Preparation","Mirror","Ancient Tea Set","InkBottle","conspire:Boomerang","CeramicFish","Replay:Bottled Flurry","paleoftheancients:Timepiece","CultistMask","paleoftheancients:SoulOfTheGuardian","Art of War","AmplifyWand","Blue Doll","War Paint","Replay:Arrowhead","Orichalcum"],"acts_visited":["Exordium","TheCity","TheBeyond","TheBeyond"],"potions_floor_usage":[31,31,33,33,33,37,37,37,39,39,39,39,50,50,50,56,56,56],"damage_taken":[{"damage":4.0,"enemies":"Cultist","floor":1.0,"turns":6.0},{"damage":17.0,"enemies":"2 Louse","floor":2.0,"turns":4.0},{"damage":0.0,"enemies":"Small Slimes","floor":3.0,"turns":2.0},{"damage":5.0,"enemies":"3 Louse","floor":4.0,"turns":2.0},{"damage":2.0,"enemies":"Blue Slaver","floor":5.0,"turns":4.0},{"damage":8.0,"enemies":"Gremlin Nob","floor":6.0,"turns":3.0},{"damage":6.0,"enemies":"2 Fungi Beasts","floor":8.0,"turns":3.0},{"damage":1.0,"enemies":"Lagavulin","floor":10.0,"turns":4.0},{"damage":0.0,"enemies":"Gremlin Nob","floor":12.0,"turns":4.0},{"damage":12.0,"enemies":"3 Sentries","floor":13.0,"turns":6.0},{"damage":13.0,"enemies":"3 Louse","floor":14.0,"turns":2.0},{"damage":18.0,"enemies":"The Guardian","floor":16.0,"turns":6.0},{"damage":6.0,"enemies":"Shell Parasite","floor":18.0,"turns":4.0},{"damage":0.0,"enemies":"Chosen","floor":19.0,"turns":4.0},{"damage":3.0,"enemies":"conspire:HollyBat","floor":21.0,"turns":4.0},{"damage":9.0,"enemies":"Gremlin Leader","floor":24.0,"turns":6.0},{"damage":10.0,"enemies":"conspire:Head Lice","floor":25.0,"turns":3.0},{"damage":5.0,"enemies":"Replay:Snechameleon","floor":30.0,"turns":5.0},{"damage":4,"enemies":"Gremlin Leader","floor":31,"turns":3},{"damage":9,"enemies":"Automaton","floor":33,"turns":6},{"damage":0,"enemies":"Orb Walker","floor":35,"turns":1},{"damage":1,"enemies":"3 Shapes","floor":36,"turns":1},{"damage":47,"enemies":"Transient","floor":37,"turns":4},{"damage":0,"enemies":"Orin","floor":39,"turns":4},{"damage":0,"enemies":"Nemesis","floor":40,"turns":1},{"damage":0,"enemies":"Reptomancer","floor":42,"turns":1},{"damage":0,"enemies":"Sphere and 2 Shapes","floor":47,"turns":3},{"damage":1,"enemies":"Writhing Mass","floor":48,"turns":2},{"damage":3,"enemies":"Awakened One","floor":50,"turns":3},{"damage":24,"enemies":"Awakened One","floor":51,"turns":3},{"damage":0,"enemies":"Awakened One","floor":52,"turns":4},{"damage":0,"enemies":"conspire:MimicChest","floor":53,"turns":1},{"damage":626,"enemies":"conspire:MimicChest","floor":56,"turns":7},{"damage":70,"enemies":"paleoftheancients:N","floor":60,"turns":3}],"seed_played":"7991362139369360772","potions_obtained":[{"floor":1.0,"key":"Regen Potion"},{"floor":1.0,"key":"SmokeBomb"},{"floor":2.0,"key":"Block Potion"},{"floor":2.0,"key":"Dexterity Potion"},{"floor":4.0,"key":"Reflective Coating"},{"floor":4.0,"key":"Swift Potion"},{"floor":5.0,"key":"Fire Potion"},{"floor":5.0,"key":"Ancient Potion"},{"floor":6.0,"key":"Energy Potion"},{"floor":6.0,"key":"FearPotion"},{"floor":8.0,"key":"Adrenaline Potion"},{"floor":8.0,"key":"ColorlessPotion"},{"floor":10.0,"key":"Explosive Potion"},{"floor":10.0,"key":"SpeedPotion"},{"floor":10.0,"key":"Weak Potion"},{"floor":12.0,"key":"DuplicationPotion"},{"floor":13.0,"key":"DuplicationPotion"},{"floor":13.0,"key":"Swift Potion"},{"floor":13.0,"key":"FearPotion"},{"floor":14.0,"key":"Block Potion"},{"floor":14.0,"key":"Adrenaline Potion"},{"floor":16.0,"key":"LifebloodPotion"},{"floor":16.0,"key":"Ancient Potion"},{"floor":16.0,"key":"Block Potion"},{"floor":18.0,"key":"SkillPotion"},{"floor":18.0,"key":"Energy Potion"},{"floor":18.0,"key":"LiquidMemories"},{"floor":19.0,"key":"PowerPotion"},{"floor":21.0,"key":"Elixir"},{"floor":21.0,"key":"Weak Potion"},{"floor":21.0,"key":"Toxic Potion"},{"floor":24.0,"key":"SkillPotion"},{"floor":24.0,"key":"Toxic Potion"},{"floor":25.0,"key":"Strength Potion"},{"floor":30.0,"key":"Block Potion"},{"floor":30.0,"key":"DuplicationPotion"},{"floor":30.0,"key":"SkillPotion"},{"floor":31,"key":"BlessingOfTheForge"},{"floor":31,"key":"FearPotion"},{"floor":33,"key":"BottledSpark"},{"floor":33,"key":"AttackPotion"},{"floor":33,"key":"Weak Potion"},{"floor":36,"key":"Energy Potion"},{"floor":37,"key":"Energy Potion"},{"floor":37,"key":"Venom Potion"},{"floor":37,"key":"Toxic Potion"},{"floor":39,"key":"LiquidBronze"},{"floor":39,"key":"Fruit Juice"},{"floor":39,"key":"Dexterity Potion"},{"floor":39,"key":"Dexterity Potion"},{"floor":40,"key":"SteroidPotion"},{"floor":47,"key":"StarNLove"},{"floor":52,"key":"EssenceOfSteel"},{"floor":52,"key":"EssenceOfSteel"},{"floor":52,"key":"BlessingOfTheForge"},{"floor":53,"key":"Block Potion"}],"is_trial":true,"path_per_floor":["M","M","M","M","M","E","R","M","T","E","R","E","E","M","R","B",null,"M","M","$","M","?","R","E","E","T","$","R","?","E","E","R","B",null,"M","M","M","$","?","E","R","E","T","R","?","$","M","M","R","B","M","M","?","$","R","M","R","T","?","B",null],"character_chosen":"MARISA","items_purchased":["MerchantsRug","OortCloud","conspire:TreasureMap","Shuriken","DeepEcoloBomb","Centennial Puzzle","Durian","Bag of Marbles","Replay:Rubber Ducky","Swift Potion","Ancient Tea Set","InkBottle","conspire:Boomerang","Adrenaline Potion","PowerPotion","War Paint","Replay:Arrowhead"],"campfire_rested":0,"item_purchase_floors":[20,20,20,20,20,27,27,38,38,38,46,46,46,46,46,54,54],"current_hp_per_floor":[75,65,69,68,75,67,67,71,71,74,74,75,69,62,62,63,75,76,80,80,77,77,77,78,74,74,79,79,85,80,81,81,85,85,85,85,53,53,87,87,87,87,87,87,87,87,87,87,87,87,75,87,87,87,87,87,87,87,87,53],"gold":76,"neow_bonus":"","is_daily":false,"chose_seed":false,"campfire_upgraded":13,"win_rate":0.0,"timestamp":1610263271,"path_taken":["M","M","M","M","M","E","R","M","T","E","R","E","E","M","R","BOSS","M","M","$","M","?","R","E","E","T","$","R","?","E","E","R","BOSS","M","M","M","$","?","E","R","E","T","R","?","$","M","M","R","BOSS","M","M","?","$","R","M","R","T","?","BOSS"],"items_purchased_type":["Relic","Card","Relic","Relic","Card","Relic","Relic","Relic","Relic","Potion","Relic","Relic","Relic","Potion","Potion","Relic","Relic"],"build_version":"2020-12-22","purchased_purges":2,"victory":true,"max_hp_per_floor":[75,75,75,75,75,75,75,75,75,75,75,75,75,75,75,75,75,80,80,80,80,80,80,80,80,80,85,85,85,85,85,85,85,85,85,85,85,82,87,87,87,87,87,87,87,87,87,87,87,87,87,87,87,87,87,87,87,87,87,87],"card_choices":[{"not_picked":["GrandCross","DarkSpark"],"picked":"DarkMatter","floor":0.0},{"not_picked":["IllusionStar","FairyDestructionRay"],"picked":"EarthLightRay","floor":0.0},{"not_picked":["IllusionStar","GrandCross"],"picked":"GalacticHalo","floor":0.0},{"not_picked":["SporeBomb","GrandCross"],"picked":"Acceleration","floor":0.0},{"not_picked":["PropBag","EnergyRecoil"],"picked":"AsteroidBelt","floor":0.0},{"not_picked":["SporeBomb","Acceleration"],"picked":"NonDirectionalLaser","floor":0.0},{"not_picked":["GravityBeat","PowerUp"],"picked":"NonDirectionalLaser","floor":0.0},{"not_picked":["DC","AsteroidBelt"],"picked":"WitchOfGreed","floor":0.0},{"not_picked":["MeteoricShower","Acceleration"],"picked":"Singularity","floor":0.0},{"not_picked":["ManaConvection","MachineGunSpark"],"picked":"NonDirectionalLaser","floor":0.0},{"not_picked":["PowerUp","Acceleration"],"picked":"AsteroidBelt","floor":0.0},{"not_picked":["AlicesGift","StarlightTyphoon"],"picked":"SporeBomb","floor":0.0},{"not_picked":["DoubleSpark","UnstableBomb"],"picked":"MagicChant","floor":0.0},{"not_picked":["DoubleSpark","EnergyFlow"],"picked":"WitchOfGreed","floor":0.0},{"not_picked":["Acceleration","ManaConvection"],"picked":"WitchOfGreed","floor":0.0},{"not_picked":["WitchLeyline","PowerUp","ChargingUp"],"picked":"SKIP","floor":6.0},{"not_picked":["GravityBeat","IllusionStar"],"picked":"CasketOfStar","floor":10.0},{"not_picked":["ShootingEcho","AlicesGift"],"picked":"SprinkleStarSeal","floor":12.0},{"not_picked":["OneTimeOff","GravityBeat"],"picked":"UnstableBomb","floor":13.0},{"not_picked":["MaximisePower","BinaryStars"],"picked":"UltimateShortwave","floor":16.0},{"not_picked":["MysteriousBeam","ManaConvection"],"picked":"UnstableBomb","floor":24.0},{"not_picked":["PulseMagic","BlazingStar","Occultation"],"picked":"SKIP","floor":25.0},{"not_picked":["MysteriousBeam","WitchOfGreed"],"picked":"GrandCross","floor":30.0},{"not_picked":["SporeBomb+1","UltimateShortwave"],"picked":"MachineGunSpark+1","floor":31},{"not_picked":["BlazingStar","TreasureHunter"],"picked":"MillisecondPulsars","floor":33},{"not_picked":["6A+1","MaximisePower","WitchOfGreed"],"picked":"SKIP","floor":40},{"not_picked":["PowerUp+1","WitchOfGreed+1","MeteoricShower+1"],"picked":"SKIP","floor":42},{"not_picked":["ChargingUp","UnstableBomb"],"picked":"BlazeAway","floor":53}],"player_experience":448312,"relics_obtained":[{"floor":1.0,"key":"aspiration:DSix"},{"floor":2.0,"key":"Pantograph"},{"floor":3.0,"key":"Bird Faced Urn"},{"floor":4.0,"key":"Sundial"},{"floor":5.0,"key":"Regal Pillow"},{"floor":6.0,"key":"conspire:InfiniteJournal"},{"floor":8.0,"key":"Nunchaku"},{"floor":9.0,"key":"Blue Candle"},{"floor":10.0,"key":"aspiration:StickyExplosives"},{"floor":13.0,"key":"Lizard Tail"},{"floor":14.0,"key":"vexMod:MemoryStick"},{"floor":18.0,"key":"vexMod:Dragonfruit"},{"floor":19.0,"key":"Bottled Flame"},{"floor":21.0,"key":"Blood Vial"},{"floor":24.0,"key":"Oddly Smooth Stone"},{"floor":25.0,"key":"Toy Ornithopter"},{"floor":26.0,"key":"vexMod:ScavengeHelm"},{"floor":30.0,"key":"Vajra"},{"floor":31,"key":"aspiration:HatOfInfinitePower"},{"floor":35,"key":"ShroomBag"},{"floor":36,"key":"Onion Ring"},{"floor":37,"key":"Incense Burner"},{"floor":39,"key":"CatCart"},{"floor":40,"key":"The Courier"},{"floor":42,"key":"Bag of Preparation"},{"floor":43,"key":"Mirror"},{"floor":47,"key":"CeramicFish"},{"floor":48,"key":"Replay:Bottled Flurry"},{"floor":51,"key":"paleoftheancients:SoulOfTheGuardian"},{"floor":51,"key":"Art of War"},{"floor":52,"key":"AmplifyWand"},{"floor":53,"key":"Blue Doll"},{"floor":58,"key":"Orichalcum"}],"event_choices":[{"damage_healed":0,"gold_gain":0,"player_choice":"Fight","damage_taken":0,"max_hp_gain":0,"max_hp_loss":0,"event_name":"OrinTheCat","floor":39,"gold_loss":0},{"cards_removed":["AsteroidBelt"],"damage_healed":0,"gold_gain":0,"player_choice":"Removed Skill","damage_taken":0,"max_hp_gain":0,"max_hp_loss":0,"event_name":"Falling","floor":45,"gold_loss":0}],"is_beta":false,"boss_relics":[{"not_picked":["vexMod:MysteryBossChallenge","Fusion Hammer"],"picked":"vexMod:DeviousBotling"},{"not_picked":["Snecko Eye","Snecko Heart"],"picked":"ExperimentalFamiliar"}],"items_purged_floors":[27,38],"is_endless":false,"potions_floor_spawned":[2,4,5,8,10,14,16,18,31,33,36,37,39,42,53,56],"ascension_level":1}}