{"host":"rolltorest","time":1610237585,"event":{"mods":["BaseMod","Minty Spire (QoL Compilation)","Relic Stats","Robot Space Explorer","Slay the Relics Exporter","StSLib"],"gold_per_floor":[111,130,130,140,215,215,248,248,271,21,52,52,52,52,52,148,148,68,68,68,68,68,68,68,68],"floor_reached":24,"playtime":848,"items_purged":[],"score":398,"play_id":"aa8fedab-81be-4671-a3c4-64110033225f","local_time":"20210109161305","is_ascension_mode":true,"campfire_choices":[{"data":"RobotSpaceExplorer:SlimeMissile","floor":6,"key":"SMITH"},{"data":"RobotSpaceExplorer:Comet","floor":8,"key":"SMITH"},{"data":"RobotSpaceExplorer:Blitz","floor":12,"key":"SMITH"},{"floor":15,"key":"REST"},{"floor":23,"key":"REST"}],"circlet_count":0,"master_deck":["AscendersBane","RobotSpaceExplorer:Scan+1","RobotSpaceExplorer:MiniLasers+1","RobotSpaceExplorer:Smokescreen","RobotSpaceExplorer:PowerCollector+1","RobotSpaceExplorer:IronShell","RobotSpaceExplorer:SlimeMissile+1","RobotSpaceExplorer:Explosion+1","RobotSpaceExplorer:Probe","RobotSpaceExplorer:DualCore","RobotSpaceExplorer:FreezingShield","RobotSpaceExplorer:ScrapToss","RobotSpaceExplorer:MiniDrones+1","RobotSpaceExplorer:Reload","RobotSpaceExplorer:Comet+1","RobotSpaceExplorer:Blitz+1","RobotSpaceExplorer:PlasmaMissile","RobotSpaceExplorer:Explosion","RobotSpaceExplorer:TurboDodge","RobotSpaceExplorer:Fix","RobotSpaceExplorer:FranticSearch","RobotSpaceExplorer:Accelerator"],"relics":["Whetstone","Lantern","RobotSpaceExplorer:SlideRule","Nunchaku","Golden Idol","Ectoplasm","Nloth\u0027s Gift"],"acts_visited":["Exordium","TheCity"],"potions_floor_usage":[11,24],"damage_taken":[{"damage":4,"enemies":"Small Slimes","floor":1,"turns":5},{"damage":0,"enemies":"2 Louse","floor":2,"turns":3},{"damage":0,"enemies":"Jaw Worm","floor":4,"turns":4},{"damage":5,"enemies":"Lagavulin","floor":7,"turns":8},{"damage":8,"enemies":"3 Sentries","floor":11,"turns":5},{"damage":21,"enemies":"The Guardian","floor":16,"turns":8},{"damage":16,"enemies":"2 Thieves","floor":18,"turns":3},{"damage":7,"enemies":"Spheric Guardian","floor":20,"turns":6},{"damage":19,"enemies":"3 Cultists","floor":21,"turns":4},{"damage":0,"enemies":"Centurion and Healer","floor":22,"turns":5},{"damage":17,"enemies":"Slavers","floor":24,"turns":3}],"seed_played":"-2685990801242841635","potions_obtained":[{"floor":2,"key":"FearPotion"},{"floor":4,"key":"Swift Potion"},{"floor":7,"key":"Energy Potion"},{"floor":21,"key":"Swift Potion"}],"is_trial":false,"path_per_floor":["M","M","?","M","?","R","E","R","T","$","E","R","?","?","R","B",null,"M","?","M","M","M","R","E"],"character_chosen":"RobotSpaceExplorer","items_purchased":["RobotSpaceExplorer:SlideRule","RobotSpaceExplorer:Blitz"],"campfire_rested":2,"item_purchase_floors":[10,10],"current_hp_per_floor":[60,60,60,60,49,49,44,44,44,44,36,36,15,15,34,13,51,35,35,28,9,13,32,19,19],"gold":68,"neow_bonus":"BOSS_RELIC","is_daily":false,"chose_seed":false,"campfire_upgraded":3,"win_rate":0.0,"timestamp":1610237585,"path_taken":["M","M","?","M","?","R","E","R","T","$","E","R","?","?","R","BOSS","M","?","?","M","M","R","E"],"items_purchased_type":["Relic","Card"],"build_version":"2020-12-18","purchased_purges":0,"victory":false,"max_hp_per_floor":[71,71,71,71,71,71,71,71,71,71,71,71,71,64,64,64,64,64,64,64,64,64,64,64,64],"relic_stats":{"Nunchaku":[9],"counters":[11,54],"Golden Idol":34,"Ectoplasm":155,"Nloth\u0027s Gift":1,"Whetstone":["RobotSpaceExplorer:MiniLasers","RobotSpaceExplorer:MiniDrones"],"obtain_stats":[{"Lantern":9,"Nunchaku":11,"RobotSpaceExplorer:SlideRule":10,"Golden Idol":14,"RobotSpaceExplorer:RoboCore":0,"Pandora\u0027s Box":0,"Ectoplasm":17,"Nloth\u0027s Gift":19,"Whetstone":7},{"Lantern":4,"Nunchaku":5,"RobotSpaceExplorer:SlideRule":4,"Golden Idol":5,"RobotSpaceExplorer:RoboCore":0,"Pandora\u0027s Box":0,"Ectoplasm":6,"Nloth\u0027s Gift":7,"Whetstone":4},{"Lantern":20,"Nunchaku":25,"RobotSpaceExplorer:SlideRule":20,"Golden Idol":25,"RobotSpaceExplorer:RoboCore":0,"Pandora\u0027s Box":0,"Ectoplasm":33,"Nloth\u0027s Gift":36,"Whetstone":20}]},"card_choices":[{"not_picked":["RobotSpaceExplorer:GlueShot","RobotSpaceExplorer:DualCore"],"picked":"RobotSpaceExplorer:ScrapToss","floor":1},{"not_picked":["RobotSpaceExplorer:SurgingShield","RobotSpaceExplorer:ImprovisedAttack"],"picked":"RobotSpaceExplorer:MiniDrones","floor":2},{"not_picked":["RobotSpaceExplorer:GlueSpray","RobotSpaceExplorer:ShockKick"],"picked":"RobotSpaceExplorer:Reload","floor":4},{"not_picked":["RobotSpaceExplorer:StarDust","RobotSpaceExplorer:Jetpack"],"picked":"RobotSpaceExplorer:Comet","floor":7},{"not_picked":["RobotSpaceExplorer:Electroshield","RobotSpaceExplorer:FranticSearch"],"picked":"RobotSpaceExplorer:PlasmaMissile","floor":11},{"not_picked":["RobotSpaceExplorer:Scanner","RobotSpaceExplorer:Autoloader"],"picked":"RobotSpaceExplorer:Explosion","floor":16},{"not_picked":["RobotSpaceExplorer:PowerGlove","RobotSpaceExplorer:Calculate"],"picked":"RobotSpaceExplorer:TurboDodge","floor":18},{"not_picked":["RobotSpaceExplorer:ShockMissile","RobotSpaceExplorer:SlimeMissile"],"picked":"RobotSpaceExplorer:Fix","floor":20},{"not_picked":["RobotSpaceExplorer:ScrapMissile","RobotSpaceExplorer:ShovelStrike"],"picked":"RobotSpaceExplorer:FranticSearch","floor":21},{"not_picked":["RobotSpaceExplorer:StunGrenade","RobotSpaceExplorer:MetalStrike"],"picked":"RobotSpaceExplorer:Accelerator","floor":22}],"player_experience":1821470,"relics_obtained":[{"floor":7,"key":"Whetstone"},{"floor":9,"key":"Lantern"},{"floor":11,"key":"Nunchaku"}],"event_choices":[{"damage_healed":0,"gold_gain":0,"player_choice":"Grow","damage_taken":0,"max_hp_gain":0,"max_hp_loss":0,"event_name":"Living Wall","floor":3,"gold_loss":0,"cards_upgraded":["RobotSpaceExplorer:Explosion"]},{"damage_healed":0,"gold_gain":75,"player_choice":"Gather Gold","damage_taken":11,"max_hp_gain":0,"max_hp_loss":0,"event_name":"World of Goop","floor":5,"gold_loss":0},{"damage_healed":0,"gold_gain":0,"player_choice":"Entered Light","damage_taken":21,"max_hp_gain":0,"max_hp_loss":0,"event_name":"Shining Light","floor":13,"gold_loss":0,"cards_upgraded":["RobotSpaceExplorer:PowerCollector","RobotSpaceExplorer:Scan"]},{"damage_healed":0,"gold_gain":0,"player_choice":"Lose Max HP","damage_taken":0,"relics_obtained":["Golden Idol"],"max_hp_gain":0,"max_hp_loss":7,"event_name":"Golden Idol","floor":14,"gold_loss":0},{"damage_healed":0,"gold_gain":0,"player_choice":"Traded Relic","damage_taken":0,"relics_obtained":["Nloth\u0027s Gift"],"max_hp_gain":0,"max_hp_loss":0,"event_name":"N\u0027loth","floor":19,"relics_lost":["Pandora\u0027s Box"],"gold_loss":0}],"is_beta":true,"boss_relics":[{"not_picked":["Empty Cage","Tiny House"],"picked":"Ectoplasm"}],"items_purged_floors":[],"is_endless":false,"potions_floor_spawned":[2,4,7,21],"killed_by":"Slavers","ascension_level":19}}