{"host":"2c1pg2m9wpz3w4c0","time":1610246727,"event":{"mods":["AchievementEnabler","Act Like it!","Aspiration","BaseMod","Better Note","BetterRewards","Curses Come First","Disable Question Mark Monsters","Halation","Hubris","Infinite Spire","Lotus Mark","Marisa????????","Minty Spire (QoL Compilation)","Replay The Spire","StSLib","SuperFastMode","The Clintock","The Jungle","The Marked","The Runesmith","Transform Curses"],"gold_per_floor":[117,36,36,136,147,147,71,71,71,89,104,119,139,159,159,262,262,277,293,293,309,279,279,298,348,399,399,423,423,465,496,496,618,618,618],"floor_reached":34,"playtime":1398,"items_purged":[],"score":498,"play_id":"bf783671-c182-49e8-8147-94e39303f24a","local_time":"20210109194527","is_ascension_mode":false,"campfire_choices":[{"data":"Runesmith:CraftMagma","floor":6,"key":"SMITH"},{"data":"Runesmith:CraftProtectio","floor":8,"key":"SMITH"},{"floor":15,"key":"REST"},{"data":"Runesmith:DoubleUp","floor":23,"key":"SMITH"},{"data":"Runesmith:GoWithTheFlow","floor":27,"key":"SMITH"},{"floor":32,"key":"REST"}],"circlet_count":0,"master_deck":["Runesmith:Strike_RS","Runesmith:Strike_RS","Runesmith:Strike_RS","Runesmith:Defend_RS","Runesmith:Defend_RS","Runesmith:Defend_RS","Runesmith:Defend_RS","Runesmith:CraftFirestone","Runesmith:Fortify+1","Runesmith:CraftProtectio+1","Runesmith:EarthShield","Runesmith:RuneHurl","Runesmith:LithiumIon+1","Runesmith:CraftMagma+1","Runesmith:LithiumIon","Runesmith:Prism","Runesmith:GoWithTheFlow+1","Runesmith:CraftVitae","Runesmith:ArcReactor","Runesmith:EnergizedChisel","Runesmith:CraftPrismatica","Runesmith:DoubleUp+1","Runesmith:EarthShield","hubris:ReadiedAction+1","Runesmith:EnergizedChisel","Runesmith:CraftPrismatica","Runesmith:EarthShield","Runesmith:Reinforce+1","Runesmith:PoweredAnvil","Runesmith:GrandSlam","Runesmith:HammerThrow"],"relics":["Runesmith:BrokenRuby","Replay:PocketPolymizer","SacredBark","halation:IllGainedPizza","Tiny House","halation:LettersToHer","aspiration:SecretTechniqueScroll"],"acts_visited":["Exordium","theJungle:Jungle"],"potions_floor_usage":[11,18,21,28],"damage_taken":[{"damage":0,"enemies":"Small Slimes","floor":1,"turns":3},{"damage":0,"enemies":"Cultist","floor":5,"turns":3},{"damage":2,"enemies":"Jaw Worm","floor":10,"turns":4},{"damage":0,"enemies":"Gremlin Gang","floor":11,"turns":7},{"damage":7,"enemies":"3 Louse","floor":12,"turns":4},{"damage":16,"enemies":"Lots of Slimes","floor":13,"turns":4},{"damage":6,"enemies":"Exordium Wildlife","floor":14,"turns":4},{"damage":1,"enemies":"Slime Boss","floor":16,"turns":9},{"damage":0,"enemies":"theJungle:5_Spyders","floor":18,"turns":8},{"damage":0,"enemies":"theJungle:GiantWrat","floor":19,"turns":6},{"damage":12,"enemies":"theJungle:Lyon","floor":21,"turns":6},{"damage":2,"enemies":"theJungle:2_Snecko_Cultists","floor":24,"turns":5},{"damage":11,"enemies":"Snake Plant","floor":28,"turns":4},{"damage":18,"enemies":"theJungle:JungleHuntersEncounter","floor":30,"turns":8},{"damage":3,"enemies":"theJungle:SlimyTreeVines","floor":31,"turns":9},{"damage":10,"enemies":"theJungle:QueenSpyder","floor":33,"turns":13}],"seed_played":"-8880971443739150387","potions_obtained":[{"floor":1,"key":"Elixir"},{"floor":13,"key":"GamblersBrew"},{"floor":16,"key":"CultistPotion"},{"floor":22,"key":"Doom Potion"},{"floor":22,"key":"Weak Potion"},{"floor":31,"key":"Energy Potion"}],"is_trial":false,"path_per_floor":["M","$","?","?","M","R","$","R","T","M","M","M","M","M","R","B",null,"M","M","?","M","?","R","M","AVR","T","R","M","?","M","M","R","B",null],"character_chosen":"RUNESMITH_CLASS","items_purchased":["Runesmith:CraftProtectio","Runesmith:EarthShield","SpeedPotion","Runesmith:LithiumIon","Runesmith:LithiumIon"],"campfire_rested":2,"item_purchase_floors":[0,0,0,2,7],"current_hp_per_floor":[70,70,70,70,70,70,70,70,70,68,68,61,45,39,60,59,70,70,70,70,58,58,58,56,61,61,61,50,50,32,35,57,47,47,47],"gold":618,"neow_bonus":"","is_daily":false,"chose_seed":false,"campfire_upgraded":4,"win_rate":0.0,"timestamp":1610246727,"path_taken":["M","$","?","?","M","R","$","R","T","M","M","M","M","M","R","BOSS","M","?","?","M","?","R","M","AVR","T","R","?","?","?","M","R","BOSS"],"items_purchased_type":["Card","Card","Potion","Card","Card"],"build_version":"2020-12-22","purchased_purges":0,"victory":false,"max_hp_per_floor":[70,70,70,70,70,70,70,70,70,70,70,70,70,70,70,70,70,70,70,70,70,70,70,70,75,75,75,75,75,75,75,75,75,75,75],"card_choices":[{"not_picked":["Runesmith:StaticCage","Runesmith:UnstableHammer"],"picked":"Runesmith:RuneHurl","floor":1},{"not_picked":["Runesmith:HeatedChisel","Runesmith:EarthShield"],"picked":"Runesmith:CraftMagma","floor":5},{"not_picked":["Runesmith:UnstableHammer","Runesmith:Empowerment"],"picked":"Runesmith:Prism","floor":10},{"not_picked":["Runesmith:HeatExchange","Runesmith:RuneHurl"],"picked":"Runesmith:GoWithTheFlow","floor":11},{"not_picked":["Runesmith:ChargedHammer","Runesmith:Firewall"],"picked":"Runesmith:CraftVitae","floor":12},{"not_picked":["Runesmith:UnstableHammer","Runesmith:RuneHurl"],"picked":"Runesmith:ArcReactor","floor":13},{"not_picked":["Runesmith:HammerThrow","Runesmith:CraftMagma"],"picked":"Runesmith:EnergizedChisel","floor":14},{"not_picked":["Runesmith:Duplicate","Runesmith:CraftMedicinae"],"picked":"Runesmith:CraftPrismatica","floor":16},{"not_picked":["Runesmith:HammerThrow","Runesmith:EnergizedChisel"],"picked":"Runesmith:DoubleUp","floor":18},{"not_picked":["Runesmith:NegativeSpace+1","Runesmith:Retool"],"picked":"Runesmith:EarthShield","floor":19},{"not_picked":["Runesmith:EarthShield","Runesmith:RuneHurl"],"picked":"Runesmith:EnergizedChisel","floor":21},{"not_picked":["Runesmith:UnstableHammer","Runesmith:HammerThrow"],"picked":"Runesmith:EarthShield","floor":24},{"not_picked":["Runesmith:HammerThrow+1","Runesmith:BackupBattery+1"],"picked":"Runesmith:Reinforce+1","floor":25},{"not_picked":["Runesmith:ChaoticBlast","Runesmith:ChargedHammer"],"picked":"Runesmith:PoweredAnvil","floor":28},{"not_picked":["Runesmith:PerfectChisel","Runesmith:LithiumIon"],"picked":"Runesmith:GrandSlam","floor":30},{"not_picked":["Runesmith:EarthShield","Runesmith:HeatedChisel"],"picked":"Runesmith:HammerThrow","floor":31}],"player_experience":1161521,"relics_obtained":[{"floor":9,"key":"Replay:PocketPolymizer"},{"floor":26,"key":"halation:LettersToHer"}],"event_choices":[{"damage_healed":0,"gold_gain":0,"player_choice":"Grow","damage_taken":0,"max_hp_gain":0,"max_hp_loss":0,"event_name":"Living Wall","floor":3,"gold_loss":0,"cards_upgraded":["Runesmith:Fortify"]},{"damage_healed":0,"gold_gain":100,"player_choice":"Pray","damage_taken":0,"max_hp_gain":0,"max_hp_loss":0,"event_name":"Golden Shrine","floor":4,"gold_loss":0},{"cards_removed":["Runesmith:Fortify"],"damage_healed":0,"gold_gain":0,"player_choice":"Take \u0026 Give","damage_taken":0,"max_hp_gain":0,"max_hp_loss":0,"event_name":"betterNote:BetterNote","floor":20,"gold_loss":0,"cards_obtained":["hubris:ReadiedAction"]},{"damage_healed":0,"gold_gain":0,"player_choice":"Bought 2 Potions","damage_taken":0,"max_hp_gain":0,"max_hp_loss":0,"event_name":"The Woman in Blue","floor":22,"gold_loss":0},{"damage_healed":0,"gold_gain":0,"player_choice":"0 cards matched","damage_taken":0,"max_hp_gain":0,"max_hp_loss":0,"event_name":"Match and Keep!","floor":29,"gold_loss":0,"cards_obtained":[]}],"is_beta":false,"boss_relics":[{"not_picked":["Busted Crown","Replay:Drink Me"],"picked":"SacredBark"},{"not_picked":["Abe\u0027s Treasure","halation:LoveArrow"],"picked":"aspiration:SecretTechniqueScroll"}],"items_purged_floors":[],"is_endless":false,"potions_floor_spawned":[1,13,16,24,31,33],"ascension_level":0}}