{"host":"Connor","time":1610276542,"event":{"mods":["Aspiration","BaseMod","Downfall","Hubris","Marisa????????","Minty Spire (QoL Compilation)","Replay The Spire","StSLib","The Cursed","The Jungle","The Servant 0.9.4"],"gold_per_floor":[109,109,109,126,144,172,172,192,192,206,241,241,259,273,273,352,352,366,382,394,394,394,427,427,443,494,494,520,534,534,562,562,635,635,647,647,297,297,297,324,349,349,349,375,375,421,421,468,468,474,474,474,49,98,114,114],"floor_reached":55,"playtime":3044,"items_purged":["Strike_R","Doubt"],"score":1489,"play_id":"9326b4fd-b3af-4c74-8e45-64cfcc0f1248","local_time":"20210110030222","is_ascension_mode":true,"campfire_choices":[{"floor":7,"key":"RECALL"},{"data":"Metallicize","floor":12,"key":"SMITH"},{"floor":24,"key":"REST"},{"floor":27,"key":"REST"},{"floor":30,"key":"REST"},{"data":"Armaments","floor":32,"key":"SMITH"},{"data":"Inflame","floor":32,"key":"SMITH"},{"data":"Demon Form","floor":45,"key":"SMITH"},{"data":"Offering","floor":45,"key":"SMITH"},{"data":"MagicChant","floor":47,"key":"SMITH"},{"data":"ReplaySolidLightProjector","floor":47,"key":"SMITH"},{"data":"Strike_R","floor":49,"key":"PURGE"},{"data":"Panache","floor":52,"key":"SMITH"},{"data":"Iron Wave","floor":52,"key":"SMITH"}],"circlet_count":0,"master_deck":["AscendersBane","Strike_R","Defend_R","Defend_R","Defend_R","Defend_R","Bash+1","True Grit","Iron Wave+1","Shrug It Off+1","Warcry+1","Metallicize+1","Immolate","Shrug It Off+1","Inflame+1","Twin Strike","Offering+1","Body Slam+1","Burning Pact","Armaments+1","Cleave","Replay:BasicMightCard+1","hexamod:PhantomCloak+1","Panic Button","ReplaySolidLightProjector+1","Demon Form+1","IllusionStar","Replay:Undeath\u0027s Touch","TheCursedMod:Obscuration+1","sneckomod:UnknownVulnerable","Potential+1","MagicChant+1","Panache+1","Cloak And Dagger"],"relics":["Burning Blood","aspiration:ChemicalBlood","StrikeDummy","hubris:SlimyHat","Honey Jar","PrismaticShard","Bag of Preparation","Red Skull","War Paint","Replay:Arrowhead","Black Star","Garlic","Thread and Needle","Pet Ghost","Replay:Bandana","aspiration:HummingbirdHeart","hubris:SphereOfDissonance","aspiration:Lifesprig","ReplayTheSpireMod:Lightbulb","Bag of Marbles","Bronze Scales","Sling","Oddly Smooth Stone","Replay:Mystery Machine"],"acts_visited":["Exordium","TheCity","TheBeyond","TheEnding"],"potions_floor_usage":[6,6,6,6,8,10,11,11,16,16,18,19,20,20,23,23,25,25,29,31,31,33,33,33,35,40,40,44,44,46,50,50,50,54,54,55,55],"damage_taken":[{"damage":4,"enemies":"Small Slimes","floor":1,"turns":4},{"damage":5,"enemies":"2 Louse","floor":4,"turns":4},{"damage":1,"enemies":"Cultist","floor":5,"turns":3},{"damage":27,"enemies":"Lagavulin","floor":6,"turns":7},{"damage":16,"enemies":"Gremlin Gang","floor":8,"turns":5},{"damage":13,"enemies":"Exordium Thugs","floor":10,"turns":5},{"damage":10,"enemies":"Gremlin Nob","floor":11,"turns":3},{"damage":13,"enemies":"Blue Slaver","floor":13,"turns":3},{"damage":3,"enemies":"Exordium Wildlife","floor":14,"turns":6},{"damage":47,"enemies":"Fading Forest","floor":16,"turns":11},{"damage":28,"enemies":"2 Thieves","floor":18,"turns":3},{"damage":6,"enemies":"3 Byrds","floor":19,"turns":4},{"damage":6,"enemies":"Cultist and Chosen","floor":20,"turns":5},{"damage":36,"enemies":"Book of Stabbing","floor":23,"turns":6},{"damage":26,"enemies":"Snake Plant","floor":25,"turns":3},{"damage":30,"enemies":"Chosen and Byrds","floor":29,"turns":7},{"damage":6,"enemies":"Slavers","floor":31,"turns":5},{"damage":35,"enemies":"Automaton","floor":33,"turns":14},{"damage":34,"enemies":"Orb Walker","floor":35,"turns":6},{"damage":23,"enemies":"Giant Head","floor":40,"turns":6},{"damage":7,"enemies":"3 Shapes","floor":41,"turns":8},{"damage":7,"enemies":"Maw","floor":44,"turns":10},{"damage":13,"enemies":"Reptomancer","floor":46,"turns":7},{"damage":26,"enemies":"Nemesis","floor":48,"turns":7},{"damage":36,"enemies":"hubris:GrandSnecko","floor":50,"turns":11},{"damage":62,"enemies":"Shield and Spear","floor":54,"turns":8},{"damage":31,"enemies":"The Heart","floor":55,"turns":3}],"seed_played":"3229466619168225004","potions_obtained":[{"floor":1,"key":"Guardian:BlockOnCardUsePotion"},{"floor":3,"key":"EntropicBrew"},{"floor":10,"key":"BloodPotion"},{"floor":11,"key":"Fire Potion"},{"floor":11,"key":"BlessingOfTheForge"},{"floor":13,"key":"PowerPotion"},{"floor":16,"key":"Reflective Coating"},{"floor":18,"key":"SkillPotion"},{"floor":25,"key":"Explosive Potion"},{"floor":31,"key":"LiquidMemories"},{"floor":35,"key":"Toxic Potion"},{"floor":40,"key":"SkillPotion"},{"floor":46,"key":"CultistPotion"},{"floor":50,"key":"SkillPotion"},{"floor":54,"key":"Explosive Potion"}],"is_trial":false,"path_per_floor":["M","?","?","M","M","E","R","M","T","M","E","R","M","M","R","B",null,"M","M","M","?","?","E","R","M","T","R","T","M","R","E","R","B",null,"M","?","$","T","?","E","M","?","T","M","R","E","R","E","R","B",null,"R","$","E","B"],"character_chosen":"IRONCLAD","items_purchased":["Garlic","Bronze Scales","Sling"],"campfire_rested":3,"item_purchase_floors":[37,53,53],"current_hp_per_floor":[70,70,70,71,75,69,69,59,59,52,63,63,56,59,75,52,69,47,47,47,62,50,20,42,22,22,44,44,20,42,42,42,13,60,32,32,32,32,32,15,14,75,75,74,74,72,72,52,52,22,66,66,66,10,0,0],"gold":114,"neow_bonus":"RANDOM_COMMON_RELIC","is_daily":false,"chose_seed":false,"campfire_upgraded":9,"win_rate":0.0,"timestamp":1610276542,"path_taken":["M","?","?","M","M","E","R","M","T","?","E","R","M","M","R","BOSS","M","M","?","?","?","E","R","M","T","R","?","M","R","E","R","BOSS","M","?","$","?","?","E","?","?","T","M","R","E","R","E","R","BOSS","R","$","E","BOSS"],"items_purchased_type":["Relic","Relic","Relic"],"build_version":"2020-12-18","purchased_purges":2,"victory":false,"max_hp_per_floor":[75,75,75,75,75,75,75,75,75,75,75,75,75,75,75,75,75,75,75,75,75,75,75,75,75,75,75,75,75,75,75,75,75,75,75,75,75,75,75,75,75,75,75,75,75,80,80,80,80,80,80,80,80,80,80,80],"card_choices":[{"not_picked":["Whirlwind","Warcry"],"picked":"True Grit","floor":1},{"not_picked":["Run Through","True Grit"],"picked":"Iron Wave","floor":4},{"not_picked":["Abandon","ReplayReversal"],"picked":"Shrug It Off","floor":5},{"not_picked":["Anger","Massacre"],"picked":"Warcry","floor":6},{"not_picked":["Disarm","ReplayTheSpireMod:Muscle Training"],"picked":"Metallicize","floor":8},{"not_picked":["Body Slam","ReplayTheSpireMod:Limb From Limb"],"picked":"Immolate","floor":10},{"not_picked":["Warcry","Dual Wield"],"picked":"Shrug It Off","floor":11},{"not_picked":["Thunderclap","Blood for Blood"],"picked":"Inflame","floor":13},{"not_picked":["Abandon","Clothesline"],"picked":"Twin Strike","floor":14},{"not_picked":["Berserk","Limit Break"],"picked":"Offering","floor":16},{"not_picked":["Clothesline","Run Through","Wild Strike"],"picked":"Body Slam+1","floor":18},{"not_picked":["Clothesline","Anger","Evolve"],"picked":"Burning Pact","floor":19},{"not_picked":["Thunderclap","Flex","Headbutt"],"picked":"Armaments","floor":20},{"not_picked":["Shockwave","Thunderclap","Clothesline"],"picked":"Cleave","floor":22},{"not_picked":["Bouncing Flask","SashWhip","Slimebound:SlimeBarrage"],"picked":"Replay:BasicMightCard+1","floor":23},{"not_picked":["TheCursedMod:AbyssShockwave","Madness","Slimebound:LeechingTouch"],"picked":"hexamod:PhantomCloak+1","floor":25},{"not_picked":["Adaptation","Lockon+1","Starlight"],"picked":"Panic Button","floor":29},{"not_picked":["Concentrate+1","champ:Devastate","hubris:SlightOfHand"],"picked":"ReplaySolidLightProjector","floor":31},{"not_picked":["Replay:Many Hands","DeusExMachina","hexamod:ParanormalForm"],"picked":"Demon Form","floor":33},{"not_picked":["ChargingUp","Clothesline","Rewind"],"picked":"IllusionStar","floor":35},{"not_picked":["Defragment","Replay:Hum","champ:BladeFlurry+1"],"picked":"TheCursedMod:Obscuration+1","floor":40},{"not_picked":["hubris:Sniper+1","EmptyBody","Guardian:ChargeUp"],"picked":"sneckomod:UnknownVulnerable","floor":41},{"not_picked":["Concentrate","hubris:ReadiedAction","GrandCross"],"picked":"Potential+1","floor":44},{"not_picked":["Moondial","ReplayTheSpireMod:LeadingStrike+1","Slimebound:SlimeSpikes"],"picked":"MagicChant","floor":46},{"not_picked":["sneckomod:Rotation","Guardian:Preprogram","hexamod:Hexaguard"],"picked":"Panache","floor":48},{"not_picked":["sneckomod:SnakeSap","hexamod:FifthSeal","GravityBeat"],"picked":"Cloak And Dagger","floor":54}],"player_experience":588537,"relics_obtained":[{"floor":6,"key":"StrikeDummy"},{"floor":11,"key":"hubris:SlimyHat"},{"floor":22,"key":"PrismaticShard"},{"floor":23,"key":"Bag of Preparation"},{"floor":26,"key":"Red Skull"},{"floor":28,"key":"War Paint"},{"floor":31,"key":"Replay:Arrowhead"},{"floor":38,"key":"Thread and Needle"},{"floor":40,"key":"Pet Ghost"},{"floor":40,"key":"Replay:Bandana"},{"floor":43,"key":"aspiration:HummingbirdHeart"},{"floor":46,"key":"hubris:SphereOfDissonance"},{"floor":46,"key":"aspiration:Lifesprig"},{"floor":48,"key":"ReplayTheSpireMod:Lightbulb"},{"floor":48,"key":"Bag of Marbles"},{"floor":54,"key":"Oddly Smooth Stone"},{"floor":54,"key":"Replay:Mystery Machine"}],"event_choices":[{"damage_healed":0,"gold_gain":0,"player_choice":"Got Potions","damage_taken":0,"max_hp_gain":0,"max_hp_loss":0,"event_name":"Lab","floor":3,"gold_loss":0},{"damage_healed":15,"gold_gain":0,"player_choice":"Heal","damage_taken":0,"max_hp_gain":0,"max_hp_loss":0,"event_name":"The Library","floor":21,"gold_loss":0},{"cards_removed":["Strike_R"],"damage_healed":0,"gold_gain":0,"player_choice":"Purged","damage_taken":0,"max_hp_gain":0,"max_hp_loss":0,"event_name":"Purifier","floor":36,"gold_loss":0},{"damage_healed":0,"gold_gain":0,"cards_transformed":["Strike_R"],"player_choice":"Transformed","damage_taken":0,"max_hp_gain":0,"max_hp_loss":0,"event_name":"Transmorgrifier","floor":39,"gold_loss":0,"cards_obtained":["Replay:Undeath\u0027s Touch"]},{"damage_healed":61,"gold_gain":0,"player_choice":"Heal","damage_taken":0,"max_hp_gain":0,"max_hp_loss":0,"event_name":"MindBloom","floor":42,"gold_loss":0,"cards_obtained":["Doubt"]}],"is_beta":true,"boss_relics":[{"not_picked":["aspiration:ServantSkillbook","aspiration:SilentSkillbook"],"picked":"Honey Jar"},{"not_picked":["Runic Cube","aspiration:RunicSpoon"],"picked":"Black Star"}],"items_purged_floors":[37,53],"is_endless":false,"potions_floor_spawned":[1,10,11,13,18,25,31,35,40,41,46],"killed_by":"The Heart","ascension_level":17}}