{"host":"sian7qp8a9pc9xwd","time":1610266218,"event":{"mods":["BaseMod","Lobotomy","Minty Spire (QoL Compilation)","StSLib"],"gold_per_floor":[112,122,197,372,372,372,372,87,139,158,158,171,206,233,245,257,257],"floor_reached":16,"playtime":1407,"items_purged":["Defend_R"],"score":203,"play_id":"4126e76e-baad-49d1-ba2e-0ed582dd01d8","local_time":"20210110031018","is_ascension_mode":true,"campfire_choices":[{"data":"Bash","floor":6.0,"key":"SMITH"},{"data":"Shrug It Off","floor":11.0,"key":"SMITH"},{"data":"Perfected Strike","floor":15,"key":"SMITH"}],"circlet_count":0,"master_deck":["Strike_R","Strike_R","Strike_R","Strike_R","Strike_R","Defend_R","Defend_R","Defend_R","Bash+1","CrumblingArmor","Evolve","Bloodbath","Shrug It Off+1","Shrug It Off","MHz","Perfected Strike+1","VoidDream"],"relics":["Burning Blood","CogitoBucket","Nunchaku","Pen Nib","MawBank","BackwardClock"],"acts_visited":["Exordium"],"potions_floor_usage":[],"damage_taken":[{"damage":1.0,"enemies":"Cultist","floor":1.0,"turns":3.0},{"damage":3.0,"enemies":"2 Louse","floor":2.0,"turns":3.0},{"damage":0.0,"enemies":"Small Slimes","floor":10.0,"turns":6.0},{"damage":1.0,"enemies":"3 Louse","floor":12.0,"turns":5.0},{"damage":36,"enemies":"Lagavulin","floor":13,"turns":8},{"damage":26,"enemies":"Large Slime","floor":14,"turns":5},{"damage":36,"enemies":"Hexaghost","floor":16,"turns":8}],"seed_played":"5613579457652054849","potions_obtained":[{"floor":1.0,"key":"GamblersBrew"},{"floor":14,"key":"Dexterity Potion"}],"is_trial":false,"path_per_floor":["M","M","?","?","?","R","?","$","T","M","R","M","E","M","R","B"],"character_chosen":"IRONCLAD","items_purchased":["Pen Nib","Shrug It Off"],"campfire_rested":0,"item_purchase_floors":[8,8],"current_hp_per_floor":[77,80,69,69,66,66,66,66,66,74,74,80,52,33,33,0,0],"gold":257,"neow_bonus":"","is_daily":false,"chose_seed":false,"campfire_upgraded":3,"win_rate":0.0,"timestamp":1610266218,"path_taken":["M","?","?","?","?","R","?","$","T","M","R","?","E","M","R","BOSS"],"items_purchased_type":["Relic","Card"],"build_version":"2020-12-22","purchased_purges":1,"victory":false,"max_hp_per_floor":[80,80,80,80,80,80,80,80,80,80,80,80,80,80,80,80,80],"card_choices":[{"not_picked":["FairyFestival","CherryBlossoms"],"picked":"CrumblingArmor","floor":1.0},{"not_picked":["Intimidate","Headbutt"],"picked":"Evolve","floor":1.0},{"not_picked":["BeautyBeast","Wellcheers"],"picked":"Bloodbath","floor":2.0},{"not_picked":["Iron Wave","Combust"],"picked":"Shrug It Off","floor":2.0},{"not_picked":["Wellcheers","Woodsman"],"picked":"MHz","floor":10.0},{"not_picked":["Brutality","Twin Strike","Thunderclap"],"picked":"SKIP","floor":10.0},{"not_picked":["Shrug It Off","Burning Pact"],"picked":"Perfected Strike","floor":12},{"not_picked":["Body Slam","Sword Boomerang","Second Wind"],"picked":"SKIP","floor":13},{"not_picked":["UniverseFragment","Rudolta"],"picked":"VoidDream","floor":14},{"not_picked":["Rupture","Carnage","Warcry"],"picked":"SKIP","floor":14}],"player_experience":649472,"relics_obtained":[{"floor":13,"key":"MawBank"}],"event_choices":[{"damage_healed":0.0,"max_hp_gain":0.0,"max_hp_loss":0.0,"gold_gain":75.0,"event_name":"World of Goop","player_choice":"Gather Gold","floor":3.0,"gold_loss":0.0,"damage_taken":11.0},{"damage_healed":0.0,"max_hp_gain":0.0,"max_hp_loss":0.0,"gold_gain":175.0,"event_name":"Liars Game","player_choice":"AGREE","floor":4.0,"gold_loss":0.0,"damage_taken":0.0,"cards_obtained":["Doubt"]},{"damage_healed":0.0,"max_hp_gain":0.0,"max_hp_loss":0.0,"gold_gain":0.0,"event_name":"Scrap Ooze","player_choice":"Success","floor":5.0,"gold_loss":0.0,"damage_taken":3.0,"relics_obtained":["Nunchaku"]},{"cards_removed":["Doubt"],"damage_healed":0.0,"max_hp_gain":0.0,"max_hp_loss":0.0,"gold_gain":0.0,"event_name":"Purifier","player_choice":"Purged","floor":7.0,"gold_loss":0.0,"damage_taken":0.0}],"is_beta":false,"boss_relics":[],"items_purged_floors":[8],"is_endless":false,"potions_floor_spawned":[1,14],"killed_by":"Hexaghost","ascension_level":7}}