{"host":"vh84ep2bvzg72dp7","time":1610267603,"event":{"mods":["AchievementEnabler","Act Like it!","Aspiration","Astrologer","Bard","BaseMod","Beaked The Cultist","Better Altar","Better Match","Better Note","Better Sensory Stone","Better Skull","Better Third Choice","BetterRewards","Conspire","Downfall","Gensokyo","Halation","Hermit","Infinite Spire","Jorbs\u0027s Wanderer Trilogy","Marisa（霧雨　魔理沙）","Minty Spire (QoL Compilation)","MostiFishMod","Replay The Spire","Shop Mod","Spicy Shops","StSLib","The Alterego","The Animator","The Construct","The Cursed","The Hierophant","The Jungle","The Poker Player","The Runesmith","The Servant 0.9.4","The Wild Card","TheArtist","WarShipGirlsR/战舰少女R mod"],"gold_per_floor":[99,113,563,581,42,42,67,87,106,118,147,162,55,80,99,204,204,129,150,130,152,260,330,330,371,421,493,529,779,779,811,827,932,932,857,869,919,996,1104,1141,1168,1168,1168,1168,1168],"floor_reached":43,"playtime":3922,"items_purged":[],"score":888,"play_id":"2f37fe7c-b447-4b48-a273-4a6b58f1a9d4","local_time":"20210110153323","is_ascension_mode":true,"campfire_choices":[{"floor":1,"key":"RECALL"},{"data":"hexamod:UnlimitedPower","floor":18,"key":"SMITH"},{"data":"hexamod:FastForward","floor":30,"key":"SMITH"},{"data":"hexamod:CrushingStance","floor":42,"key":"SMITH"}],"circlet_count":0,"master_deck":["hexamod:Strike","hexamod:Strike","hexamod:Strike","hexamod:Strike","hexamod:Defend","hexamod:Defend","hexamod:Defend","hexamod:Defend","hexamod:Sear+1","hexamod:Float+1","hexamod:SwordOfDarkness","Slimebound:Icky","Slimebound:Icky","hexamod:ThirdSeal","hexamod:RadiantFlame","hexamod:GhostOfSpirePresent","hexamod:FastForward","hexamod:TimeOfNeed","hexamod:GhostOfSpireFuture","hexamod:Again","hexamod:EmpoweredFlame","hexamod:BacktrackSmack","hexamod:UnlimitedPower+1","hexamod:RadiantFlame","hexamod:Again","hexamod:Hexaguard","hexamod:SkipABeat","hexamod:FourthSeal","hexamod:SpectralSpark","hexamod:SecondSeal","hexamod:InspiringFlames","hexamod:FastForward","hexamod:TimeOfNeed","hexamod:EtherealExpedition","hexamod:AdvancingGuard","hexamod:CatchUp","hexamod:GhostOfSpireFuture","hexamod:GhostOfSpireFuture","hexamod:StepThrough+1","hexamod:ShieldOfDarkness+1","hexamod:ThermalTransfer+1","Pain","hexamod:FirstSeal","hexamod:HeatShield","hexamod:FastForward+1","hexamod:RetreatToShadows+1","hexamod:TurnItUp","hexamod:SixthSeal","hexamod:GhostLash","hexamod:ChargedBarrage","hexamod:HexaLevel","hexamod:TimeWarp","expansioncontent:DonusPower","expansioncontent:ChargeUp","expansioncontent:ChargeUp","hexamod:EtherealExpedition+1","hexamod:InspiringFlames+1","hexamod:SearingWound","hexamod:ShieldOfDarkness+1","hexamod:EmpoweredFlame","hexamod:CrushingStance+1"],"relics":["hexamod:SpiritBrand","DaveBox","Transparent","hexamod:SoulOfChaos","Simple Rune","Anchor","Replay:PocketPolymizer","Bottled Lightning","HaiYi:Twilight","downfall:HeartBlessingRed","downfall:CloakOfManyFaces","CultistMask","FaceOfCleric","NlothsMask","GremlinMask","SsserpentHead","infinitespire:CursedDice","WarpedTongs","PreservedInsect","Unceasing Top","beaked:SacredNecklace","downfall:HeartBlessingGreen","Prayer Wheel","halation:AfternoonTea","infinitespire:PuzzleCube"],"acts_visited":["Exordium","TheCity","TheBeyond"],"potions_floor_usage":[33,37],"damage_taken":[{"damage":14,"enemies":"Jaw Worm","floor":2,"turns":2},{"damage":14,"enemies":"Small Slimes","floor":4,"turns":2},{"damage":28,"enemies":"downfall:FleeingMerchant","floor":5,"turns":4},{"damage":14,"enemies":"2 Louse","floor":8,"turns":2},{"damage":21,"enemies":"2 Fungi Beasts","floor":9,"turns":3},{"damage":28,"enemies":"Gremlin Gang","floor":10,"turns":4},{"damage":14,"enemies":"Gremlin Nob","floor":11,"turns":2},{"damage":22,"enemies":"Exordium Thugs","floor":12,"turns":3},{"damage":37,"enemies":"downfall:FleeingMerchant","floor":13,"turns":4},{"damage":31,"enemies":"Lagavulin","floor":14,"turns":4},{"damage":21,"enemies":"2 Fungi Beasts","floor":15,"turns":3},{"damage":35,"enemies":"downfall:Watcher","floor":16,"turns":5},{"damage":28,"enemies":"conspire:FuzzyDice","floor":19,"turns":4},{"damage":14,"enemies":"3 Byrds","floor":21,"turns":2},{"damage":40,"enemies":"downfall:FaceTrader","floor":22,"turns":5},{"damage":21,"enemies":"Cultist and Chosen","floor":23,"turns":3},{"damage":28,"enemies":"Replay:Snechameleon","floor":25,"turns":4},{"damage":30,"enemies":"Snecko","floor":27,"turns":3},{"damage":40,"enemies":"Nightmare","floor":28,"turns":5},{"damage":34,"enemies":"Nightmare","floor":29,"turns":4},{"damage":21,"enemies":"conspire:Head Lice","floor":31,"turns":3},{"damage":56,"enemies":"conspire:HollyBat","floor":32,"turns":6},{"damage":68,"enemies":"downfall:Silent","floor":33,"turns":6},{"damage":22,"enemies":"Orb Walker","floor":36,"turns":3},{"damage":40,"enemies":"3 Darklings","floor":38,"turns":3},{"damage":61,"enemies":"Mind Bloom Boss Battle","floor":39,"turns":6},{"damage":50,"enemies":"Giant Head","floor":40,"turns":5},{"damage":8,"enemies":"Jaw Worm Horde","floor":43,"turns":1}],"seed_played":"-5800507836238617367","potions_obtained":[{"floor":4,"key":"Strength Potion"},{"floor":11,"key":"FearPotion"},{"floor":13,"key":"Fire Potion"},{"floor":16,"key":"hexamod:DoubleChargePotion"},{"floor":33,"key":"EssenceOfSteel"},{"floor":36,"key":"infinitespire:BlackPotion"},{"floor":37,"key":"Fruit Juice"},{"floor":37,"key":"Toxic Potion"},{"floor":37,"key":"LiquidMemories"}],"is_trial":false,"path_per_floor":["R","M","?","M","$","?","T","M","M","M","E","M","$","E","M","B",null,"R","M","?","M","?","M","T","E","?","M","NM","?","R","E","M","B",null,"R","M","?","M","?","E","T","R","M"],"character_chosen":"THE_SPIRIT","items_purchased":["hexamod:SoulOfChaos","hexamod:FastForward","hexamod:TimeOfNeed","Replay:PocketPolymizer"],"campfire_rested":0,"item_purchase_floors":[5,5,5,13],"current_hp_per_floor":[70,70,70,70,70,70,70,70,70,70,70,70,70,70,70,70,70,70,70,70,70,70,71,71,72,72,73,74,75,75,76,77,70,78,68,79,84,85,84,87,87,87,79,79,79],"gold":1168,"neow_bonus":"UPGRADE_CARD","is_daily":false,"chose_seed":false,"campfire_upgraded":3,"win_rate":0.0,"timestamp":1610267603,"path_taken":["R","M","?","M","$","?","T","M","M","M","E","M","$","E","M","BOSS","R","M","?","?","?","?","T","E","?","?","NM","?","R","E","M","BOSS","R","M","?","?","?","E","T","R","M"],"items_purchased_type":["Relic","Card","Card","Relic"],"build_version":"2020-12-22","purchased_purges":0,"victory":false,"max_hp_per_floor":[70,70,70,70,70,70,70,70,70,70,70,70,70,70,70,70,70,70,70,70,70,70,71,71,72,72,73,74,75,75,76,77,78,78,78,79,84,85,86,87,87,87,87,87,87],"card_choices":[{"not_picked":["hexamod:NightmareStrike","hexamod:GhostShield"],"picked":"hexamod:SwordOfDarkness","floor":2},{"not_picked":["hexamod:InspiringFlames","hexamod:AdvancingGuard"],"picked":"hexamod:ThirdSeal","floor":4},{"not_picked":["hexamod:ShieldOfDarkness","hexamod:Again"],"picked":"hexamod:RadiantFlame","floor":5},{"not_picked":["hexamod:AdvancingGuard","hexamod:SearingWound"],"picked":"hexamod:GhostOfSpirePresent","floor":5},{"not_picked":["hexamod:BacktrackSmack","hexamod:GhostShield"],"picked":"hexamod:GhostOfSpireFuture","floor":8},{"not_picked":["hexamod:Hexaguard","hexamod:ChargedBarrage"],"picked":"hexamod:Again","floor":8},{"not_picked":["hexamod:NightmareStrike","hexamod:AdvancingGuard"],"picked":"hexamod:EmpoweredFlame","floor":9},{"not_picked":["hexamod:RainOfEmbers","hexamod:InspiringFlames"],"picked":"hexamod:BacktrackSmack","floor":9},{"not_picked":["hexamod:SpectersWail","hexamod:RainOfEmbers"],"picked":"hexamod:UnlimitedPower","floor":10},{"not_picked":["hexamod:NightmareGuise","hexamod:GhostLash"],"picked":"hexamod:RadiantFlame","floor":10},{"not_picked":["hexamod:NightmareStrike","hexamod:Hexaguard"],"picked":"hexamod:Again","floor":11},{"not_picked":["hexamod:NightmareStrike","hexamod:PhantomFireball"],"picked":"hexamod:Hexaguard","floor":11},{"not_picked":["hexamod:RadiantFlame","hexamod:HeatMetal"],"picked":"hexamod:SkipABeat","floor":12},{"not_picked":["hexamod:WildfireWeapon","hexamod:GhostShield"],"picked":"hexamod:FourthSeal","floor":12},{"not_picked":["hexamod:GhostLash","hexamod:NightmareGuise","hexamod:SpectersWail"],"picked":"SKIP","floor":13},{"not_picked":["hexamod:FlamesFromBeyond","hexamod:SwordOfDarkness","hexamod:NecessarySacrifice"],"picked":"SKIP","floor":13},{"not_picked":["hexamod:SearingWound","hexamod:GhostLash"],"picked":"hexamod:SpectralSpark","floor":14},{"not_picked":["hexamod:SwordOfDarkness","hexamod:HauntingEcho"],"picked":"hexamod:SecondSeal","floor":14},{"not_picked":["hexamod:Firestarter","hexamod:Incineration"],"picked":"hexamod:InspiringFlames","floor":15},{"not_picked":["hexamod:HauntingEcho","hexamod:BurningTouch"],"picked":"hexamod:FastForward","floor":15},{"not_picked":["hexamod:GiftsFromTheDead","hexamod:WildfireWeapon"],"picked":"hexamod:TimeOfNeed","floor":16},{"not_picked":["hexamod:SearingWound","hexamod:WildfireWeapon"],"picked":"hexamod:VolcanoVisage","floor":16},{"not_picked":["hexamod:RadiantFlame","hexamod:BurningTouch"],"picked":"hexamod:AdvancingGuard","floor":19},{"not_picked":["hexamod:Firestarter","hexamod:HauntingEcho","hexamod:FourthSeal"],"picked":"SKIP","floor":19},{"not_picked":[],"picked":"hexamod:CatchUp","floor":20},{"not_picked":[],"picked":"hexamod:ExtraCrispy","floor":20},{"not_picked":["hexamod:BurningTouch","hexamod:RainOfEmbers+1"],"picked":"hexamod:GhostOfSpireFuture","floor":21},{"not_picked":["hexamod:GhostShield","hexamod:RecurringNightmare","hexamod:PhantomFireball+1"],"picked":"SKIP","floor":21},{"not_picked":["hexamod:NightmareStrike","hexamod:InspiringFlames"],"picked":"hexamod:GhostOfSpireFuture","floor":22},{"not_picked":["hexamod:VolcanoVisage","hexamod:GhostflameBarrier"],"picked":"hexamod:StepThrough+1","floor":23},{"not_picked":["hexamod:BurningTouch","hexamod:PhantomCloak","hexamod:NecessarySacrifice"],"picked":"SKIP","floor":23},{"not_picked":["hexamod:ParanormalForm","hexamod:RainOfEmbers"],"picked":"hexamod:ShieldOfDarkness+1","floor":25},{"not_picked":["hexamod:Hexaguard","hexamod:Firestarter"],"picked":"hexamod:ThermalTransfer+1","floor":25},{"not_picked":["hexamod:ChargedBarrage","hexamod:SpectersWail"],"picked":"hexamod:FirstSeal","floor":27},{"not_picked":["hexamod:NightmareStrike+1","hexamod:ThirdSeal"],"picked":"hexamod:HeatShield","floor":27},{"not_picked":["hexamod:NightmareGuise","hexamod:UnleashSpirits"],"picked":"hexamod:FastForward","floor":28},{"not_picked":["hexamod:InspiringFlames","hexamod:NightmareStrike+1"],"picked":"hexamod:RetreatToShadows","floor":28},{"not_picked":["hexamod:GhostOfSpireFuture+1","hexamod:ThermalTransfer"],"picked":"hexamod:SixthSeal","floor":31},{"not_picked":["hexamod:ExtraCrispy","hexamod:NecessarySacrifice"],"picked":"hexamod:GhostLash","floor":31},{"not_picked":["hexamod:GhostOfSpirePresent","hexamod:BurningTouch+1"],"picked":"hexamod:ChargedBarrage","floor":32},{"not_picked":["hexamod:CrushingStance","hexamod:TimeWarp"],"picked":"hexamod:HexaLevel","floor":33},{"not_picked":["hexamod:ApocalypticArmor","hexamod:TimeOfNeed"],"picked":"hexamod:TimeWarp","floor":33},{"not_picked":["expansioncontent:CaCaw","expansioncontent:HyperBeam"],"picked":"expansioncontent:DonusPower","floor":35},{"not_picked":["expansioncontent:FaceSlap","Replay:SS_fish_1"],"picked":"expansioncontent:ChargeUp","floor":35},{"not_picked":["expansioncontent:DonusPower","expansioncontent:GuardianWhirl"],"picked":"expansioncontent:ChargeUp","floor":35},{"not_picked":["hexamod:BacktrackSmack+1","hexamod:SpectralAdrenaline+1"],"picked":"hexamod:EtherealExpedition+1","floor":36},{"not_picked":["hexamod:BacktrackSmack+1","hexamod:ShieldOfDarkness"],"picked":"hexamod:InspiringFlames+1","floor":38},{"not_picked":["hexamod:FirstSeal","hexamod:AdvancingGuard","hexamod:GhostShield+1"],"picked":"SKIP","floor":38},{"not_picked":["hexamod:Haunt","hexamod:SpectersWail+1"],"picked":"hexamod:SearingWound","floor":39},{"not_picked":["hexamod:FlamesFromBeyond+1","hexamod:ThermalTransfer"],"picked":"hexamod:ShieldOfDarkness+1","floor":39},{"not_picked":["hexamod:NightmareStrike+1","hexamod:InspiringFlames"],"picked":"hexamod:EmpoweredFlame","floor":40},{"not_picked":["hexamod:NightmareGuise+1","hexamod:InspiringFlames"],"picked":"hexamod:CrushingStance","floor":40}],"player_experience":331626,"relics_obtained":[{"floor":7,"key":"Simple Rune"},{"floor":11,"key":"Anchor"},{"floor":14,"key":"Bottled Lightning"},{"floor":22,"key":"downfall:CloakOfManyFaces"},{"floor":25,"key":"infinitespire:CursedDice"},{"floor":28,"key":"PreservedInsect"},{"floor":31,"key":"Unceasing Top"},{"floor":39,"key":"Prayer Wheel"},{"floor":40,"key":"halation:AfternoonTea"},{"floor":41,"key":"infinitespire:PuzzleCube"}],"event_choices":[{"cards_removed":["Slimebound:Icky"],"damage_healed":0,"gold_gain":0,"player_choice":"Card Removal","damage_taken":0,"max_hp_gain":0,"max_hp_loss":0,"event_name":"The Cleric","floor":6,"gold_loss":0},{"damage_healed":0,"gold_gain":0,"player_choice":"Rummage","damage_taken":0,"relics_obtained":["WarpedTongs"],"max_hp_gain":0,"max_hp_loss":0,"event_name":"Accursed Blacksmith","floor":26,"gold_loss":0,"cards_obtained":["Pain"]},{"damage_healed":0,"gold_gain":0,"player_choice":"Got Potions","damage_taken":0,"max_hp_gain":0,"max_hp_loss":0,"event_name":"Lab","floor":37,"gold_loss":0}],"is_beta":false,"boss_relics":[{"not_picked":["aspiration:SecretTechniqueScroll","TimeKeys"],"picked":"HaiYi:Twilight"},{"not_picked":["aspiration:PoetsPen_weak","Replay:Drink Me"],"picked":"beaked:SacredNecklace"}],"items_purged_floors":[],"is_endless":true,"potions_floor_spawned":[4,11,14,15,16,21,25,27,28,29,38,39,40],"killed_by":"Jaw Worm Horde","ascension_level":1}}