{"host":"1c52r9kaxdyo25eq","time":1610248391,"event":{"mods":["AchievementEnabler","BaseMod","Minty Spire (QoL Compilation)","Rare Cards Sparkle","SuperFastMode","everything is the same but u backflip on backflip"],"gold_per_floor":[112,112,37,37,50,77,90,109,132,132,207,207,226,245,245,316,316,333,58,58,68,68,68],"floor_reached":22,"playtime":465,"items_purged":[],"score":422,"play_id":"43360a16-c374-454f-a076-4defc9ae8bc6","local_time":"20210110121311","is_ascension_mode":true,"campfire_choices":[{"data":"Bouncing Flask","floor":10.0,"key":"SMITH"},{"floor":12.0,"key":"REST"},{"floor":15.0,"key":"REST"}],"circlet_count":0,"master_deck":["AscendersBane","Strike_G","Strike_G+1","Strike_G+1","Strike_G+1","Defend_G","Defend_G","Defend_G","Defend_G","Defend_G","Survivor","Neutralize+1","Infinite Blades","Noxious Fumes","Bouncing Flask+1","Poisoned Stab","PiercingWail","Die Die Die","Dodge and Roll+1","Well Laid Plans"],"relics":["Ring of the Snake","NeowsBlessing","Juzu Bracelet","Whetstone","Anchor","Cursed Key","Eternal Feather"],"acts_visited":["Exordium","TheCity"],"potions_floor_usage":[],"damage_taken":[{"damage":0.0,"enemies":"Small Slimes","floor":1.0,"turns":1.0},{"damage":0.0,"enemies":"2 Louse","floor":5.0,"turns":1.0},{"damage":0.0,"enemies":"3 Sentries","floor":6.0,"turns":1.0},{"damage":4.0,"enemies":"Jaw Worm","floor":7.0,"turns":3.0},{"damage":11.0,"enemies":"Exordium Wildlife","floor":8.0,"turns":4.0},{"damage":8.0,"enemies":"Exordium Thugs","floor":13.0,"turns":4.0},{"damage":6.0,"enemies":"Lots of Slimes","floor":14.0,"turns":4.0},{"damage":11.0,"enemies":"Hexaghost","floor":16.0,"turns":6.0},{"damage":12.0,"enemies":"3 Byrds","floor":18.0,"turns":5.0},{"damage":13,"enemies":"2 Thieves","floor":21,"turns":5},{"damage":27,"enemies":"Cultist and Chosen","floor":22,"turns":5}],"seed_played":"-3047964512962253364","potions_obtained":[{"floor":1.0,"key":"SkillPotion"},{"floor":6.0,"key":"Poison Potion"},{"floor":13.0,"key":"DistilledChaos"},{"floor":14.0,"key":"DuplicationPotion"},{"floor":16.0,"key":"Poison Potion"}],"is_trial":false,"path_per_floor":["M","?","?","?","M","E","M","M","T","R","?","R","M","M","R","B",null,"M","$","?","M","M"],"character_chosen":"THE_SILENT","items_purchased":["Eternal Feather"],"campfire_rested":2,"item_purchase_floors":[19],"current_hp_per_floor":[59,48,48,28,28,28,24,13,13,13,2,21,13,7,26,15,53,41,41,41,28,1,1],"gold":68,"neow_bonus":"THREE_ENEMY_KILL","is_daily":false,"chose_seed":false,"campfire_upgraded":1,"win_rate":0.0,"timestamp":1610248391,"path_taken":["M","?","?","?","M","E","M","M","T","R","?","R","M","M","R","BOSS","M","$","?","M","M"],"items_purchased_type":["Relic"],"build_version":"2020-12-22","purchased_purges":0,"victory":false,"max_hp_per_floor":[66,66,66,66,66,66,66,66,66,66,66,66,66,66,66,66,66,66,66,66,66,66,66],"card_choices":[{"not_picked":["Concentrate","Acrobatics"],"picked":"Infinite Blades","floor":1.0},{"not_picked":["Concentrate","Leg Sweep"],"picked":"Noxious Fumes","floor":5.0},{"not_picked":["Crippling Poison","Burst"],"picked":"Bouncing Flask","floor":6.0},{"not_picked":["Blade Dance","Predator","Slice"],"picked":"SKIP","floor":7.0},{"not_picked":["Acrobatics","PiercingWail"],"picked":"Poisoned Stab","floor":8.0},{"not_picked":["Deadly Poison","Infinite Blades","Noxious Fumes"],"picked":"SKIP","floor":13.0},{"not_picked":["Bouncing Flask","All Out Attack"],"picked":"PiercingWail","floor":14.0},{"not_picked":["Storm of Steel","Phantasmal Killer"],"picked":"Die Die Die","floor":16.0},{"not_picked":["Predator+1","Dagger Throw"],"picked":"Dodge and Roll+1","floor":18.0},{"not_picked":["Poisoned Stab+1","Noxious Fumes"],"picked":"Well Laid Plans","floor":21}],"player_experience":569385,"relics_obtained":[{"floor":6.0,"key":"Whetstone"},{"floor":9.0,"key":"Anchor"}],"event_choices":[{"damage_healed":0.0,"max_hp_gain":0.0,"max_hp_loss":0.0,"gold_gain":0.0,"event_name":"Scrap Ooze","player_choice":"Success","floor":2.0,"gold_loss":0.0,"damage_taken":11.0,"relics_obtained":["Juzu Bracelet"]},{"cards_removed":["Strike_G"],"damage_healed":0.0,"max_hp_gain":0.0,"max_hp_loss":0.0,"gold_gain":0.0,"event_name":"The Cleric","player_choice":"Card Removal","floor":3.0,"gold_loss":75.0,"damage_taken":0.0},{"damage_healed":0.0,"max_hp_gain":0.0,"max_hp_loss":0.0,"gold_gain":0.0,"event_name":"Shining Light","player_choice":"Entered Light","floor":4.0,"gold_loss":0.0,"damage_taken":20.0,"cards_upgraded":["Neutralize","Strike_G"]},{"damage_healed":0.0,"max_hp_gain":0.0,"max_hp_loss":0.0,"gold_gain":75.0,"event_name":"World of Goop","player_choice":"Gather Gold","floor":11.0,"gold_loss":0.0,"damage_taken":11.0}],"is_beta":false,"boss_relics":[{"not_picked":["SlaversCollar","Ring of the Serpent"],"picked":"Cursed Key"}],"items_purged_floors":[],"is_endless":false,"potions_floor_spawned":[1,6,13,14,16],"killed_by":"Cultist and Chosen","ascension_level":20}}