{"host":"e87rn453naquue3h","time":1610314615,"event":{"mods":["AchievementEnabler","BaseMod","Downfall","Minty Spire (QoL Compilation)","StSLib"],"gold_per_floor":[199,210,229,229,229,239,239,239,254,8,18,29,29,61,74,176,176,176,196,396,412,426,457,483,503,530,540,465,498,498,16,28,125,125,125,143,159,176,176,176,257,267,267,542,156,185,110,120,135,135],"floor_reached":51,"playtime":5538,"items_purged":["Guardian:Defend_Guardian","Regret"],"score":1019,"play_id":"2a8cbca8-a951-4d5f-8b9e-d7e67b904355","local_time":"20210110163655","is_ascension_mode":true,"campfire_choices":[{"data":"Guardian:TwinSlam","floor":1,"key":"SMITH"},{"data":"Guardian:StasisField","floor":8,"key":"SMITH"},{"data":"Guardian:ChargeUp","floor":13,"key":"SMITH"},{"data":"Guardian:CompilePackage","floor":18,"key":"SMITH"},{"data":"Guardian:ShieldSpikes","floor":28,"key":"SMITH"},{"data":"Guardian:GuardianWhirl","floor":30,"key":"SMITH"},{"data":"Guardian:BaubleBeam","floor":35,"key":"SMITH"},{"data":"Guardian:PrismaticBarrier","floor":40,"key":"SMITH"},{"data":"Guardian:PiercingHide","floor":43,"key":"SMITH"},{"data":"Chrysalis","floor":47,"key":"SMITH"}],"circlet_count":0,"master_deck":["Guardian:Strike_Guardian","Guardian:Strike_Guardian","Guardian:Strike_Guardian","Guardian:Strike_Guardian+1","Guardian:Defend_Guardian","Guardian:Defend_Guardian","Guardian:Defend_Guardian","Guardian:CurlUp","Guardian:TwinSlam+1","Guardian:StasisField+1","Guardian:PiercingHide+1","Guardian:ChargeUp+1","Guardian:PiercingHide","Guardian:PrismaticBarrier+1","Guardian:CompilePackage+1","Guardian:RollAttack+1","hexamod:Haunted","Guardian:ShieldSpikes+1","Guardian:DecasProtection","Guardian:GuardianWhirl+1","Guardian:TimeBomb","Guardian:BaubleBeam+1","Chrysalis+1","Guardian:SpikerProtocol+1","Guardian:Harden"],"relics":["Guardian:ModeShifter","Potion Belt","Gremlin Horn","Snecko Eye","Bird Faced Urn","Whetstone","downfall:HeartBlessingBlue","InkBottle","Lee\u0027s Waffle","Guardian:GemstoneGun","Runic Dome","Blue Candle","Vajra","Mercury Hourglass","PreservedInsect","downfall:HeartBlessingGreen"],"acts_visited":["Exordium","TheCity","TheBeyond"],"potions_floor_usage":[21,21,23,42,46,50,50,50,50],"damage_taken":[{"damage":2,"enemies":"Jaw Worm","floor":2,"turns":4},{"damage":0,"enemies":"2 Louse","floor":3,"turns":2},{"damage":0,"enemies":"Cultist","floor":6,"turns":3},{"damage":0,"enemies":"Blue Slaver","floor":9,"turns":3},{"damage":0,"enemies":"downfall:FleeingMerchant","floor":10,"turns":4},{"damage":0,"enemies":"3 Louse","floor":11,"turns":3},{"damage":2,"enemies":"Lots of Slimes","floor":12,"turns":3},{"damage":11,"enemies":"Lagavulin","floor":14,"turns":8},{"damage":0,"enemies":"Gremlin Gang","floor":15,"turns":4},{"damage":21,"enemies":"downfall:Ironclad","floor":16,"turns":10},{"damage":1,"enemies":"Shell Parasite","floor":19,"turns":4},{"damage":6,"enemies":"Snake Plant","floor":21,"turns":4},{"damage":5,"enemies":"Sentry and Sphere","floor":22,"turns":5},{"damage":0,"enemies":"Gremlin Leader","floor":23,"turns":7},{"damage":16,"enemies":"Shelled Parasite and Fungi","floor":25,"turns":5},{"damage":7,"enemies":"Book of Stabbing","floor":26,"turns":5},{"damage":0,"enemies":"Snecko","floor":27,"turns":4},{"damage":0,"enemies":"Gremlin Leader","floor":29,"turns":4},{"damage":0,"enemies":"downfall:FleeingMerchant","floor":31,"turns":4},{"damage":8,"enemies":"Sentry and Sphere","floor":32,"turns":4},{"damage":0,"enemies":"downfall:Silent","floor":33,"turns":5},{"damage":0,"enemies":"3 Shapes","floor":36,"turns":4},{"damage":3,"enemies":"3 Darklings","floor":37,"turns":2},{"damage":0,"enemies":"Sphere and 2 Shapes","floor":38,"turns":3},{"damage":11,"enemies":"Spire Growth","floor":42,"turns":5},{"damage":9,"enemies":"downfall:FleeingMerchant","floor":45,"turns":4},{"damage":55,"enemies":"Nemesis","floor":46,"turns":11},{"damage":0,"enemies":"Maw","floor":48,"turns":7},{"damage":0,"enemies":"Jaw Worm Horde","floor":49,"turns":2},{"damage":0,"enemies":"downfall:Defect","floor":50,"turns":6}],"seed_played":"-7759385297865760777","potions_obtained":[{"floor":2,"key":"ColorlessPotion"},{"floor":3,"key":"DistilledChaos"},{"floor":9,"key":"SkillPotion"},{"floor":14,"key":"Fruit Juice"},{"floor":21,"key":"FearPotion"},{"floor":25,"key":"Ancient Potion"},{"floor":27,"key":"Weak Potion"},{"floor":33,"key":"Explosive Potion"},{"floor":42,"key":"Guardian:DefensiveModePotion"},{"floor":46,"key":"EssenceOfSteel"},{"floor":49,"key":"Strength Potion"}],"is_trial":false,"path_per_floor":["R","M","M","?","?","M","T","R","M","$","M","M","R","E","M","B",null,"R","M","?","M","M","E","T","M","E","M","R","E","R","$","M","B",null,"R","M","M","M","?","R","T","M","R","?","$","E","R","M","M","B",null],"character_chosen":"GUARDIAN","items_purchased":["Potion Belt","Lee\u0027s Waffle","Guardian:GemstoneGun","Guardian:Gem_Red","Vajra","Mercury Hourglass","Chrysalis"],"campfire_rested":0,"item_purchase_floors":[10,31,31,45,45,45,45],"current_hp_per_floor":[80,78,78,83,83,83,83,83,83,83,83,81,81,70,70,49,85,85,84,84,78,73,73,73,59,58,62,72,78,78,102,94,100,102,102,102,99,102,102,102,102,96,96,96,91,42,42,54,58,64],"gold":135,"neow_bonus":"HUNDRED_GOLD","is_daily":false,"chose_seed":false,"campfire_upgraded":10,"win_rate":0.0,"timestamp":1610314615,"path_taken":["R","M","M","?","?","M","T","R","M","$","?","M","R","E","M","BOSS","R","M","?","M","M","E","T","M","E","M","R","E","R","$","M","BOSS","R","M","M","M","?","R","T","M","R","?","$","E","R","?","M","BOSS"],"items_purchased_type":["Relic","Relic","Relic","Card","Relic","Relic","Card"],"build_version":"2020-12-22","purchased_purges":2,"victory":true,"max_hp_per_floor":[80,80,80,85,85,85,85,85,85,85,85,85,85,85,85,85,85,85,85,85,85,85,85,85,85,85,85,95,95,95,102,102,102,102,102,102,102,102,102,102,102,107,107,107,107,107,107,107,107,107],"card_choices":[{"not_picked":["Guardian:Planning","Guardian:Gem_Lightblue"],"picked":"Guardian:Gem_Fragmented","floor":2},{"not_picked":["Guardian:Gem_Red","Guardian:TemporalStrike"],"picked":"Guardian:Gem_Blue","floor":3},{"not_picked":["Guardian:Gem_Green","Guardian:FuturePlans"],"picked":"Guardian:StasisField","floor":6},{"not_picked":["Guardian:Incinerate","Guardian:PolyBeam"],"picked":"Guardian:PiercingHide","floor":9},{"not_picked":["Guardian:ShieldSpikes","Guardian:SpikerProtocol"],"picked":"Guardian:ChargeUp","floor":10},{"not_picked":["Guardian:Gem_Red","Guardian:ChargeCore"],"picked":"Guardian:Gem_Fragmented","floor":11},{"not_picked":["Guardian:Suspension","Guardian:Gem_Green"],"picked":"Guardian:PiercingHide","floor":12},{"not_picked":["Guardian:WalkerClaw","Guardian:Suspension"],"picked":"Guardian:Gem_Blue","floor":14},{"not_picked":["Guardian:RefractedBeam","Guardian:Harden"],"picked":"Guardian:PrismaticBarrier","floor":15},{"not_picked":["Guardian:StasisStrike","Guardian:FastForward"],"picked":"Guardian:CompilePackage","floor":16},{"not_picked":["Guardian:TemporalShield","Guardian:Suspension"],"picked":"Guardian:RollAttack","floor":19},{"not_picked":["Guardian:TemporalStrike","Guardian:ArmoredProtocol"],"picked":"Guardian:ShieldSpikes","floor":21},{"not_picked":["Guardian:Incinerate","Guardian:WalkerClaw"],"picked":"Guardian:Gem_White","floor":22},{"not_picked":["Guardian:Gem_Purple","Guardian:ShieldSpikes"],"picked":"Guardian:DecasProtection","floor":23},{"not_picked":["Guardian:Gem_Blue","Guardian:Gem_Cyan","Guardian:Gem_Lightblue"],"picked":"SKIP","floor":25},{"not_picked":["Guardian:HyperBeam_Guardian","Guardian:WalkerClaw+1","Guardian:Preprogram"],"picked":"SKIP","floor":26},{"not_picked":["Guardian:Gem_Cyan","Guardian:Planning","Guardian:Reroute"],"picked":"SKIP","floor":27},{"not_picked":["Guardian:PiercingHide","Guardian:VentSteam+1"],"picked":"Guardian:GuardianWhirl","floor":29},{"not_picked":["Guardian:Gem_Yellow","Guardian:RollAttack"],"picked":"Guardian:TimeBomb","floor":31},{"not_picked":["Guardian:CrystalBeam","Guardian:Planning","Guardian:Gem_Red"],"picked":"SKIP","floor":32},{"not_picked":["Guardian:HyperBeam_Guardian","Guardian:FierceBash"],"picked":"Guardian:BaubleBeam","floor":33},{"not_picked":["Guardian:Gem_Cyan","Guardian:PrimingBeam","Guardian:Gem_Fragmented"],"picked":"SKIP","floor":36},{"not_picked":["Guardian:PrimingBeam+1","Guardian:CrystalBeam","Guardian:BronzeArmor+1"],"picked":"SKIP","floor":37},{"not_picked":["Guardian:Gem_Red","Guardian:Recover+1","Guardian:ChargeCore+1"],"picked":"SKIP","floor":38},{"not_picked":["Guardian:TemporalShield","Guardian:Incinerate","Guardian:PrismaticBarrier"],"picked":"SKIP","floor":42},{"not_picked":["Guardian:AncientConstruct","Guardian:PrimingBeam+1"],"picked":"Guardian:Gem_White","floor":45},{"not_picked":["Guardian:Gem_Cyan","Guardian:CrystalBeam+1"],"picked":"Guardian:SpikerProtocol+1","floor":46},{"not_picked":["Guardian:Gem_Red","Guardian:VentSteam"],"picked":"Guardian:Harden","floor":48},{"not_picked":["Guardian:Preprogram+1","Guardian:PiercingHide","Guardian:Suspension+1"],"picked":"SKIP","floor":49}],"player_experience":2485509,"relics_obtained":[{"floor":14,"key":"Gremlin Horn"},{"floor":23,"key":"Bird Faced Urn"},{"floor":24,"key":"Whetstone"},{"floor":29,"key":"InkBottle"},{"floor":41,"key":"Blue Candle"},{"floor":46,"key":"PreservedInsect"}],"event_choices":[{"damage_healed":0,"gold_gain":0,"player_choice":"Donut","damage_taken":0,"max_hp_gain":5,"max_hp_loss":0,"event_name":"Big Fish","floor":4,"gold_loss":0}],"is_beta":false,"boss_relics":[{"not_picked":["Guardian:ModeShifterPlus","Velvet Choker"],"picked":"Snecko Eye"},{"not_picked":["Sozu","Astrolabe"],"picked":"Runic Dome"}],"items_purged_floors":[10,45],"is_endless":false,"potions_floor_spawned":[2,3,9,14,21,25,27,33,42,46,48,49],"ascension_level":3}}