{"host":"gzk4gkgy3zij1c51","time":1610261335,"event":{"mods":["BaseMod","Colored Map","Highlight Path","Marked Mod","Minty Spire (QoL Compilation)","Relic Stats","StSLib","everything is the same but u backflip on backflip"],"gold_per_floor":[109,184,134,30,46,78,78,103,103,63,73,31,31,43,43,140,140,159,159,159,129,149,149,149,149],"floor_reached":24,"playtime":1110,"items_purged":[],"score":272,"play_id":"6ed29c28-1571-4eee-a8c9-35e5f0f74c87","local_time":"20210110064855","is_ascension_mode":true,"campfire_choices":[{"data":"Wireheading","floor":7.0,"key":"SMITH"},{"floor":13.0,"key":"REST"},{"data":"MarkedMod:GracefulMovements","floor":15.0,"key":"SMITH"},{"data":"MarkedMod:SlowDance","floor":23.0,"key":"SMITH"}],"circlet_count":0,"master_deck":["Strike_P+1","Strike_P+1","Strike_P+1","Defend_P+1","Defend_P+1","Defend_P+1","Defend_P+1","Eruption","Vigilance","MarkedMod:GentlePulse","MarkedMod:GracefulMovements+1","BowlingBash","Wireheading+1","LikeWater","Consecrate","Weave","JustLucky","MarkedMod:SlowDance+1","ThirdEye","PathToVictory","FollowUp+1"],"relics":["PureWater","NeowsBlessing","Sundial","The Courier","SacredBark"],"acts_visited":["Exordium","TheCity"],"potions_floor_usage":[24,24],"damage_taken":[{"damage":0.0,"enemies":"2 Louse","floor":1.0,"turns":1.0},{"damage":0.0,"enemies":"Jaw Worm","floor":5.0,"turns":1.0},{"damage":0.0,"enemies":"3 Sentries","floor":6.0,"turns":2.0},{"damage":52.0,"enemies":"Gremlin Nob","floor":8.0,"turns":6.0},{"damage":0.0,"enemies":"Small Slimes","floor":11.0,"turns":5.0},{"damage":0.0,"enemies":"3 Louse","floor":14.0,"turns":3.0},{"damage":25.0,"enemies":"Slime Boss","floor":16.0,"turns":6.0},{"damage":33.0,"enemies":"Chosen","floor":18.0,"turns":10.0},{"damage":13.0,"enemies":"Shell Parasite","floor":22.0,"turns":5.0},{"damage":26,"enemies":"Book of Stabbing","floor":24,"turns":3}],"seed_played":"-7082626889692581338","potions_obtained":[{"floor":6.0,"key":"StancePotion"},{"floor":14.0,"key":"Swift Potion"},{"floor":16.0,"key":"SteroidPotion"},{"floor":21.0,"key":"StancePotion"},{"floor":21.0,"key":"BottledMiracle"}],"is_trial":false,"path_per_floor":["M","?","?","$","M","E","R","E","T","$","M","$","R","M","R","B",null,"M","?","?","?","M","R","E"],"character_chosen":"WATCHER","items_purchased":["MarkedMod:GracefulMovements","BowlingBash","ColorlessPotion","JustLucky"],"campfire_rested":1,"item_purchase_floors":[4,4,10,12],"current_hp_per_floor":[72,61,61,61,61,61,61,9,9,9,9,9,30,30,30,5,72,39,39,39,39,26,26,0,0],"gold":149,"neow_bonus":"THREE_ENEMY_KILL","is_daily":false,"chose_seed":false,"campfire_upgraded":3,"win_rate":0.0,"timestamp":1610261335,"path_taken":["M","?","?","$","M","E","R","E","T","$","M","$","R","M","R","BOSS","M","?","?","?","M","R","E"],"items_purchased_type":["Card","Card","Potion","Card"],"build_version":"2020-12-22","purchased_purges":0,"victory":false,"max_hp_per_floor":[72,72,72,72,72,72,72,72,72,72,72,72,72,72,72,72,72,72,72,72,72,72,72,72,72],"relic_stats":{"counters":[10,42],"Sundial":[6],"obtain_stats":[{"NeowsBlessing":0,"Sundial":6,"SacredBark":17,"The Courier":8,"PureWater":0},{"NeowsBlessing":0,"Sundial":3,"SacredBark":7,"The Courier":4,"PureWater":0},{"NeowsBlessing":0,"Sundial":4,"SacredBark":24,"The Courier":10,"PureWater":0}]},"card_choices":[{"not_picked":["CrushJoints","SashWhip"],"picked":"MarkedMod:GentlePulse","floor":1.0},{"not_picked":["Consecrate","BattleHymn"],"picked":"Wireheading","floor":5.0},{"not_picked":["Halt","Judgement"],"picked":"LikeWater","floor":6.0},{"not_picked":["FlurryOfBlows","Crescendo"],"picked":"Consecrate","floor":8.0},{"not_picked":["FollowUp","ReachHeaven"],"picked":"Weave","floor":11.0},{"not_picked":["EmptyBody","FlurryOfBlows","Consecrate"],"picked":"SKIP","floor":14.0},{"not_picked":["Brilliance","LessonLearned"],"picked":"MarkedMod:SlowDance","floor":16.0},{"not_picked":["Worship","Protect"],"picked":"ThirdEye","floor":18.0},{"not_picked":["FlurryOfBlows","SashWhip"],"picked":"FollowUp+1","floor":22.0}],"player_experience":568821,"relics_obtained":[{"floor":6.0,"key":"Sundial"},{"floor":8.0,"key":"The Courier"}],"event_choices":[{"damage_healed":0.0,"max_hp_gain":0.0,"max_hp_loss":0.0,"gold_gain":75.0,"event_name":"World of Goop","player_choice":"Gather Gold","floor":2.0,"gold_loss":0.0,"damage_taken":11.0},{"cards_removed":["Strike_P"],"damage_healed":0.0,"max_hp_gain":0.0,"max_hp_loss":0.0,"gold_gain":0.0,"event_name":"The Cleric","player_choice":"Card Removal","floor":3.0,"gold_loss":50.0,"damage_taken":0.0},{"damage_healed":0.0,"max_hp_gain":0.0,"max_hp_loss":0.0,"gold_gain":0.0,"event_name":"Back to Basics","player_choice":"Simplicity","floor":19.0,"gold_loss":0.0,"damage_taken":0.0,"cards_upgraded":["Strike_P","Strike_P","Strike_P","Defend_P","Defend_P","Defend_P","Defend_P"]},{"damage_healed":0.0,"max_hp_gain":0.0,"max_hp_loss":0.0,"gold_gain":0.0,"event_name":"The Library","player_choice":"Read","floor":20.0,"gold_loss":0.0,"damage_taken":0.0,"cards_obtained":["PathToVictory"]},{"damage_healed":0.0,"max_hp_gain":0.0,"max_hp_loss":0.0,"gold_gain":0.0,"event_name":"The Woman in Blue","player_choice":"Bought 2 Potions","floor":21.0,"gold_loss":0.0,"damage_taken":0.0}],"is_beta":false,"boss_relics":[{"not_picked":["Sozu","Runic Dome"],"picked":"SacredBark"}],"items_purged_floors":[],"is_endless":false,"potions_floor_spawned":[6,14,16],"killed_by":"Book of Stabbing","ascension_level":4}}