{"host":"udyc8f81k2jocuhg","time":1610305661,"event":{"mods":["2.2 Compatiblity","BaseMod","Better Third Choice","Colored Powertips","Conspire","Custom Start","GifTheSpireLib","Hermit","Minty Spire (QoL Compilation)","Permanent Neow","Quick Restart","Relic Filter","Relic Stats","Replay The Spire","Shop Mod","Spikes Relics","StSLib","Stuff the Spire"],"gold_per_floor":[129,158,158,192,203,233,7,7,7],"floor_reached":8,"playtime":535,"items_purged":[],"score":67,"play_id":"d5767cc7-daa0-42e9-bbc5-1f1edaf77af6","local_time":"20210110200741","is_ascension_mode":true,"campfire_choices":[],"circlet_count":0,"master_deck":["hermit:Strike_Hermit","hermit:Strike_Hermit","hermit:Strike_Hermit","hermit:Strike_Hermit","hermit:Defend_Hermit","hermit:Defend_Hermit","hermit:Defend_Hermit","hermit:Defend_Hermit","hermit:Snapshot","hermit:Covet","Defend_G","hermit:DeadOrAlive","hermit:Determination","hermit:EternalForm","hermit:Maintenance","hermit:TakeAim"],"relics":["hermit:Momento","Art of War","Blood Vial"],"acts_visited":["Exordium"],"potions_floor_usage":[8,8],"damage_taken":[{"damage":1.0,"enemies":"Cultist","floor":1.0,"turns":3.0},{"damage":7.0,"enemies":"Small Slimes","floor":2.0,"turns":2.0},{"damage":4.0,"enemies":"Jaw Worm","floor":4.0,"turns":4.0},{"damage":0.0,"enemies":"Lots of Slimes","floor":5.0,"turns":1.0},{"damage":46,"enemies":"Gremlin Nob","floor":6,"turns":5},{"damage":22,"enemies":"3 Sentries","floor":8,"turns":4}],"seed_played":"-7874898115358666648","potions_obtained":[{"floor":1.0,"key":"AttackPotion"},{"floor":4.0,"key":"PowerPotion"},{"floor":6,"key":"Adrenaline Potion"}],"is_trial":false,"path_per_floor":["M","M","?","M","M","E","$","E"],"character_chosen":"HERMIT","items_purchased":["Blood Vial","hermit:TakeAim"],"campfire_rested":0,"item_purchase_floors":[7,7],"current_hp_per_floor":[74,67,67,63,63,17,17,0,0],"gold":7,"neow_bonus":"THREE_RARE_CARDS","is_daily":false,"chose_seed":false,"campfire_upgraded":0,"win_rate":0.0,"timestamp":1610305661,"path_taken":["M","M","?","M","M","E","$","E"],"items_purchased_type":["Relic","Card"],"build_version":"2020-12-22","purchased_purges":0,"victory":false,"max_hp_per_floor":[75,75,75,75,75,75,75,75,75],"relic_stats":{"Blood Vial":2,"counters":[6,19],"Art of War":[0],"obtain_stats":[{"Blood Vial":7,"Art of War":6,"hermit:Momento":0},{"Blood Vial":5,"Art of War":5,"hermit:Momento":0},{"Blood Vial":15,"Art of War":15,"hermit:Momento":0}]},"card_choices":[{"not_picked":["hermit:Magnum","hermit:Adapt"],"picked":"hermit:DeadOrAlive","floor":0.0},{"not_picked":["hermit:Spite","hermit:Desperado"],"picked":"hermit:Determination","floor":1.0},{"not_picked":["hermit:Shortfuse","hermit:Feint","hermit:Quickdraw"],"picked":"SKIP","floor":2.0},{"not_picked":["hermit:Desperado","hermit:Virtue","hermit:Glare"],"picked":"SKIP","floor":4.0},{"not_picked":["hermit:LuckOfTheDraw","hermit:Manifest"],"picked":"hermit:EternalForm","floor":5.0},{"not_picked":["hermit:Manifest","hermit:Glare"],"picked":"hermit:Maintenance","floor":6}],"player_experience":1971051,"relics_obtained":[{"floor":6,"key":"Art of War"}],"event_choices":[{"cards_removed":["Strike_P"],"damage_healed":0.0,"max_hp_gain":0.0,"max_hp_loss":0.0,"gold_gain":0.0,"event_name":"Purifier","player_choice":"Purged","floor":3.0,"gold_loss":0.0,"damage_taken":0.0}],"is_beta":false,"boss_relics":[],"items_purged_floors":[],"is_endless":false,"potions_floor_spawned":[1,4,6],"killed_by":"3 Sentries","ascension_level":3}}