{"host":"yii5it3292r9xs7s","time":1610259759,"event":{"mods":["ATMod(°¢èªMod)","Act Like it!","BaseMod","Better Vampires","Colored Powertips","Energized Spire","Hallownest","Minty Spire (QoL Compilation)","Red Circlet Mod","Relic Stats","StSLib","The Bug Knight","noobMod","¡¾¹¦ÄÜMod¡¿»ìãçÖ®»·ÐÞ¸´²¹¶¡","¡¾ÒÅÎï¿¨ÅÆ¡¿REMEMod","óô»ðÖ¸ÄÏ"],"gold_per_floor":[112,132,62,62,74,102,102,102,125,141,141,141,158,158,158,261,261,272,292,292,292,309,77,88,88,115,126,126,46,79,79,79,182,182,198,198,409,422,633,868,885,477,501,501,346,180,196,408,3,3],"floor_reached":51,"playtime":3645,"items_purged":["Pain"],"score":924,"play_id":"c0fe5073-3466-4d1a-945f-429b45931ef1","local_time":"20210110142239","is_ascension_mode":false,"campfire_choices":[{"data":"AT_ShrugMaster","floor":7.0,"key":"SMITH"},{"data":"Metamorphosis","floor":11.0,"key":"SMITH"},{"data":"AT_CaressingTears","floor":15.0,"key":"SMITH"},{"data":"AT_Dispersion","floor":25,"key":"SMITH"},{"data":"REME_Fury","floor":32,"key":"SMITH"}],"circlet_count":0,"master_deck":["Strike_R","Strike_R+1","Strike_R","Strike_R","Strike_R","Bash+1","AT_ShrugMaster+1","Metamorphosis+1","Shrug It Off","AT_BodySlamDance","Fire Breathing","AT_Dispersion+1","AT_ManFootWork","Hallownest:skillLeafShield","Hallownest:skillLeafShield","Hallownest:skillLeafShield","Hallownest:skillLeafShield","Hallownest:skillLeafShield+1","AT_CaressingTears+1","Demon Form","Hallownest:pwrSporeShroom","Feel No Pain","Dual Wield+1","Demon Form","REME_Fury+1","Hallownest:skillCityofTearsMap","Rupture","Brutality","Warcry+1","Clumsy","Regret","REME_MawOfCthun","AT_BreakingExtremeWeapon","Injury","REME_Fury+1"],"relics":["Burning Blood","REME_ComplimentaryCards","ice","AT_ATBox","Hallownest:StagBellRelic1","Hallownest:DreamNailRelic","Orichalcum","Hallownest:SalubrasBlessingRelic","AT_ChloranthyRing","AT_SunfireAegis","Philosopher\u0027s Stone","AT_BellDemon","AT_TimeSand","Bottled Lightning","Ancient Tea Set","Hallownest:WatcherSealRelic","Pen Nib","REME_DemonsWealth","AT_GuinsooRageblade","REME_HandOfSuture","Kunai","AT_Manta","AT_ArchangelStaff","Whetstone","War Paint","Potion Belt","AT_SpeedBoots","Juzu Bracelet","Anchor","Dream Catcher","Mummified Hand","DollysMirror"],"acts_visited":["Hallownest:Greenpath","Hallownest:CityofTears","Hallownest:KingdomsEdge"],"potions_floor_usage":[24],"damage_taken":[{"damage":8.0,"enemies":"Hallownest:2_Baldur","floor":1.0,"turns":5.0},{"damage":6.0,"enemies":"Hallownest:2_Tiktiks_and_1_Crawlid","floor":2.0,"turns":4.0},{"damage":1.0,"enemies":"Hallownest:monsterHuskWarrior","floor":5.0,"turns":4.0},{"damage":20.0,"enemies":"Hallownest:eliteCrystalGuardian","floor":6.0,"turns":4.0},{"damage":8.0,"enemies":"Hallownest:monsterFoolEater","floor":10.0,"turns":3.0},{"damage":0.0,"enemies":"Hallownest:MossCreep_and_Mosskin","floor":13.0,"turns":4.0},{"damage":7,"enemies":"Hallownest:BossBrokenVessel","floor":16,"turns":8},{"damage":5,"enemies":"Hallownest:2_Mistakes","floor":18,"turns":5},{"damage":11,"enemies":"Hallownest:Guard_and_Sentry","floor":19,"turns":5},{"damage":18,"enemies":"Hallownest:3_Mistakes","floor":22,"turns":5},{"damage":9,"enemies":"Hallownest:monsterMisterMushroom","floor":24,"turns":7},{"damage":51,"enemies":"Hallownest:Master_and_Novice","floor":27,"turns":5},{"damage":58,"enemies":"Hallownest:eliteWatcherKnight","floor":30,"turns":9},{"damage":28,"enemies":"Hallownest:BossSoulMaster","floor":33,"turns":5},{"damage":52,"enemies":"Hallownest:2_Littles","floor":35,"turns":4},{"damage":41,"enemies":"Hallownest:3_Siblings","floor":37,"turns":4},{"damage":24,"enemies":"Hallownest:monsterPrimalAspid","floor":38,"turns":2},{"damage":14,"enemies":"Hallownest:2_Soldiers_and_1_Guardian","floor":39,"turns":3},{"damage":1,"enemies":"Hallownest:StalkingDevout","floor":40,"turns":2},{"damage":11,"enemies":"Hallownest:Shield_Sturdy","floor":41,"turns":2},{"damage":1,"enemies":"Hallownest:monsterPrimalAspid","floor":47,"turns":2},{"damage":0,"enemies":"Hallownest:2_Wandering_and_1_Horned","floor":48,"turns":3},{"damage":0,"enemies":"Hallownest:Radiance","floor":50,"turns":2}],"seed_played":"-279290340891408916","potions_obtained":[{"floor":10.0,"key":"SpeedPotion"},{"floor":13.0,"key":"SkillPotion"},{"floor":16,"key":"Strength Potion"},{"floor":18,"key":"Dexterity Potion"},{"floor":24,"key":"SteroidPotion"},{"floor":33,"key":"PowerPotion"},{"floor":47,"key":"Strength Potion"}],"is_trial":false,"path_per_floor":["M","M","?","?","M","E","R","?","T","M","R","?","M","T","R","B",null,"M","M","?","?","M","R","M","R","T","M","$","?","E","?","R","B",null,"M","?","M","M","M","E","M","$","T","?","$","R","M","M","R","B",null],"character_chosen":"IRONCLAD","items_purchased":["Dual Wield","Demon Form","Potion Belt","REME_MawOfCthun","Juzu Bracelet","AT_BreakingExtremeWeapon","Mummified Hand","DollysMirror"],"campfire_rested":0,"item_purchase_floors":[23,23,42,42,45,46,49,49],"current_hp_per_floor":[86,86,86,86,88,74,74,74,74,72,72,72,78,78,78,77,88,88,83,79,79,75,75,72,72,72,27,27,27,56,56,56,42,100,54,69,34,112,104,109,104,104,104,104,104,104,109,115,115,121],"gold":3,"neow_bonus":"TEN_PERCENT_HP_BONUS","is_daily":false,"chose_seed":false,"campfire_upgraded":5,"win_rate":0.0,"timestamp":1610259759,"path_taken":["M","M","?","?","?","E","R","?","T","M","R","?","M","?","R","BOSS","M","?","?","?","?","R","M","R","T","M","?","?","E","?","R","BOSS","M","?","M","M","M","E","M","$","T","?","?","R","M","M","R","BOSS"],"items_purchased_type":["Card","Card","Relic","Card","Relic","Card","Relic","Relic"],"build_version":"2020-12-22","purchased_purges":1,"victory":true,"max_hp_per_floor":[88,88,88,88,88,88,88,88,88,88,88,88,88,88,88,88,88,88,88,88,88,88,88,88,88,88,88,88,88,95,95,95,100,100,107,107,110,112,115,119,120,120,120,120,120,120,123,124,124,126],"relic_stats":{"Dream Catcher":0,"counters":[23,97],"Mummified Hand":[5],"Pen Nib":[7],"Juzu Bracelet":0,"Kunai":[12],"Whetstone":["Strike_R","Bash"],"Orichalcum":[66],"War Paint":["Hallownest:skillLeafShield","Dual Wield"],"obtain_stats":[{"AT_BellDemon":26,"Hallownest:StagBellRelic1":3,"AT_ATBox":0,"ice":0,"Hallownest:DreamNailRelic":4,"AT_TimeSand":27,"Juzu Bracelet":45,"Whetstone":40,"Ancient Tea Set":30,"AT_ArchangelStaff":40,"Burning Blood":0,"REME_DemonsWealth":34,"Dream Catcher":48,"Mummified Hand":49,"DollysMirror":49,"Philosopher\u0027s Stone":17,"Kunai":38,"AT_GuinsooRageblade":35,"AT_ChloranthyRing":9,"Potion Belt":42,"Hallownest:SalubrasBlessingRelic":8,"AT_Manta":39,"Pen Nib":33,"Orichalcum":6,"War Paint":41,"Hallownest:WatcherSealRelic":31,"AT_SpeedBoots":43,"Anchor":47,"REME_HandOfSuture":37,"Bottled Lightning":30,"AT_SunfireAegis":14,"REME_ComplimentaryCards":0},{"AT_BellDemon":11,"Hallownest:StagBellRelic1":2,"AT_ATBox":0,"ice":0,"Hallownest:DreamNailRelic":2,"AT_TimeSand":12,"Juzu Bracelet":20,"Whetstone":19,"Ancient Tea Set":13,"AT_ArchangelStaff":19,"Burning Blood":0,"REME_DemonsWealth":14,"Dream Catcher":22,"Mummified Hand":22,"DollysMirror":22,"Philosopher\u0027s Stone":7,"Kunai":17,"AT_GuinsooRageblade":15,"AT_ChloranthyRing":4,"Potion Belt":20,"Hallownest:SalubrasBlessingRelic":4,"AT_Manta":18,"Pen Nib":14,"Orichalcum":4,"War Paint":20,"Hallownest:WatcherSealRelic":13,"AT_SpeedBoots":20,"Anchor":21,"REME_HandOfSuture":16,"Bottled Lightning":13,"AT_SunfireAegis":6,"REME_ComplimentaryCards":0},{"AT_BellDemon":54,"Hallownest:StagBellRelic1":9,"AT_ATBox":0,"ice":0,"Hallownest:DreamNailRelic":9,"AT_TimeSand":59,"Juzu Bracelet":90,"Whetstone":88,"Ancient Tea Set":68,"AT_ArchangelStaff":88,"Burning Blood":0,"REME_DemonsWealth":73,"Dream Catcher":95,"Mummified Hand":95,"DollysMirror":95,"Philosopher\u0027s Stone":32,"Kunai":83,"AT_GuinsooRageblade":77,"AT_ChloranthyRing":17,"Potion Belt":90,"Hallownest:SalubrasBlessingRelic":17,"AT_Manta":86,"Pen Nib":73,"Orichalcum":17,"War Paint":90,"Hallownest:WatcherSealRelic":68,"AT_SpeedBoots":90,"Anchor":92,"REME_HandOfSuture":81,"Bottled Lightning":68,"AT_SunfireAegis":24,"REME_ComplimentaryCards":0}],"Burning Blood":123},"card_choices":[{"not_picked":["Flex","Combust"],"picked":"Shrug It Off","floor":1.0},{"not_picked":["Flex","Cleave"],"picked":"AT_BodySlamDance","floor":2.0},{"not_picked":["Armaments","Cleave"],"picked":"Fire Breathing","floor":5.0},{"not_picked":["Hemokinesis","Dropkick"],"picked":"AT_Dispersion","floor":6.0},{"not_picked":["Whirlwind","Flame Barrier"],"picked":"AT_ManFootWork","floor":10.0},{"not_picked":["Perfected Strike","Twin Strike"],"picked":"AT_CaressingTears","floor":13.0},{"not_picked":["Corruption","Juggernaut"],"picked":"Demon Form","floor":16},{"not_picked":["True Grit","Carnage","Whirlwind"],"picked":"SKIP","floor":18},{"not_picked":["Iron Wave","Sever Soul","Body Slam"],"picked":"SKIP","floor":19},{"not_picked":["Iron Wave+1","Intimidate"],"picked":"Feel No Pain","floor":22},{"not_picked":["Whirlwind","Reckless Charge+1","Power Through"],"picked":"SKIP","floor":24},{"not_picked":["Pommel Strike","Carnage"],"picked":"REME_Fury","floor":27},{"not_picked":["Twin Strike","Shrug It Off+1"],"picked":"Rupture","floor":30},{"not_picked":["REME_TheLastStrike","Demon Form"],"picked":"Brutality","floor":33},{"not_picked":["AT_ManFootWork","Clothesline","Normality"],"picked":"Warcry+1","floor":35},{"not_picked":["Clothesline","Feel No Pain+1","AT_IchimonjiDouble+1"],"picked":"Clumsy","floor":37},{"not_picked":["Sword Boomerang+1","True Grit+1","Searing Blow","Normality"],"picked":"SKIP","floor":38},{"not_picked":["True Grit+1","Metallicize","AT_BodySlamDance"],"picked":"Pain","floor":39},{"not_picked":["Brutality","Anger","Sword Boomerang+1"],"picked":"Regret","floor":40},{"not_picked":["Carnage+1","Cleave","Uppercut+1","Normality"],"picked":"SKIP","floor":41},{"not_picked":["Uppercut+1","Armaments+1","Cleave+1","Clumsy"],"picked":"SKIP","floor":47},{"not_picked":["Flex","Thunderclap","Sever Soul+1"],"picked":"Injury","floor":48}],"player_experience":17930,"relics_obtained":[{"floor":6.0,"key":"Orichalcum"},{"floor":9.0,"key":"AT_ChloranthyRing"},{"floor":14.0,"key":"AT_SunfireAegis"},{"floor":26,"key":"AT_BellDemon"},{"floor":27,"key":"AT_TimeSand"},{"floor":30,"key":"Bottled Lightning"},{"floor":30,"key":"Ancient Tea Set"},{"floor":33,"key":"Pen Nib"},{"floor":35,"key":"AT_GuinsooRageblade"},{"floor":37,"key":"REME_HandOfSuture"},{"floor":38,"key":"Kunai"},{"floor":39,"key":"AT_Manta"},{"floor":40,"key":"AT_ArchangelStaff"},{"floor":40,"key":"Whetstone"},{"floor":41,"key":"War Paint"},{"floor":43,"key":"AT_SpeedBoots"},{"floor":47,"key":"Anchor"},{"floor":48,"key":"Dream Catcher"}],"event_choices":[],"is_beta":false,"boss_relics":[{"not_picked":["Busted Crown","Runic Pyramid"],"picked":"Philosopher\u0027s Stone"},{"not_picked":["SlaversCollar","AT_MortalBlade"],"picked":"REME_DemonsWealth"}],"items_purged_floors":[42],"is_endless":false,"potions_floor_spawned":[10,13,16,18,19,24,33,37,38,40,47],"ascension_level":0}}