{"host":"jm9833yuloeli2yd","time":1610297626,"event":{"mods":["BaseMod","Better Altar","Better Match","Better Note","Better Sensory Stone","Better Skull","Better Third Choice","Better Vampires","BetterRewards","Colored Map","Colored Powertips","DeckTracker","Minty Spire (QoL Compilation)","Permanent Neow","Quick Restart","Slay-I","StSLib","SuperFastMode"],"gold_per_floor":[119,119,136,149,163,188,34,48,48,80,80,106,106,117,117,193,193,210,45,62,80,280,305,305,339,339,356,385,398,398,10,10,86,86,96,96,0,25,44,69,344,214,214,226,16,30,49,74,74,74,74],"floor_reached":50,"playtime":1803,"items_purged":["Strike_G","Strike_G","Regret","Strike_G"],"score":1868,"play_id":"a22a024b-f898-4e3f-9381-dec9845582d5","local_time":"20210110115346","is_ascension_mode":true,"campfire_choices":[{"data":"Apotheosis","floor":15.0,"key":"SMITH"},{"data":"Adrenaline","floor":24.0,"key":"SMITH"},{"data":"Terror","floor":32.0,"key":"SMITH"},{"floor":49,"key":"RECALL"}],"circlet_count":0,"master_deck":["AscendersBane","Strike_G","Strike_G","Defend_G","Defend_G","Defend_G","Defend_G","Survivor","Neutralize","Apotheosis+1","Noxious Fumes","Blur","Dagger Throw","Terror+1","Dagger Spray","Poisoned Stab","Catalyst","Adrenaline+1","Finisher+1","Blade Dance","Die Die Die+1","Endless Agony+1","Escape Plan","Well Laid Plans","Footwork","Eviscerate+1","Acrobatics","Adrenaline+1","Backflip","Venomology","Dodge and Roll","Madness","Madness","Escape Plan","PiercingWail+1","Footwork","PiercingWail","Catalyst"],"relics":["Ring of the Snake","Ancient Tea Set","Pen Nib","Happy Flower","Molten Egg 2","Coffee Dripper","Sling","Gambling Chip","Sundial","Pocketwatch","Smiling Mask","Bag of Preparation","OrangePellets","SlaversCollar","Red Mask","The Specimen","StoneCalendar","Vajra","Oddly Smooth Stone"],"acts_visited":["Exordium","TheCity","TheBeyond"],"potions_floor_usage":[33,35,39,39,40,44,46,47,50,50],"damage_taken":[{"damage":1.0,"enemies":"2 Louse","floor":1.0,"turns":3.0},{"damage":1.0,"enemies":"Cultist","floor":3.0,"turns":5.0},{"damage":1.0,"enemies":"Small Slimes","floor":4.0,"turns":3.0},{"damage":0.0,"enemies":"Looter","floor":5.0,"turns":3.0},{"damage":0.0,"enemies":"Lagavulin","floor":6.0,"turns":5.0},{"damage":4.0,"enemies":"Lots of Slimes","floor":8.0,"turns":3.0},{"damage":18.0,"enemies":"3 Sentries","floor":10.0,"turns":7.0},{"damage":0.0,"enemies":"Exordium Thugs","floor":11.0,"turns":1.0},{"damage":7.0,"enemies":"Lagavulin","floor":12.0,"turns":5.0},{"damage":0.0,"enemies":"Exordium Wildlife","floor":14.0,"turns":3.0},{"damage":0.0,"enemies":"Slime Boss","floor":16.0,"turns":5.0},{"damage":0.0,"enemies":"Chosen","floor":18.0,"turns":2.0},{"damage":16.0,"enemies":"Shell Parasite","floor":20.0,"turns":3.0},{"damage":11.0,"enemies":"Centurion and Healer","floor":21.0,"turns":4.0},{"damage":9.0,"enemies":"Slavers","floor":23.0,"turns":4.0},{"damage":0.0,"enemies":"Gremlin Leader","floor":25.0,"turns":2.0},{"damage":0.0,"enemies":"Snecko","floor":27.0,"turns":1.0},{"damage":0.0,"enemies":"Book of Stabbing","floor":28.0,"turns":2.0},{"damage":3.0,"enemies":"3 Cultists","floor":29.0,"turns":4.0},{"damage":9,"enemies":"Automaton","floor":33,"turns":7},{"damage":8,"enemies":"Orb Walker","floor":35,"turns":2},{"damage":0,"enemies":"Mind Bloom Boss Battle","floor":38,"turns":5},{"damage":0,"enemies":"3 Darklings","floor":39,"turns":2},{"damage":0,"enemies":"Giant Head","floor":40,"turns":5},{"damage":27,"enemies":"4 Shapes","floor":44,"turns":4},{"damage":0,"enemies":"Sphere and 2 Shapes","floor":46,"turns":7},{"damage":0,"enemies":"Writhing Mass","floor":47,"turns":6},{"damage":0,"enemies":"Nemesis","floor":48,"turns":5},{"damage":50,"enemies":"Awakened One","floor":50,"turns":8}],"seed_played":"-7571086161927464077","potions_obtained":[{"floor":4.0,"key":"DistilledChaos"},{"floor":8.0,"key":"SmokeBomb"},{"floor":10.0,"key":"Strength Potion"},{"floor":16.0,"key":"Swift Potion"},{"floor":18.0,"key":"PowerPotion"},{"floor":23.0,"key":"CunningPotion"},{"floor":25.0,"key":"Fruit Juice"},{"floor":29.0,"key":"Explosive Potion"},{"floor":33,"key":"FairyPotion"},{"floor":39,"key":"Block Potion"},{"floor":44,"key":"GamblersBrew"}],"is_trial":false,"path_per_floor":["M","?","M","M","M","E","$","M","T","E","M","E","?","M","R","B",null,"M","$","M","M","?","E","R","E","T","M","E","M","?","$","R","B",null,"M","?","?","?","M","E","?","$","T","M","$","M","M","E","R","B"],"character_chosen":"THE_SILENT","items_purchased":["Apotheosis","Noxious Fumes","Poison Potion","Poisoned Stab","Sling","Bag of Preparation","OrangePellets","Backflip","Footwork","Vajra"],"campfire_rested":0,"item_purchase_floors":[0,0,0,7,19,31,31,31,42,45],"current_hp_per_floor":[51,51,50,49,49,49,49,45,45,27,27,20,25,25,25,25,60,60,60,44,33,33,24,24,24,24,24,24,21,21,21,21,17,61,53,39,39,39,39,39,39,39,39,12,12,12,12,12,12,0,0],"gold":74,"neow_bonus":"","is_daily":false,"chose_seed":false,"campfire_upgraded":3,"win_rate":0.0,"timestamp":1610297626,"path_taken":["M","?","M","?","M","E","$","M","T","E","M","E","?","M","R","BOSS","M","$","M","M","?","E","R","E","T","?","E","M","?","?","R","BOSS","M","?","?","?","?","E","?","$","T","?","?","M","M","E","R","BOSS"],"items_purchased_type":["Card","Card","Potion","Card","Relic","Relic","Relic","Card","Card","Relic"],"build_version":"2020-12-22","purchased_purges":4,"victory":false,"max_hp_per_floor":[66,66,66,66,66,66,66,66,66,66,66,66,71,71,71,71,71,71,71,71,71,71,71,71,71,71,71,71,71,71,71,71,76,76,76,76,76,76,76,76,76,76,76,76,76,76,76,76,76,76,76],"card_choices":[{"not_picked":["Underhanded Strike","Deadly Poison"],"picked":"Blur","floor":1.0},{"not_picked":["PiercingWail","Backflip"],"picked":"Dagger Throw","floor":3.0},{"not_picked":["Underhanded Strike","Heel Hook"],"picked":"Terror","floor":4.0},{"not_picked":["Caltrops","Underhanded Strike","Deadly Poison"],"picked":"SKIP","floor":5.0},{"not_picked":["Accuracy","Expertise"],"picked":"Dagger Spray","floor":6.0},{"not_picked":["Backflip","Slice"],"picked":"Catalyst","floor":8.0},{"not_picked":["Quick Slash","Setup"],"picked":"Adrenaline","floor":10.0},{"not_picked":["Bouncing Flask","Poisoned Stab+1"],"picked":"Finisher+1","floor":12.0},{"not_picked":["Prepared","Backflip"],"picked":"Blade Dance","floor":14.0},{"not_picked":["Malaise","After Image"],"picked":"Die Die Die+1","floor":16.0},{"not_picked":["Poisoned Stab+1","Prepared","Outmaneuver"],"picked":"SKIP","floor":18.0},{"not_picked":["Slice+1","Backflip"],"picked":"Endless Agony+1","floor":20.0},{"not_picked":["Endless Agony+1","Outmaneuver"],"picked":"Escape Plan","floor":21.0},{"not_picked":["Riddle With Holes+1","Acrobatics"],"picked":"Well Laid Plans","floor":23.0},{"not_picked":["Cloak And Dagger","Concentrate"],"picked":"Footwork","floor":25.0},{"not_picked":["Crippling Poison","Dagger Spray+1"],"picked":"Eviscerate+1","floor":27.0},{"not_picked":["Riddle With Holes+1","Outmaneuver+1","Skewer+1"],"picked":"SKIP","floor":28.0},{"not_picked":["Bane+1","Slice+1"],"picked":"Acrobatics","floor":29.0},{"not_picked":["Unload+1","Storm of Steel"],"picked":"Venomology","floor":33},{"not_picked":["Crippling Poison","Underhanded Strike+1"],"picked":"Dodge and Roll","floor":35},{"not_picked":["Masterful Stab+1","Well Laid Plans"],"picked":"Escape Plan","floor":39},{"not_picked":["Expertise","Outmaneuver+1"],"picked":"PiercingWail+1","floor":40},{"not_picked":["Reflex","Bane+1"],"picked":"PiercingWail","floor":44},{"not_picked":["Terror+1","Tactician","Choke+1"],"picked":"SKIP","floor":46},{"not_picked":["Reflex","Blade Dance+1","Quick Slash+1"],"picked":"SKIP","floor":47},{"not_picked":["Infinite Blades+1","Die Die Die+1"],"picked":"Catalyst","floor":48}],"player_experience":1298144,"relics_obtained":[{"floor":6.0,"key":"Ancient Tea Set"},{"floor":9.0,"key":"Pen Nib"},{"floor":10.0,"key":"Happy Flower"},{"floor":12.0,"key":"Molten Egg 2"},{"floor":23.0,"key":"Gambling Chip"},{"floor":25.0,"key":"Sundial"},{"floor":26.0,"key":"Pocketwatch"},{"floor":28.0,"key":"Smiling Mask"},{"floor":38,"key":"The Specimen"},{"floor":40,"key":"StoneCalendar"},{"floor":48,"key":"Oddly Smooth Stone"}],"event_choices":[{"cards_removed":["Defend_G"],"damage_healed":0.0,"max_hp_gain":0.0,"max_hp_loss":0.0,"gold_gain":0.0,"event_name":"Purifier","player_choice":"Purged","floor":2.0,"gold_loss":0.0,"damage_taken":0.0},{"damage_healed":0.0,"max_hp_gain":5.0,"max_hp_loss":0.0,"gold_gain":0.0,"event_name":"Big Fish","player_choice":"Donut","floor":13.0,"gold_loss":0.0,"damage_taken":0.0},{"damage_healed":0.0,"max_hp_gain":0.0,"max_hp_loss":0.0,"gold_gain":200.0,"event_name":"Wheel of Change","player_choice":"Gold","floor":22.0,"gold_loss":0.0,"damage_taken":0.0},{"damage_healed":0.0,"max_hp_gain":0.0,"max_hp_loss":0.0,"gold_gain":0.0,"event_name":"Duplicator","player_choice":"Copied","floor":30.0,"gold_loss":0.0,"damage_taken":0.0,"cards_obtained":["Adrenaline"]},{"damage_healed":0,"gold_gain":0,"player_choice":"Embrace Madness","damage_taken":14,"max_hp_gain":0,"max_hp_loss":0,"event_name":"Winding Halls","floor":36,"gold_loss":0,"cards_obtained":["Madness","Madness"]},{"damage_healed":0,"gold_gain":0,"player_choice":"Paid","damage_taken":0,"relics_obtained":["Red Mask"],"max_hp_gain":0,"max_hp_loss":0,"event_name":"Tomb of Lord Red Mask","floor":37,"gold_loss":96},{"damage_healed":0,"gold_gain":0,"player_choice":"Fight","damage_taken":0,"max_hp_gain":0,"max_hp_loss":0,"event_name":"MindBloom","floor":38,"gold_loss":0},{"damage_healed":0,"gold_gain":275,"player_choice":"Desecrate","damage_taken":0,"max_hp_gain":0,"max_hp_loss":0,"event_name":"Golden Shrine","floor":41,"gold_loss":0,"cards_obtained":["Regret"]}],"is_beta":false,"boss_relics":[{"not_picked":["Runic Dome","Cursed Key"],"picked":"Coffee Dripper"},{"not_picked":["WristBlade","Black Star"],"picked":"SlaversCollar"}],"items_purged_floors":[0,7,42,45],"is_endless":false,"potions_floor_spawned":[4,8,10,11,16,18,23,25,29,33,38,39,44,48],"killed_by":"Awakened One","ascension_level":20}}