{"host":"irc1izoeqqttpzsx","time":1610278428,"event":{"mods":["2.2 Compatiblity","Act Like it!","Aspiration","Bard","BaseMod","Better Note","BetterRewards","Colored Map","Colored Powertips","Conspire","DeckTracker","Downfall","Duelist Mod","Filter the Spire","GifTheSpireLib","Hallownest","Highlight Path","Hubris","Infinite Spire","Jorbs\u0027s Wanderer Trilogy","Mad Scientist","Mimic Mod","Minty Spire (QoL Compilation)","Potionbrewer","Quick Restart","READ ME - Guardian Mod","Rare Cards Sparkle","Relic Sorter","Replay The Spire","Shop Mod","Spikes Relics","StSLib","SuperFastMode","The Bug Knight","The Construct","The Jungle","The Necromancer","The Servant 0.9.4","Trackpad","Uncapped"],"gold_per_floor":[115,115,187,203,215,215,115,129,129,394,408,437,437,437,437,536,536,556,569,39,56,396,421,421,421,421],"floor_reached":25,"playtime":934,"items_purged":["Strike_P","Defend_P","Defend_P","Strike_P","Defend_P"],"score":371,"play_id":"4b83b4a7-ca75-4491-aa15-3c9c4d8d64e7","local_time":"20210110063348","is_ascension_mode":false,"campfire_choices":[{"data":"Scrawl","floor":6,"key":"SMITH"},{"data":"ConjureBlade","floor":13,"key":"SMITH"},{"data":"Crescendo","floor":15,"key":"SMITH"},{"floor":24,"key":"REST"}],"circlet_count":0,"master_deck":["Strike_P","Defend_P","Eruption","Vigilance","ClearTheMind","Scrawl+1","LikeWater+1","Finesse","Replay:ManipulateFuture","Crescendo+1","LessonLearned+1","Consecrate+1","ConjureBlade+1","DevaForm+1","Replay:Battleflow+1","Replay:BluntJabs","Brilliance+1","FlurryOfBlows","BowlingBash+1"],"relics":["PureWater","theDuelist:BoosterPackPoolRelic","conspire:Boomerang","GoldenEye","infinitespire:EmpoweringShard","MerchantsRug","Simple Rune","Girya","conspire:DecoderRing","aspiration:Nostalgia","Replay:Rubber Ducky","Whetstone","ReplayTheSpireMod:TigerMarble","potionbrewer:MortarAndPestle","hubris:BundleOfHerbs"],"acts_visited":["Exordium","TheCity"],"potions_floor_usage":[16,25],"damage_taken":[{"damage":9,"enemies":"2 Louse","floor":1,"turns":2},{"damage":0,"enemies":"Cultist","floor":4,"turns":2},{"damage":0,"enemies":"Small Slimes","floor":5,"turns":2},{"damage":9,"enemies":"Gremlin Gang","floor":8,"turns":5},{"damage":0,"enemies":"2 Fungi Beasts","floor":11,"turns":2},{"damage":0,"enemies":"Lagavulin","floor":12,"turns":4},{"damage":0,"enemies":"Hexaghost","floor":16,"turns":5},{"damage":7,"enemies":"Shell Parasite","floor":18,"turns":3},{"damage":13,"enemies":"2 Thieves","floor":19,"turns":3},{"damage":10,"enemies":"Chosen and Byrds","floor":21,"turns":3},{"damage":16,"enemies":"Slavers","floor":23,"turns":4},{"damage":52,"enemies":"Nightmare","floor":25,"turns":3}],"seed_played":"4523861848616812228","potions_obtained":[{"floor":1,"key":"ColorlessPotion"},{"floor":12,"key":"Strength Potion"},{"floor":16,"key":"potionbrewer:MidasPotion"},{"floor":19,"key":"AttackPotion"},{"floor":21,"key":"Elixir"}],"is_trial":false,"path_per_floor":["M","?","$","M","M","R","$","M","T","$","M","E","R","?","R","B",null,"M","M","$","M","$","E","R","NM"],"character_chosen":"WATCHER","items_purchased":["GoldenEye","infinitespire:EmpoweringShard","LikeWater","MerchantsRug","Finesse","LessonLearned","Simple Rune","Girya","aspiration:Nostalgia","Replay:Rubber Ducky","Whetstone","Brilliance","ReplayTheSpireMod:TigerMarble","potionbrewer:MortarAndPestle","Strength Potion","FlurryOfBlows"],"campfire_rested":1,"item_purchase_floors":[3,3,3,3,3,10,10,10,20,20,20,20,22,22,22,22],"current_hp_per_floor":[42,42,42,42,42,42,42,33,33,33,33,33,33,33,33,33,72,65,52,52,42,42,26,47,0,0],"gold":421,"neow_bonus":"ONE_RARE_RELIC","is_daily":false,"chose_seed":false,"campfire_upgraded":3,"win_rate":0.0,"timestamp":1610278428,"path_taken":["M","?","$","M","M","R","?","M","T","$","?","E","R","?","R","BOSS","M","?","?","M","$","E","R","NM"],"items_purchased_type":["Relic","Relic","Card","Relic","Card","Card","Relic","Relic","Relic","Relic","Relic","Card","Relic","Relic","Potion","Card"],"build_version":"2020-12-22","purchased_purges":5,"victory":false,"max_hp_per_floor":[72,72,72,72,72,72,72,72,72,72,72,72,72,72,72,72,72,72,72,72,72,72,72,72,72,72],"card_choices":[{"not_picked":["DeceiveReality","ReachHeaven"],"picked":"ClearTheMind","floor":1},{"not_picked":["CrushJoints","SashWhip"],"picked":"Replay:ManipulateFuture","floor":4},{"not_picked":["ThirdEye","WreathOfFlame","SashWhip"],"picked":"SKIP","floor":5},{"not_picked":["EmptyMind","Replay:AtTheReady"],"picked":"Crescendo","floor":8},{"not_picked":["EmptyFist","Vengeance"],"picked":"Consecrate","floor":11},{"not_picked":["WheelKick","Replay:BluntJabs"],"picked":"ConjureBlade","floor":12},{"not_picked":["Omniscience","Establishment"],"picked":"DevaForm","floor":16},{"not_picked":["EmptyMind","Replay:ManipulateFuture"],"picked":"Replay:Battleflow+1","floor":18},{"not_picked":["ClearTheMind","Sanctity"],"picked":"Replay:BluntJabs","floor":19},{"not_picked":["Halt","MentalFortress","Fasting2"],"picked":"SKIP","floor":21},{"not_picked":["Evaluate","Replay:AtTheReady+1"],"picked":"BowlingBash+1","floor":23}],"player_experience":596859,"relics_obtained":[{"floor":12,"key":"conspire:DecoderRing"},{"floor":23,"key":"hubris:BundleOfHerbs"}],"event_choices":[{"damage_healed":0,"gold_gain":0,"cards_transformed":["Strike_P"],"player_choice":"Transformed","damage_taken":0,"max_hp_gain":0,"max_hp_loss":0,"event_name":"Transmorgrifier","floor":2,"gold_loss":0,"cards_obtained":["Scrawl"]},{"damage_healed":0,"gold_gain":0,"player_choice":"Leave","damage_taken":0,"max_hp_gain":0,"max_hp_loss":0,"event_name":"FaceTrader","floor":14,"gold_loss":0}],"is_beta":false,"boss_relics":[{"not_picked":["hubris:RunicObelisk","Snecko Eye"],"picked":"aspiration:RunicSpoon"}],"items_purged_floors":[3,7,10,20,22],"is_endless":false,"potions_floor_spawned":[1,12,16,19,21],"killed_by":"Nightmare","ascension_level":0}}