{"host":"56ghxnzsglgdq727","time":1610293862,"event":{"mods":["AchievementEnabler","BaseMod","Downfall","Duelist Mod","Hermit","Minty Spire (QoL Compilation)","Rare Cards Sparkle","StSLib","The Bug Knight","The Exalted","The Senshi","The Servant 0.9.4","The Wild Card"],"gold_per_floor":[12,12,12,30,42,72,72,72,72,72,72,86,97,97,97,201,201,111,129,129,129],"floor_reached":20,"playtime":831,"items_purged":[],"score":172,"play_id":"0de7d424-1d30-47c3-aa8c-c39184ffd044","local_time":"20210110105102","is_ascension_mode":false,"campfire_choices":[{"data":"theDuelist:BSkullDragon","floor":7,"key":"SMITH"},{"data":"theDuelist:CastleDragonSouls","floor":10,"key":"SMITH"},{"floor":15,"key":"REST"}],"circlet_count":0,"master_deck":["theDuelist:BabyDragon","theDuelist:CastleWalls","theDuelist:CastleWalls","theDuelist:CaveDragon","theDuelist:CaveDragon","theDuelist:LesserDragon","theDuelist:LesserDragon","theDuelist:Sparks","theDuelist:StormSparks","theDuelist:YamataDragon","theDuelist:BSkullDragon+1","theDuelist:CyberEndDragon","theDuelist:CastleDragonSouls+1","theDuelist:RedEyes","theDuelist:WhiteHowling+1","theDuelist:BusterDrake","theDuelist:SliferSky","theDuelist:CyberDragon+1"],"relics":["theDuelist:MillenniumPuzzle","theDuelist:CardPoolRelic","theDuelist:CardPoolBasicRelic","theDuelist:BoosterPackPoolRelic","theDuelist:CardPoolAddRelic","theDuelist:CardPoolMinusRelic","theDuelist:CardPoolSaveRelic","theDuelist:CardPoolOptionsRelic","Bottled Flame","theDuelist:BoosterPackTrapEgg","Inserter"],"acts_visited":["Exordium","TheCity"],"potions_floor_usage":[12,16,16,16,20],"damage_taken":[{"damage":4,"enemies":"Small Slimes","floor":1,"turns":3},{"damage":0,"enemies":"Cultist","floor":4,"turns":2},{"damage":0,"enemies":"2 Louse","floor":5,"turns":2},{"damage":31,"enemies":"Gremlin Nob","floor":6,"turns":6},{"damage":18,"enemies":"Large Slime","floor":12,"turns":4},{"damage":12,"enemies":"Red Slaver","floor":13,"turns":3},{"damage":16,"enemies":"Slime Boss","floor":16,"turns":7},{"damage":44,"enemies":"2 Thieves","floor":18,"turns":5},{"damage":25,"enemies":"Spheric Guardian","floor":19,"turns":6},{"damage":3,"enemies":"Spheric Guardian","floor":20,"turns":7}],"seed_played":"5895894797281326500","potions_obtained":[{"floor":1,"key":"theDuelist:VoidBottle"},{"floor":4,"key":"Dexterity Potion"},{"floor":6,"key":"Explosive Potion"},{"floor":13,"key":"theDuelist:BurningPotion"},{"floor":19,"key":"Weak Potion"}],"is_trial":false,"path_per_floor":["M","?","?","M","M","E","R","?","T","R","$","M","M","?","R","B",null,"M","M","?"],"character_chosen":"THE_DUELIST","items_purchased":[],"campfire_rested":1,"item_purchase_floors":[],"current_hp_per_floor":[76,76,80,80,80,49,49,49,49,49,49,31,19,19,43,27,80,36,11,8,8],"gold":129,"neow_bonus":"THREE_RARE_CARDS","is_daily":false,"chose_seed":false,"campfire_upgraded":2,"win_rate":0.0,"timestamp":1610293862,"path_taken":["M","?","?","?","M","E","R","?","T","R","$","M","M","?","R","BOSS","M","M","?"],"items_purchased_type":[],"build_version":"2020-12-22","purchased_purges":0,"victory":false,"max_hp_per_floor":[80,80,80,80,80,80,80,80,80,80,80,80,80,80,80,80,80,80,80,80,80],"card_choices":[{"not_picked":["theDuelist:ChimeratechOverdragon","theDuelist:SeismicShockwave"],"picked":"theDuelist:BSkullDragon","floor":0},{"not_picked":["theDuelist:LesserDragon","theDuelist:Freezadon","theDuelist:AquaDolphin","theDuelist:MadSwordBeast","theDuelist:AncientDragon"],"picked":"SKIP","floor":1},{"not_picked":["theDuelist:BlackPtera","theDuelist:BusterDrake","theDuelist:MythicWaterDragon","theDuelist:SuperancientDinobeast"],"picked":"theDuelist:CyberEndDragon","floor":4},{"not_picked":["theDuelist:SystemDown","theDuelist:Mountain","theDuelist:DragonRavine","theDuelist:SilverWing"],"picked":"theDuelist:CastleDragonSouls","floor":5},{"not_picked":["theDuelist:FiendSkull","theDuelist:BurstBreath"],"picked":"theDuelist:RedEyes","floor":6},{"not_picked":["theDuelist:TyrantWing+1","theDuelist:SystemDown","theDuelist:GalaxySoldier"],"picked":"theDuelist:WhiteHowling+1","floor":12},{"not_picked":["theDuelist:YamataDragon","theDuelist:MaskedDragon","theDuelist:SnowDragon","theDuelist:BlackVeloci"],"picked":"theDuelist:BusterDrake","floor":13},{"not_picked":["theDuelist:DoomkaiserDragon","theDuelist:BerserkScales","theDuelist:ArmedProtectorDragon","theDuelist:ArmageddonDragonEmp"],"picked":"theDuelist:SliferSky","floor":16},{"not_picked":["theDuelist:MadFlameKaiju","theDuelist:InfernityDoomDragon","theDuelist:CoralDragon","theDuelist:WingedDragonRa"],"picked":"theDuelist:CyberDragon+1","floor":18},{"not_picked":["theDuelist:CyberDinosaur","theDuelist:BlackStego","theDuelist:Earthquake","theDuelist:BeserkDragon","theDuelist:ArmedDragon5"],"picked":"SKIP","floor":19}],"player_experience":206326,"relics_obtained":[{"floor":6,"key":"Bottled Flame"},{"floor":9,"key":"theDuelist:BoosterPackTrapEgg"}],"event_choices":[{"total_magic_score":50,"gold_gain":0,"duelist":true,"damage_taken":0,"relics_obtained":[],"points":3,"max_hp_gain":0,"max_hp_loss":0,"spent_points":{"magic":3,"greed":0,"war":0,"power":0,"hunger":0},"event_name":"Nameless Tomb","floor":2,"gold_loss":0,"cards_obtained":[]},{"damage_healed":4,"gold_gain":0,"player_choice":"Full Heal","damage_taken":0,"max_hp_gain":0,"max_hp_loss":0,"event_name":"Wheel of Change","floor":3,"gold_loss":0},{"damage_healed":0,"gold_gain":0,"player_choice":"Leave","duelist":true,"damage_taken":0,"max_hp_gain":0,"max_hp_loss":0,"event_name":"Card Trader","floor":8,"gold_loss":0},{"total_magic_score":61,"gold_gain":0,"duelist":true,"damage_taken":0,"relics_obtained":[],"points":5,"max_hp_gain":0,"max_hp_loss":0,"spent_points":{"magic":0,"greed":0,"war":0,"power":0,"hunger":0},"event_name":"Nameless Tomb","floor":14,"gold_loss":0,"cards_obtained":[]},{"damage_healed":0,"gold_gain":0,"player_choice":"Fight","duelist":true,"damage_taken":0,"max_hp_gain":0,"max_hp_loss":0,"event_name":"Battle City","floor":20,"gold_loss":0}],"is_beta":false,"boss_relics":[{"not_picked":["Runic Pyramid","Runic Cube"],"picked":"Inserter"}],"items_purged_floors":[],"is_endless":false,"potions_floor_spawned":[1,4,6,13,19],"killed_by":"Spheric Guardian","ascension_level":0}}