{"host":"56ghxnzsglgdq727","time":1610301700,"event":{"mods":["AchievementEnabler","BaseMod","Downfall","Duelist Mod","Minty Spire (QoL Compilation)","Rare Cards Sparkle","StSLib","The Bug Knight","The Exalted","The Senshi","The Wild Card"],"gold_per_floor":[136,136,136,61,75,75,101,101,127,127,152,164,176,207,219,335,347,349,361,373,405,61,95,95,95,122,139,139,139,174,174,174,273,273,285,301,301,176,194,194,224,249,249,259,259,279,279,303,303,303,303],"floor_reached":50,"playtime":2164,"items_purged":["theDuelist:CurseAnubis","theDuelist:CastleWalls","Pain"],"score":552,"play_id":"cf38eda1-8955-48a8-85f0-bc1dac535217","local_time":"20210110130140","is_ascension_mode":false,"campfire_choices":[{"data":"theDuelist:SpellShatteringArrow","floor":6,"key":"SMITH"},{"data":"theDuelist:SpellShatteringArrow","floor":10,"key":"SMITH"},{"data":"theDuelist:DarkMagician","floor":12,"key":"SMITH"},{"floor":15,"key":"REST"},{"data":"theDuelist:PotForbidden","floor":24,"key":"SMITH"},{"data":"theDuelist:BookSecret","floor":29,"key":"SMITH"},{"data":"theDuelist:SpellShatteringArrow","floor":32,"key":"SMITH"},{"floor":40,"key":"REST"},{"floor":47,"key":"REST"},{"floor":49,"key":"REST"}],"circlet_count":0,"master_deck":["theDuelist:MysticalElf","theDuelist:SpellShatteringArrow+1","theDuelist:BookSecret+1","theDuelist:Sparks","theDuelist:NeoMagic","theDuelist:SpellShatteringArrow+1","theDuelist:DarkMagician+1","theDuelist:Sparks","theDuelist:Sparks","theDuelist:PotForbidden+1","theDuelist:SpellShatteringArrow+1","theDuelist:MysticalElf","theDuelist:CastleWalls","theDuelist:RainbowKuriboh","theDuelist:BookSecret","theDuelist:MythicalBeast+1","Writhe","Clumsy"],"relics":["theDuelist:MillenniumPuzzle","theDuelist:CardPoolRelic","theDuelist:CardPoolBasicRelic","theDuelist:BoosterPackPoolRelic","theDuelist:CardPoolAddRelic","theDuelist:CardPoolMinusRelic","theDuelist:CardPoolSaveRelic","theDuelist:CardPoolOptionsRelic","theDuelist:MillenniumScale","Odd Mushroom","Bronze Scales","MawBank","Bromod:ArcaneMomentum","Cursed Key","Anchor","Red Skull","theDuelist:ElectricKey","theDuelist:DuelistLetterOpener","theDuelist:DuelistTeaSet","theDuelist:BoosterBetterBoostersRelic","theDuelist:AeroRelic"],"acts_visited":["Exordium","TheCity","TheBeyond"],"potions_floor_usage":[11,16,18,27,30,36,41,50],"damage_taken":[{"damage":0,"enemies":"Small Slimes","floor":1,"turns":3},{"damage":0,"enemies":"2 Louse","floor":5,"turns":3},{"damage":31,"enemies":"The Mushroom Lair","floor":7,"turns":6},{"damage":4,"enemies":"HollowMod:MossKnight","floor":11,"turns":8},{"damage":0,"enemies":"Cultist","floor":14,"turns":3},{"damage":21,"enemies":"Hexaghost","floor":16,"turns":9},{"damage":9,"enemies":"2 Thieves","floor":18,"turns":5},{"damage":1,"enemies":"Shell Parasite","floor":21,"turns":5},{"damage":0,"enemies":"theDuelist:KaibaA2","floor":23,"turns":5},{"damage":7,"enemies":"Centurion and Healer","floor":27,"turns":5},{"damage":7,"enemies":"Book of Stabbing","floor":30,"turns":7},{"damage":40,"enemies":"Automaton","floor":33,"turns":10},{"damage":10,"enemies":"3 Darklings","floor":35,"turns":6},{"damage":19,"enemies":"Orb Walker","floor":36,"turns":3},{"damage":45,"enemies":"Spire Growth","floor":39,"turns":5},{"damage":0,"enemies":"Reptomancer","floor":41,"turns":6},{"damage":0,"enemies":"Sphere and 2 Shapes","floor":44,"turns":3},{"damage":2,"enemies":"3 Darklings","floor":46,"turns":4},{"damage":81,"enemies":"Donu and Deca","floor":50,"turns":7}],"seed_played":"-2308480937171512328","potions_obtained":[{"floor":1,"key":"theDuelist:BurningPotion"},{"floor":11,"key":"theDuelist:WhiteBottle"},{"floor":16,"key":"theDuelist:OrbBottle"},{"floor":23,"key":"Explosive Potion"},{"floor":27,"key":"theDuelist:CoolBottle"},{"floor":33,"key":"Swift Potion"},{"floor":39,"key":"theDuelist:SummonerBottle"},{"floor":46,"key":"hexamod:EctoCoolerPotion"}],"is_trial":false,"path_per_floor":["M","?","?","$","M","R","?","?","T","R","E","R","?","M","R","B",null,"M","$","?","M","$","E","R","?","T","M","?","R","E","?","R","B",null,"M","M","?","$","M","R","E","?","T","M","?","M","R","T","R","B"],"character_chosen":"THE_DUELIST","items_purchased":["theDuelist:PotForbidden","theDuelist:BookSecret"],"campfire_rested":4,"item_purchase_floors":[22,22],"current_hp_per_floor":[80,80,80,80,80,80,49,49,49,49,45,45,45,45,69,48,80,71,71,71,70,70,70,70,55,55,48,48,48,41,41,41,1,85,75,56,50,50,5,30,30,30,30,30,30,28,53,53,78,0,0],"gold":303,"neow_bonus":"THREE_CARDS","is_daily":false,"chose_seed":false,"campfire_upgraded":6,"win_rate":0.0,"timestamp":1610301700,"path_taken":["M","?","?","$","M","R","?","?","T","R","E","R","?","?","R","BOSS","M","$","?","M","$","E","R","?","T","M","?","R","E","?","R","BOSS","M","M","?","$","M","R","E","?","T","M","?","M","R","?","R","BOSS"],"items_purchased_type":["Card","Card"],"build_version":"2020-12-22","purchased_purges":3,"victory":false,"max_hp_per_floor":[80,80,80,80,80,80,80,80,80,80,80,80,80,80,80,80,80,80,80,80,80,80,80,80,85,85,85,85,85,85,85,85,85,85,85,85,85,85,85,85,85,85,85,85,85,85,85,85,85,85,85],"card_choices":[{"not_picked":["theDuelist:SilentDoom","theDuelist:InjectionFairy"],"picked":"theDuelist:SpellShatteringArrow","floor":0},{"not_picked":["theDuelist:ThousandEyesIdol","theDuelist:WhiteMagicalHat","theDuelist:DarkMagician","theDuelist:CrystalWingDragon"],"picked":"theDuelist:SpellShatteringArrow","floor":1},{"not_picked":["theDuelist:DarkHorizon","theDuelist:IcyCrevasse","theDuelist:BadReaction","theDuelist:StatueAnguishPattern","theDuelist:Graverobber"],"picked":"SKIP","floor":5},{"not_picked":["theDuelist:BattleOx","theDuelist:EarthquakeGiant","theDuelist:Sangan","theDuelist:DestroyerGolem","theDuelist:PowerGiant"],"picked":"SKIP","floor":11},{"not_picked":["theDuelist:DestroyerGolem","theDuelist:DummyGolem","theDuelist:GemArmadillo","theDuelist:LabyrinthWall","theDuelist:RainbowMagician"],"picked":"SKIP","floor":14},{"not_picked":["theDuelist:LightningDarts","theDuelist:Wiseman+1","theDuelist:MagicHoleGolem","theDuelist:ElectromagneticShield","theDuelist:TimeSeal+1"],"picked":"SKIP","floor":18},{"not_picked":["theDuelist:BlizzardWarrior","theDuelist:DarkMagician","theDuelist:ExodiaLL","theDuelist:DarkMagicianGirl","theDuelist:MagicalBlast"],"picked":"SKIP","floor":21},{"not_picked":["theDuelist:DarkPaladin","theDuelist:ExodiaNecross"],"picked":"theDuelist:Wildfire","floor":23},{"not_picked":["theDuelist:BlizzardWarrior+1","theDuelist:LordD","theDuelist:FlyingSaucer","theDuelist:OnslaughtFireKings+1","theDuelist:InjectionFairy"],"picked":"SKIP","floor":27},{"not_picked":["theDuelist:DarkMagician","theDuelist:ThousandEyesIdol","theDuelist:LordD","theDuelist:BlizzardWarrior"],"picked":"theDuelist:SpellShatteringArrow","floor":30},{"not_picked":["theDuelist:RainbowDarkDragon","theDuelist:IrisEarthMother","theDuelist:RainbowMagician","theDuelist:RainbowOverdragon"],"picked":"theDuelist:RainbowKuriboh","floor":33},{"not_picked":["theDuelist:SilentDoom","theDuelist:MagiciansRobe+1","theDuelist:GoblinSecret+1","theDuelist:CallAtlanteans+1"],"picked":"theDuelist:BookSecret","floor":35},{"not_picked":["theDuelist:DarkMagician","theDuelist:Illusionist","theDuelist:SpiritHarp","theDuelist:GeminiElf","theDuelist:CosmicHorrorGangiel+1"],"picked":"SKIP","floor":36},{"not_picked":["theDuelist:MagicalBlast","theDuelist:CharcoalInpachi","theDuelist:GeminiElf","theDuelist:GuardianAngel+1"],"picked":"theDuelist:MythicalBeast+1","floor":39},{"not_picked":["theDuelist:StatueAnguishPattern+1","theDuelist:AltarTribute","theDuelist:FairyBox","theDuelist:IcyCrevasse+1","theDuelist:Graverobber"],"picked":"SKIP","floor":41},{"not_picked":["theDuelist:GauntletWarrior+1","theDuelist:WingedKuriboh+1","theDuelist:WormKing","theDuelist:HammerShot","theDuelist:Sangan+1"],"picked":"SKIP","floor":44},{"not_picked":["theDuelist:InjectionFairy","theDuelist:OnslaughtFireKings+1","theDuelist:Illusionist","theDuelist:SpiritHarp+1","theDuelist:MagicalBlast+1"],"picked":"SKIP","floor":46}],"player_experience":208943,"relics_obtained":[{"floor":7,"key":"Odd Mushroom"},{"floor":9,"key":"Bronze Scales"},{"floor":11,"key":"MawBank"},{"floor":13,"key":"Bromod:ArcaneMomentum"},{"floor":23,"key":"Anchor"},{"floor":30,"key":"Red Skull"},{"floor":41,"key":"theDuelist:DuelistTeaSet"},{"floor":43,"key":"theDuelist:BoosterBetterBoostersRelic"},{"floor":48,"key":"theDuelist:AeroRelic"}],"event_choices":[{"damage_healed":0,"gold_gain":0,"player_choice":"Took item - Received: Millennium Scale","duelist":true,"damage_taken":0,"max_hp_gain":0,"max_hp_loss":0,"event_name":"Millennium Items","floor":2,"gold_loss":0},{"damage_healed":0,"gold_gain":0,"player_choice":"Leave","duelist":true,"damage_taken":0,"max_hp_gain":0,"max_hp_loss":0,"event_name":"Battle City","floor":3,"gold_loss":0},{"damage_healed":0,"gold_gain":0,"player_choice":"Fought Mushrooms","damage_taken":0,"max_hp_gain":0,"max_hp_loss":0,"event_name":"Mushrooms","floor":7,"gold_loss":0},{"damage_healed":0,"gold_gain":0,"player_choice":"Relic","damage_taken":0,"max_hp_gain":0,"max_hp_loss":0,"event_name":"Wheel of Change","floor":13,"gold_loss":0},{"damage_healed":0,"gold_gain":0,"player_choice":"Leave","duelist":true,"damage_taken":0,"max_hp_gain":0,"max_hp_loss":0,"event_name":"Egyptian Village","floor":20,"gold_loss":0},{"damage_healed":0,"gold_gain":0,"player_choice":"Shed Blood","damage_taken":20,"max_hp_gain":5,"max_hp_loss":0,"event_name":"Forgotten Altar","floor":25,"gold_loss":0},{"damage_healed":0,"gold_gain":0,"player_choice":"Ignored","damage_taken":0,"max_hp_gain":0,"max_hp_loss":0,"event_name":"Vampires","floor":31,"gold_loss":0},{"damage_healed":0,"gold_gain":0,"player_choice":"Dig - random Duelist relic","duelist":true,"damage_taken":0,"max_hp_gain":0,"max_hp_loss":0,"event_name":"Aknamkanon\u0027s Tomb","floor":37,"gold_loss":0},{"damage_healed":0,"gold_gain":0,"player_choice":"Sold Neo Magic Swordsman for 25 Gold.","duelist":true,"damage_taken":0,"max_hp_gain":0,"max_hp_loss":0,"event_name":"Card Trader","floor":42,"gold_loss":0},{"cards_removed":["theDuelist:Wildfire"],"damage_healed":0,"gold_gain":0,"player_choice":"Removed Attack","damage_taken":0,"max_hp_gain":0,"max_hp_loss":0,"event_name":"Falling","floor":45,"gold_loss":0}],"is_beta":false,"boss_relics":[{"not_picked":["theDuelist:HauntedRelic","Bromod:ArcaneGrace"],"picked":"Cursed Key"},{"not_picked":["Snecko Eye","Calling Bell"],"picked":"theDuelist:ElectricKey"}],"items_purged_floors":[4,22,38],"is_endless":false,"potions_floor_spawned":[1,11,16,23,27,33,39,46],"killed_by":"Donu and Deca","ascension_level":0}}