{"host":"leem2xi7qlpn2ezy","time":1610258606,"event":{"mods":["BaseMod","Colored Powertips","Highlight Path","Minty Spire (QoL Compilation)","Quick Restart","StSLib"],"gold_per_floor":[113,113,38,213,230,230,264,264,264,283,283,308,320,167,167,265,265,285,301,72,89,89,89,89,109,109,140,140,155,155,172,172,276,276,288,338,338,238,113,113,128,128,175,192,221,241,241,256,256,256,256],"floor_reached":50,"playtime":2430,"items_purged":["Strike_G","Strike_G","Strike_G"],"score":550,"play_id":"8d7b4e41-131c-4438-b8f9-dc091ab972df","local_time":"20210109220326","is_ascension_mode":true,"campfire_choices":[{"data":"Cloak And Dagger","floor":6.0,"key":"SMITH"},{"data":"Deflect","floor":8.0,"key":"SMITH"},{"data":"Noxious Fumes","floor":15.0,"key":"SMITH"},{"floor":23.0,"key":"REST"},{"floor":28.0,"key":"REST"},{"data":"Blade Dance","floor":30.0,"key":"SMITH"},{"floor":32.0,"key":"REST"},{"data":"Blade Dance","floor":40.0,"key":"SMITH"},{"floor":47.0,"key":"REST"},{"floor":49.0,"key":"REST"}],"circlet_count":0,"master_deck":["Strike_G","Strike_G","Defend_G","Defend_G","Defend_G","Defend_G","Defend_G","Survivor","Neutralize","Dash","Cloak And Dagger+1","Deflect+1","Quick Slash","Corpse Explosion","Deflect","Noxious Fumes+1","After Image","Outmaneuver+1","Blade Dance+1","Infinite Blades","Cloak And Dagger+1","Slice+1","Deadly Poison+1","Blade Dance+1","Dash","Cloak And Dagger","Dagger Spray+1","Infinite Blades","Night Terror","Finisher","Blade Dance","Deadly Poison+1","Reflex+1"],"relics":["Ring of the Snake","NeowsBlessing","MealTicket","Bag of Marbles","Nunchaku","Meat on the Bone","WristBlade","Orrery","Spirit Poop","Kunai","Pen Nib","Busted Crown","FossilizedHelix","Oddly Smooth Stone","Toxic Egg 2"],"acts_visited":["Exordium","TheCity","TheBeyond"],"potions_floor_usage":[50],"damage_taken":[{"damage":0.0,"enemies":"2 Louse","floor":1.0,"turns":1.0},{"damage":0.0,"enemies":"Jaw Worm","floor":5.0,"turns":1.0},{"damage":0.0,"enemies":"Lagavulin","floor":7.0,"turns":1.0},{"damage":0.0,"enemies":"Small Slimes","floor":10.0,"turns":3.0},{"damage":2.0,"enemies":"3 Sentries","floor":12.0,"turns":9.0},{"damage":2.0,"enemies":"Red Slaver","floor":13.0,"turns":3.0},{"damage":37.0,"enemies":"The Guardian","floor":16.0,"turns":10.0},{"damage":28.0,"enemies":"2 Thieves","floor":18.0,"turns":3.0},{"damage":2.0,"enemies":"Shell Parasite","floor":19.0,"turns":7.0},{"damage":1.0,"enemies":"3 Cultists","floor":21.0,"turns":3.0},{"damage":8.0,"enemies":"Snake Plant","floor":25.0,"turns":4.0},{"damage":8.0,"enemies":"Slavers","floor":27.0,"turns":2.0},{"damage":14.0,"enemies":"Shelled Parasite and Fungi","floor":29.0,"turns":4.0},{"damage":12.0,"enemies":"3 Cultists","floor":31.0,"turns":5.0},{"damage":16.0,"enemies":"Champ","floor":33.0,"turns":9.0},{"damage":0.0,"enemies":"Orb Walker","floor":35.0,"turns":2.0},{"damage":22.0,"enemies":"Mind Bloom Boss Battle","floor":36.0,"turns":5.0},{"damage":0.0,"enemies":"3 Darklings","floor":41.0,"turns":2.0},{"damage":14.0,"enemies":"Jaw Worm Horde","floor":44.0,"turns":2.0},{"damage":23.0,"enemies":"Nemesis","floor":45.0,"turns":7.0},{"damage":10.0,"enemies":"Writhing Mass","floor":46.0,"turns":5.0},{"damage":0.0,"enemies":"Sphere and 2 Shapes","floor":48.0,"turns":3.0},{"damage":59,"enemies":"Time Eater","floor":50,"turns":10}],"seed_played":"-803831705299183839","potions_obtained":[{"floor":1.0,"key":"Swift Potion"},{"floor":10.0,"key":"Energy Potion"},{"floor":13.0,"key":"SkillPotion"},{"floor":18.0,"key":"AttackPotion"},{"floor":27.0,"key":"Regen Potion"},{"floor":33.0,"key":"PowerPotion"},{"floor":44.0,"key":"ColorlessPotion"},{"floor":48.0,"key":"PowerPotion"}],"is_trial":false,"path_per_floor":["M","?","$","?","M","R","E","R","T","M","?","E","M","$","R","B",null,"M","M","$","M","?","R","?","M","T","E","R","M","R","M","R","B",null,"M","?","?","$","$","R","M","?","T","M","E","M","R","M","R","B"],"character_chosen":"THE_SILENT","items_purchased":["Crippling Poison","Noxious Fumes","Infinite Blades","Orrery"],"campfire_rested":5,"item_purchase_floors":[14,14,20,20],"current_hp_per_floor":[70,75,75,75,75,75,75,75,75,75,63,61,59,74,74,49,75,47,45,60,59,45,69,69,61,61,53,77,63,63,51,75,59,80,80,58,58,73,80,80,80,80,80,66,43,45,69,69,80,21,21],"gold":256,"neow_bonus":"THREE_ENEMY_KILL","is_daily":false,"chose_seed":false,"campfire_upgraded":5,"win_rate":0.0,"timestamp":1610258606,"path_taken":["M","?","$","?","M","R","E","R","T","M","?","E","M","?","R","BOSS","M","M","$","M","?","R","?","M","T","E","R","M","R","?","R","BOSS","M","?","?","?","$","R","M","?","T","M","E","?","R","M","R","BOSS"],"items_purchased_type":["Card","Card","Card","Relic"],"build_version":"2020-12-22","purchased_purges":3,"victory":false,"max_hp_per_floor":[70,75,75,75,75,75,75,75,75,75,75,75,75,75,75,75,75,75,75,75,75,80,80,80,80,80,80,80,80,80,80,80,80,80,80,80,80,80,80,80,80,80,80,80,80,80,80,80,80,80,80],"card_choices":[{"not_picked":["Blur","PiercingWail"],"picked":"Dash","floor":1.0},{"not_picked":["Prepared","Slice"],"picked":"Cloak And Dagger","floor":5.0},{"not_picked":["Flying Knee","Masterful Stab"],"picked":"Deflect","floor":7.0},{"not_picked":["PiercingWail","Deadly Poison"],"picked":"Quick Slash","floor":10.0},{"not_picked":["Flying Knee","Bouncing Flask"],"picked":"Corpse Explosion","floor":12.0},{"not_picked":["Backflip","Heel Hook"],"picked":"Deflect","floor":13.0},{"not_picked":["Venomology","Unload"],"picked":"After Image","floor":16.0},{"not_picked":["Escape Plan","PiercingWail"],"picked":"Outmaneuver+1","floor":18.0},{"not_picked":["Quick Slash+1","Tactician"],"picked":"Blade Dance","floor":19.0},{"not_picked":["Endless Agony","Setup"],"picked":"Cloak And Dagger+1","floor":20.0},{"not_picked":["Deflect","Flying Knee"],"picked":"Slice+1","floor":20.0},{"not_picked":["Die Die Die","Poisoned Stab"],"picked":"Deadly Poison+1","floor":20.0},{"not_picked":["Quick Slash","Infinite Blades"],"picked":"Blade Dance","floor":20.0},{"not_picked":["Heel Hook+1","Underhanded Strike"],"picked":"Dash","floor":20.0},{"not_picked":["Blur","Deflect+1","Deadly Poison+1"],"picked":"SKIP","floor":21.0},{"not_picked":["Dodge and Roll+1","Deflect+1"],"picked":"Cloak And Dagger","floor":25.0},{"not_picked":["Deadly Poison","Underhanded Strike"],"picked":"Dagger Spray+1","floor":27.0},{"not_picked":["Underhanded Strike","Backflip+1"],"picked":"Infinite Blades","floor":29.0},{"not_picked":["Dash","Concentrate","Riddle With Holes"],"picked":"SKIP","floor":31.0},{"not_picked":["Malaise","Unload"],"picked":"Night Terror","floor":33.0},{"not_picked":[],"picked":"Finisher","floor":35.0},{"not_picked":[],"picked":"Blade Dance","floor":41.0},{"not_picked":[],"picked":"Deadly Poison+1","floor":44.0},{"not_picked":["Eviscerate"],"picked":"SKIP","floor":45.0},{"not_picked":["Underhanded Strike"],"picked":"SKIP","floor":46.0},{"not_picked":[],"picked":"Reflex+1","floor":48.0}],"player_experience":88474,"relics_obtained":[{"floor":7.0,"key":"MealTicket"},{"floor":9.0,"key":"Bag of Marbles"},{"floor":12.0,"key":"Meat on the Bone"},{"floor":26.0,"key":"Kunai"},{"floor":27.0,"key":"Pen Nib"},{"floor":36.0,"key":"FossilizedHelix"},{"floor":43.0,"key":"Oddly Smooth Stone"},{"floor":45.0,"key":"Toxic Egg 2"}],"event_choices":[{"damage_healed":0.0,"max_hp_gain":5.0,"max_hp_loss":0.0,"gold_gain":0.0,"event_name":"Big Fish","player_choice":"Donut","floor":2.0,"gold_loss":0.0,"damage_taken":0.0},{"damage_healed":0.0,"max_hp_gain":0.0,"max_hp_loss":0.0,"gold_gain":175.0,"event_name":"Liars Game","player_choice":"AGREE","floor":4.0,"gold_loss":0.0,"damage_taken":0.0,"cards_obtained":["Doubt"]},{"damage_healed":0.0,"max_hp_gain":0.0,"max_hp_loss":0.0,"gold_gain":0.0,"event_name":"Scrap Ooze","player_choice":"Success","floor":11.0,"gold_loss":0.0,"damage_taken":12.0,"relics_obtained":["Nunchaku"]},{"damage_healed":0.0,"max_hp_gain":5.0,"max_hp_loss":0.0,"gold_gain":0.0,"event_name":"Forgotten Altar","player_choice":"Shed Blood","floor":22.0,"gold_loss":0.0,"damage_taken":19.0},{"cards_removed":["Doubt"],"damage_healed":0.0,"max_hp_gain":0.0,"max_hp_loss":0.0,"gold_gain":0.0,"event_name":"Bonfire Elementals","player_choice":"Offered Curse","floor":24.0,"gold_loss":0.0,"damage_taken":0.0,"relics_obtained":["Spirit Poop"]},{"damage_healed":0.0,"max_hp_gain":0.0,"max_hp_loss":0.0,"gold_gain":0.0,"event_name":"MindBloom","player_choice":"Fight","floor":36.0,"gold_loss":0.0,"damage_taken":0.0},{"damage_healed":0.0,"max_hp_gain":0.0,"max_hp_loss":0.0,"gold_gain":0.0,"event_name":"Tomb of Lord Red Mask","player_choice":"Ignored","floor":37.0,"gold_loss":0.0,"damage_taken":0.0},{"cards_removed":["Crippling Poison"],"damage_healed":0.0,"max_hp_gain":0.0,"max_hp_loss":0.0,"gold_gain":0.0,"event_name":"Falling","player_choice":"Removed Skill","floor":42.0,"gold_loss":0.0,"damage_taken":0.0}],"is_beta":false,"boss_relics":[{"not_picked":["HoveringKite","SacredBark"],"picked":"WristBlade"},{"not_picked":["Calling Bell","Sozu"],"picked":"Busted Crown"}],"items_purged_floors":[3,38,39],"is_endless":false,"potions_floor_spawned":[1,10,13,18,27,33,44,48],"killed_by":"Time Eater","ascension_level":1}}