{"host":"vzygucmp2u9s1xuv","time":1610290151,"event":{"mods":["BaseMod","Colored Map","DeckTracker","Keyboard Shortcuts","Minty Spire (QoL Compilation)","Quick Restart","StSLib","SuperFastMode"],"gold_per_floor":[116,133,146,79,89,89,102,102,102],"floor_reached":8,"playtime":146,"items_purged":[],"score":90,"play_id":"259f9e01-89a3-44c6-ba76-43879337e1f9","local_time":"20210110234911","is_ascension_mode":true,"campfire_choices":[{"data":"Backflip","floor":6,"key":"SMITH"}],"circlet_count":0,"master_deck":["AscendersBane","Strike_G","Strike_G","Strike_G","Strike_G","Strike_G","Defend_G","Defend_G","Defend_G","Defend_G","Defend_G","Survivor","Neutralize","Slice","PiercingWail","Blur","Backflip+1","Deflect"],"relics":["Ring of the Snake","NeowsBlessing","InkBottle"],"acts_visited":["Exordium"],"potions_floor_usage":[7],"damage_taken":[{"damage":0,"enemies":"2 Louse","floor":1,"turns":1},{"damage":0,"enemies":"Cultist","floor":2,"turns":1},{"damage":0,"enemies":"Jaw Worm","floor":3,"turns":1},{"damage":2,"enemies":"3 Louse","floor":5,"turns":6},{"damage":3,"enemies":"Looter","floor":7,"turns":4},{"damage":12,"enemies":"Gremlin Nob","floor":8,"turns":3}],"seed_played":"-2155736407856121612","potions_obtained":[{"floor":2,"key":"FearPotion"},{"floor":3,"key":"LiquidMemories"}],"is_trial":false,"path_per_floor":["M","M","M","?","M","R","M","E"],"character_chosen":"THE_SILENT","items_purchased":[],"campfire_rested":0,"item_purchase_floors":[],"current_hp_per_floor":[59,59,59,59,57,57,54,42,42],"gold":102,"neow_bonus":"THREE_ENEMY_KILL","is_daily":false,"chose_seed":false,"campfire_upgraded":1,"win_rate":0.0,"timestamp":1610290151,"path_taken":["M","M","M","?","?","R","M","E"],"items_purchased_type":[],"build_version":"2020-12-22","purchased_purges":0,"victory":false,"max_hp_per_floor":[66,66,66,66,66,66,66,66,66],"card_choices":[{"not_picked":["Skewer","Heel Hook"],"picked":"Slice","floor":1},{"not_picked":["Flechettes","Noxious Fumes"],"picked":"PiercingWail","floor":2},{"not_picked":["Concentrate","Dagger Throw"],"picked":"Blur","floor":3},{"not_picked":["Underhanded Strike","Finisher"],"picked":"Backflip","floor":5},{"not_picked":["Outmaneuver","Poisoned Stab"],"picked":"Deflect","floor":7}],"player_experience":654840,"relics_obtained":[],"event_choices":[{"damage_healed":0,"gold_gain":0,"player_choice":"Paid Gold","damage_taken":0,"relics_obtained":["InkBottle"],"max_hp_gain":0,"max_hp_loss":0,"event_name":"WeMeetAgain","floor":4,"gold_loss":67}],"is_beta":false,"boss_relics":[],"items_purged_floors":[],"is_endless":false,"potions_floor_spawned":[2,3],"killed_by":"Gremlin Nob","ascension_level":16}}