{"host":"c97twqu0op5dg8i4","time":1610248323,"event":{"mods":["BaseMod","Minty Spire (QoL Compilation)","Permanent Neow"],"gold_per_floor":[10,10,10,10,26,57,57,86,86,86,103,117,127,227,227,332,332,349,349,359,206,131,131,131,131,131,145,165,175,191,202,202,202,202],"floor_reached":33,"playtime":1683,"items_purged":["Strike_P"],"score":341,"play_id":"8b6f9f28-4fd4-442d-9d62-33d49ef76341","local_time":"20210109221203","is_ascension_mode":true,"campfire_choices":[{"data":"JustLucky","floor":7,"key":"SMITH"},{"data":"FollowUp","floor":10,"key":"SMITH"},{"data":"Vigilance","floor":15,"key":"SMITH"},{"data":"Wallop","floor":23,"key":"SMITH"},{"data":"Scrawl","floor":25,"key":"SMITH"},{"floor":32,"key":"REST"}],"circlet_count":0,"master_deck":["Strike_P","Strike_P","Strike_P","Defend_P","Defend_P","Defend_P","Defend_P","Eruption+1","Vigilance+1","FlyingSleeves+1","JustLucky+1","FollowUp+1","EmptyFist","PathToVictory","WheelKick","Scrawl+1","BowlingBash","Wallop+1","FollowUp","Halt+1","FlyingSleeves","Conclude"],"relics":["PureWater","Ice Cream","Mercury Hourglass","Ornamental Fan","Velvet Choker","Nloth\u0027s Gift","Happy Flower","PreservedInsect"],"acts_visited":["Exordium","TheCity"],"potions_floor_usage":[6,16,27,31],"damage_taken":[{"damage":7,"enemies":"2 Louse","floor":1,"turns":2},{"damage":7,"enemies":"Small Slimes","floor":5,"turns":3},{"damage":18,"enemies":"Lagavulin","floor":6,"turns":5},{"damage":0,"enemies":"Gremlin Nob","floor":8,"turns":2},{"damage":0,"enemies":"Cultist","floor":11,"turns":2},{"damage":5,"enemies":"Large Slime","floor":12,"turns":3},{"damage":5,"enemies":"Red Slaver","floor":13,"turns":2},{"damage":23,"enemies":"Hexaghost","floor":16,"turns":6},{"damage":0,"enemies":"Spheric Guardian","floor":18,"turns":2},{"damage":5,"enemies":"2 Thieves","floor":20,"turns":2},{"damage":0,"enemies":"Chosen and Byrds","floor":27,"turns":2},{"damage":34,"enemies":"Snake Plant","floor":28,"turns":3},{"damage":11,"enemies":"Snecko","floor":29,"turns":3},{"damage":0,"enemies":"Centurion and Healer","floor":30,"turns":3},{"damage":6,"enemies":"Snake Plant","floor":31,"turns":4},{"damage":38,"enemies":"Collector","floor":33,"turns":3}],"seed_played":"6282401876334361927","potions_obtained":[{"floor":1,"key":"ColorlessPotion"},{"floor":5,"key":"StancePotion"},{"floor":18,"key":"SpeedPotion"},{"floor":20,"key":"Strength Potion"},{"floor":28,"key":"LiquidMemories"}],"is_trial":false,"path_per_floor":["M","?","?","$","M","E","R","E","T","R","M","M","M","?","R","B",null,"M","?","M","$","$","R","?","R","T","M","M","M","M","M","R","B"],"character_chosen":"WATCHER","items_purchased":["Happy Flower"],"campfire_rested":1,"item_purchase_floors":[21],"current_hp_per_floor":[65,65,65,65,58,40,40,40,40,40,40,35,30,30,30,7,72,72,72,67,67,67,67,67,67,67,67,33,22,22,16,37,0,0],"gold":202,"neow_bonus":"ONE_RARE_RELIC","is_daily":false,"chose_seed":false,"campfire_upgraded":5,"win_rate":0.0,"timestamp":1610248323,"path_taken":["M","?","?","$","M","E","R","E","T","R","M","?","M","?","R","BOSS","M","?","M","?","$","R","?","R","T","M","M","M","M","M","R","BOSS"],"items_purchased_type":["Relic"],"build_version":"2020-12-22","purchased_purges":1,"victory":false,"max_hp_per_floor":[72,72,72,72,72,72,72,72,72,72,72,72,72,72,72,72,72,72,72,72,72,72,72,72,72,72,72,72,72,72,72,72,72,72],"card_choices":[{"not_picked":["WaveOfTheHand","Protect"],"picked":"FlyingSleeves","floor":1},{"not_picked":["Prostrate","Brilliance"],"picked":"JustLucky","floor":5},{"not_picked":["SpiritShield","ConjureBlade"],"picked":"FollowUp","floor":6},{"not_picked":["MentalFortress","Swivel"],"picked":"EmptyFist","floor":8},{"not_picked":["Weave","Crescendo"],"picked":"PathToVictory","floor":11},{"not_picked":["Evaluate","Halt","FlurryOfBlows"],"picked":"SKIP","floor":12},{"not_picked":["SignatureMove","Vengeance"],"picked":"WheelKick","floor":13},{"not_picked":["Devotion","Ragnarok"],"picked":"Scrawl","floor":16},{"not_picked":["CrushJoints","Vengeance+1"],"picked":"BowlingBash","floor":18},{"not_picked":["BowlingBash+1","Evaluate"],"picked":"Wallop","floor":20},{"not_picked":["InnerPeace+1","EmptyBody+1","Vengeance+1"],"picked":"SKIP","floor":27},{"not_picked":["EmptyFist","Pray"],"picked":"FollowUp","floor":28},{"not_picked":["Study","CrushJoints+1"],"picked":"Halt+1","floor":29},{"not_picked":["FlurryOfBlows","EmptyFist"],"picked":"FlyingSleeves","floor":30},{"not_picked":["BattleHymn","Perseverance+1"],"picked":"Conclude","floor":31}],"player_experience":278584,"relics_obtained":[{"floor":6,"key":"Omamori"},{"floor":8,"key":"Mercury Hourglass"},{"floor":9,"key":"Ornamental Fan"},{"floor":26,"key":"PreservedInsect"}],"event_choices":[{"damage_healed":0,"gold_gain":0,"player_choice":"Grow","damage_taken":0,"max_hp_gain":0,"max_hp_loss":0,"event_name":"Living Wall","floor":2,"gold_loss":0,"cards_upgraded":["Eruption"]},{"damage_healed":0,"gold_gain":0,"player_choice":"Upgraded","damage_taken":0,"max_hp_gain":0,"max_hp_loss":0,"event_name":"Upgrade Shrine","floor":3,"gold_loss":0,"cards_upgraded":["FlyingSleeves"]},{"damage_healed":0,"gold_gain":100,"player_choice":"Gold","damage_taken":0,"max_hp_gain":0,"max_hp_loss":0,"event_name":"Wheel of Change","floor":14,"gold_loss":0},{"damage_healed":0,"gold_gain":0,"player_choice":"Traded Relic","damage_taken":0,"relics_obtained":["Nloth\u0027s Gift"],"max_hp_gain":0,"max_hp_loss":0,"event_name":"N\u0027loth","floor":19,"relics_lost":["Omamori"],"gold_loss":0},{"damage_healed":0,"gold_gain":0,"player_choice":"Ignored","damage_taken":0,"max_hp_gain":0,"max_hp_loss":0,"event_name":"Vampires","floor":24,"gold_loss":0}],"is_beta":false,"boss_relics":[{"not_picked":["Ectoplasm","Runic Dome"],"picked":"Velvet Choker"}],"items_purged_floors":[22],"is_endless":false,"potions_floor_spawned":[1,5,18,20,28],"killed_by":"Collector","ascension_level":4}}