{"host":"yb1yv0i4ygq2c9jc","time":1610256767,"event":{"mods":["100% Spire Juice","2.2 Compatiblity","AchievementEnabler","Act Like it!","Alarm Clock","Arknights The Spire","Aspiration","BaseMod","Bestiary","Better Altar","Better Match","Better Note","Better Sensory Stone","Better Skull","Better Third Choice","CCEM","CapriCore","ChefMod","Colored Powertips","Dark Map","Displayed Cursed Tome","Elementarium","Energized Spire","Fiend Mod","Fox Events","GifTheSpireLib","Hermit","Infinite Spire","JesterMod","Luminous","Magitek Elite","Marisa????????","Marked Mod","Mimic Mod","Minty Spire (QoL Compilation)","Pale of the Ancients","Puzzle Mod","Rare Cards Sparkle","Relic Stats","Remilia??????","Replay The Spire","Robot Space Explorer","SOS???????","Shade Mod","Slumbering Mod","Spicy Shops","StSLib","The Animator","The Clintock","The Dragon Tamer","The Elementalist","The Forsaken","The Hayseed","The Immortal","The Marked","The Necromancer","The Problem Sleuth","The Runesmith","The Senshi","The Servant 0.9.4","TheArtist","TheBandit","TheFirefly","TheVacant","Thieving Mod","Wandering Minibosses"],"gold_per_floor":[114,114,114,114,64,64,64],"floor_reached":6,"playtime":128,"items_purged":[],"score":32,"play_id":"c747c62f-530c-44eb-a090-6e21da017191","local_time":"20210109213247","is_ascension_mode":false,"campfire_choices":[],"circlet_count":0,"master_deck":["elementalist:Defend_Elemblue","elementalist:Defend_Elemblue","elementalist:Defend_Elemblue","elementalist:Defend_Elemblue","elementalist:Firestrike","elementalist:Earthstrike","elementalist:Waterstrike","elementalist:Airstrike","elementalist:Crystal_Chalk","elementalist:Ignition","elementalist:Fire_Emblem"],"relics":["elementalistmod:MagusStaff","elementalistmod:GraduationLetter","elementalistmod:GreenCirclet"],"acts_visited":["Exordium"],"potions_floor_usage":[],"damage_taken":[{"damage":10.0,"enemies":"Jaw Worm","floor":1.0,"turns":5.0},{"damage":0,"enemies":"Gremlin Nob","floor":6,"turns":1}],"seed_played":"-7183650212378253371","potions_obtained":[{"floor":1.0,"key":"Elixir"}],"is_trial":false,"path_per_floor":["M","?","?","?","?","E"],"character_chosen":"THE_ELEMENTALIST","items_purchased":[],"campfire_rested":0,"item_purchase_floors":[],"current_hp_per_floor":[67,60,60,60,60,60,60],"gold":64,"neow_bonus":"TEN_PERCENT_HP_BONUS","is_daily":false,"chose_seed":false,"campfire_upgraded":0,"win_rate":0.0,"timestamp":1610256767,"path_taken":["M","?","?","?","?","E"],"items_purchased_type":[],"build_version":"2020-12-22","purchased_purges":0,"victory":false,"max_hp_per_floor":[77,77,77,77,77,77,77],"relic_stats":{"counters":[2,5],"obtain_stats":[{"elementalistmod:GreenCirclet":3,"elementalistmod:MagusStaff":0,"elementalistmod:GraduationLetter":0},{"elementalistmod:GreenCirclet":1,"elementalistmod:MagusStaff":0,"elementalistmod:GraduationLetter":0},{"elementalistmod:GreenCirclet":5,"elementalistmod:MagusStaff":0,"elementalistmod:GraduationLetter":0}]},"card_choices":[{"not_picked":["elementalist:Geomancy","elementalist:Mist"],"picked":"elementalist:Ignition","floor":1.0}],"player_experience":494482,"relics_obtained":[],"event_choices":[{"cards_removed":["elementalist:Defend_Elemblue"],"damage_healed":0.0,"max_hp_gain":0.0,"max_hp_loss":0.0,"gold_gain":0.0,"event_name":"Golden Wing","player_choice":"Card Removal","floor":2.0,"gold_loss":0.0,"damage_taken":7.0},{"cards_removed":["elementalist:Strike+Elemblue"],"damage_healed":0.0,"max_hp_gain":0.0,"max_hp_loss":0.0,"gold_gain":0.0,"event_name":"The Cleric","player_choice":"Card Removal","floor":5.0,"gold_loss":50.0,"damage_taken":0.0}],"is_beta":false,"boss_relics":[],"items_purged_floors":[],"is_endless":false,"potions_floor_spawned":[1],"killed_by":"Gremlin Nob","ascension_level":0}}