{"host":"p6y17sixyu8q9v1f","time":1610286389,"event":{"mods":["BaseMod","Colored Map","Minty Spire (QoL Compilation)"],"gold_per_floor":[112,126,144,69,244,257,157,184,266,281,295,295,295,311,311,311,311],"floor_reached":16,"playtime":596,"items_purged":["Strike_B","Doubt"],"score":130,"play_id":"e06571c4-0a21-488f-b33f-c973fe4a8a8e","local_time":"20210110074629","is_ascension_mode":true,"campfire_choices":[{"data":"Zap","floor":13,"key":"SMITH"},{"floor":15,"key":"REST"}],"circlet_count":0,"master_deck":["Strike_B","Strike_B","Strike_B","Defend_B","Defend_B","Defend_B","Defend_B","Zap+1","Dualcast","Dramatic Entrance","Consume","Sweeping Beam","Conserve Battery","Machine Learning","Parasite"],"relics":["Cracked Core","Unceasing Top","Singing Bowl"],"acts_visited":["Exordium"],"potions_floor_usage":[8,8,16],"damage_taken":[{"damage":6,"enemies":"Cultist","floor":1,"turns":3},{"damage":0,"enemies":"2 Louse","floor":2,"turns":2},{"damage":16,"enemies":"Jaw Worm","floor":3,"turns":4},{"damage":6,"enemies":"Looter","floor":6,"turns":2},{"damage":45,"enemies":"3 Sentries","floor":8,"turns":7},{"damage":0,"enemies":"3 Louse","floor":10,"turns":2},{"damage":0,"enemies":"2 Fungi Beasts","floor":11,"turns":3},{"damage":0,"enemies":"Lots of Slimes","floor":14,"turns":1},{"damage":52,"enemies":"Hexaghost","floor":16,"turns":9}],"seed_played":"-243727725457271160","potions_obtained":[{"floor":2,"key":"PowerPotion"},{"floor":3,"key":"GamblersBrew"},{"floor":10,"key":"Ancient Potion"},{"floor":14,"key":"PotionOfCapacity"}],"is_trial":false,"path_per_floor":["M","M","M","$","?","M","$","E","T","M","M","?","R","M","R","B"],"character_chosen":"DEFECT","items_purchased":[],"campfire_rested":1,"item_purchase_floors":[],"current_hp_per_floor":[69,69,53,53,53,47,47,2,2,4,4,23,23,25,48,0,0],"gold":311,"neow_bonus":"RANDOM_COLORLESS","is_daily":false,"chose_seed":false,"campfire_upgraded":1,"win_rate":0.0,"timestamp":1610286389,"path_taken":["M","M","?","$","?","M","$","E","T","M","M","?","R","M","R","BOSS"],"items_purchased_type":[],"build_version":"2020-12-22","purchased_purges":2,"victory":false,"max_hp_per_floor":[75,75,75,75,75,75,75,75,75,77,77,77,77,79,79,79,79],"card_choices":[{"not_picked":["Panacea","Purity"],"picked":"Dramatic Entrance","floor":0},{"not_picked":["White Noise","Hello World","Undo"],"picked":"SKIP","floor":1},{"not_picked":["Turbo","Barrage"],"picked":"Consume","floor":2},{"not_picked":["Rebound","Gash"],"picked":"Sweeping Beam","floor":3},{"not_picked":["Ball Lightning","Reprogram","Chaos"],"picked":"SKIP","floor":6},{"not_picked":["Redo","Hologram"],"picked":"Conserve Battery","floor":8},{"not_picked":["Genetic Algorithm","White Noise","Sweeping Beam"],"picked":"Singing Bowl","floor":10},{"not_picked":["Hologram","Doom and Gloom"],"picked":"Machine Learning","floor":11},{"not_picked":["Go for the Eyes","Rebound","Redo"],"picked":"Singing Bowl","floor":14}],"player_experience":1066245,"relics_obtained":[{"floor":8,"key":"Unceasing Top"},{"floor":9,"key":"Singing Bowl"}],"event_choices":[{"damage_healed":0,"gold_gain":175,"player_choice":"AGREE","damage_taken":0,"max_hp_gain":0,"max_hp_loss":0,"event_name":"Liars Game","floor":5,"gold_loss":0,"cards_obtained":["Doubt"]},{"damage_healed":19,"gold_gain":0,"player_choice":"Healed and dodged fight","damage_taken":0,"max_hp_gain":0,"max_hp_loss":0,"event_name":"Mushrooms","floor":12,"gold_loss":0,"cards_obtained":["Parasite"]}],"is_beta":false,"boss_relics":[],"items_purged_floors":[4,7],"is_endless":false,"potions_floor_spawned":[2,3,6,10,14],"killed_by":"Hexaghost","ascension_level":5}}