{"host":"eeuhgv8goqdjv4ip","time":1610288621,"event":{"mods":["2.2 Compatiblity","AchievementEnabler","BaseMod","Challenge The Spire","Colored Map","Colored Powertips","Conspire","Dark Map","Hubris","Infinite Spire","Marisa????????","Minty Spire (QoL Compilation)","Permanent Neow","Replay The Spire","SIMod","StSLib","The Animator","The Saiyan","The Servant 0.9.4","The Wild Card"],"gold_per_floor":[92,105,105,105,105,135,151,151,151,151,151,184,184,184,184,289,289,305,305,315,315,332,332,347,375,375,375,410,420,436,455,455,560,560,576,621,721,733,733,733,749,781,805,805,815,850,866,879,879,879,879,879,43,75,75],"floor_reached":56,"playtime":6019,"items_purged":["Saiyan:SAIYA_Strike"],"score":1786,"play_id":"f4e491f0-30ba-45fd-b210-1c559f273449","local_time":"20210110102341","is_ascension_mode":true,"campfire_choices":[{"data":"Saiyan:SolarFlare","floor":8,"key":"SMITH"},{"data":"Saiyan:TurtleShell","floor":13,"key":"SMITH"},{"data":"Saiyan:EnergyBlast","floor":15,"key":"SMITH"},{"data":"Saiyan:TransfigurationBeam","floor":23,"key":"SMITH"},{"data":"infinitespire:Collect","floor":27,"key":"SMITH"},{"data":"Saiyan:UltraInstinct","floor":40,"key":"SMITH"},{"floor":44,"key":"RECALL"},{"data":"Saiyan:KiExplosion","floor":52,"key":"SMITH"}],"circlet_count":0,"master_deck":["Saiyan:SAIYA_Strike","Saiyan:SAIYA_Strike","Saiyan:SAIYA_Defend","Saiyan:SAIYA_Defend","Saiyan:SAIYA_Defend","Saiyan:EnergyBlast+1","Saiyan:KaioKen","Saiyan:RuthlessBlow","Saiyan:BigBangAttack","Saiyan:Kienzan","Saiyan:BurningSoul+1","Saiyan:SolarFlare+1","Saiyan:PowerUp","Saiyan:TurtleShell+1","Saiyan:TransfigurationBeam+1","Saiyan:UltraInstinct+1","Saiyan:Furor+1","infinitespire:Collect+1","Saiyan:MeteorDash","Saiyan:TurtleShell","Saiyan:BigBangAttack+1","Saiyan:FinalFlash","Saiyan:SuperSaiyanForm","Saiyan:FingerParry+1","Saiyan:Quickening+1","Saiyan:SolarFlare","Saiyan:PlotArmor+1","Saiyan:LastResort+1","Saiyan:FingerParry+1","Saiyan:Flurry","Saiyan:Medicine","Saiyan:ThirstForFight+1","Saiyan:KiExplosion+1","Saiyan:Fly+1","Saiyan:SaiyanHubris+1","Saiyan:Planning","Midas Touch","Saiyan:Quickening+1"],"relics":["SaiyanSoul","SaiyanHeart","Replay:Mystery Machine","Simple Rune","Lantern","Juzu Bracelet","InkBottle","ReplayTheSpireMod:Ring of Addiction","hubris:EmptyBottle","Chameleon Ring","SacredBark","Replay:Wax Seal","hubris:FunFungus","hubris:TerracottaHorce","Mango","Gremlin Food","Art of War","Peace Pipe","Replay:Baseball","infinitespire:Beetle Shell","Replay:Lucky Slots","ReplayTheSpireMod:Lightbulb"],"acts_visited":["Exordium","TheCity","TheBeyond","TheEnding"],"potions_floor_usage":[12,16,18,18,20,22,24,24,24,25,25,25,28,28,29,30,31,33,33,35,35,36,38,38,41,42,42,45,45,46,46,46,47,48,50,50,50,55,55,55],"damage_taken":[{"damage":0,"enemies":"2 Louse","floor":1,"turns":2},{"damage":0,"enemies":"Jaw Worm","floor":2,"turns":3},{"damage":15,"enemies":"Lagavulin","floor":6,"turns":5},{"damage":0,"enemies":"Small Slimes","floor":7,"turns":2},{"damage":13,"enemies":"3 Sentries","floor":12,"turns":6},{"damage":0,"enemies":"Slime Boss","floor":16,"turns":9},{"damage":0,"enemies":"Shell Parasite","floor":18,"turns":1},{"damage":2,"enemies":"Chosen","floor":20,"turns":5},{"damage":0,"enemies":"3 Cultists","floor":22,"turns":5},{"damage":0,"enemies":"Centurion and Healer","floor":24,"turns":4},{"damage":0,"enemies":"Book of Stabbing","floor":25,"turns":3},{"damage":0,"enemies":"Slavers","floor":28,"turns":3},{"damage":0,"enemies":"Snake Plant","floor":29,"turns":3},{"damage":2,"enemies":"3 Cultists","floor":30,"turns":4},{"damage":0,"enemies":"Centurion and Healer","floor":31,"turns":4},{"damage":0,"enemies":"Collector","floor":33,"turns":9},{"damage":0,"enemies":"Orb Walker","floor":35,"turns":4},{"damage":0,"enemies":"2 Orb Walkers","floor":36,"turns":5},{"damage":0,"enemies":"3 Darklings","floor":38,"turns":3},{"damage":24,"enemies":"4 Shapes","floor":41,"turns":7},{"damage":14,"enemies":"Nemesis","floor":42,"turns":8},{"damage":0,"enemies":"Writhing Mass","floor":45,"turns":4},{"damage":12,"enemies":"Reptomancer","floor":46,"turns":7},{"damage":27,"enemies":"3 Darklings","floor":47,"turns":6},{"damage":0,"enemies":"Transient","floor":48,"turns":5},{"damage":25,"enemies":"infinitespire:MassOfShapes","floor":50,"turns":10},{"damage":133,"enemies":"Shield and Spear","floor":54,"turns":9},{"damage":7,"enemies":"The Heart","floor":55,"turns":10}],"seed_played":"6137162049620936841","potions_obtained":[{"floor":1,"key":"Regen Potion"},{"floor":6,"key":"SpeedPotion"},{"floor":14,"key":"Elixir"},{"floor":14,"key":"Reflective Coating"},{"floor":14,"key":"PowerPotion"},{"floor":16,"key":"DistilledChaos"},{"floor":18,"key":"Reflective Coating"},{"floor":22,"key":"SteroidPotion"},{"floor":28,"key":"AttackPotion"},{"floor":30,"key":"SpeedPotion"},{"floor":36,"key":"DistilledChaos"},{"floor":42,"key":"Fire Potion"},{"floor":45,"key":"Block Potion"},{"floor":48,"key":"Reflective Coating"},{"floor":49,"key":"SpeedPotion"},{"floor":49,"key":"Block Potion"}],"is_trial":false,"path_per_floor":["M","M","?","?","?","E","M","R","T","?","?","E","R","?","R","B",null,"M","?","M","?","M","R","M","E","T","R","E","M","M","M","R_BF","B",null,"M","?","?","M","?","R","M","E","T","R","M","E","M","M","R","B",null,"R","$","E","B",null],"character_chosen":"SAIYAJIN","items_purchased":["Replay:Baseball","infinitespire:Beetle Shell","Replay:Lucky Slots","FairyPotion","Saiyan:Planning","Midas Touch"],"campfire_rested":0,"item_purchase_floors":[53,53,53,53,53,53],"current_hp_per_floor":[61,62,50,50,47,33,34,34,34,34,34,36,36,36,36,37,66,67,67,68,51,52,52,53,54,54,54,54,57,56,58,79,81,81,83,99,99,101,101,101,103,92,92,92,98,93,111,112,112,96,108,108,108,102,106],"gold":75,"neow_bonus":"RANDOM_COMMON_RELIC","is_daily":false,"chose_seed":false,"campfire_upgraded":7,"win_rate":0.0,"timestamp":1610288621,"path_taken":["M","M","?","?","?","E","M","R","T","?","?","E","R","?","R","BOSS","M","?","M","?","M","R","M","E","T","R","E","M","M","M","R_BF","BOSS","M","?","?","M","?","R","M","E","T","R","M","E","M","M","R","BOSS","R","$","E","BOSS"],"items_purchased_type":["Relic","Relic","Relic","Potion","Card","Card"],"build_version":"2020-12-22","purchased_purges":1,"victory":true,"max_hp_per_floor":[61,62,62,62,62,63,64,64,64,64,64,65,65,65,65,66,66,67,67,70,70,71,71,72,73,73,73,73,76,77,79,79,81,81,83,99,99,101,101,101,103,106,106,106,109,110,111,112,112,112,112,112,112,114,117],"card_choices":[{"not_picked":["Saiyan:SaiyanHubris","Saiyan:PowerUp"],"picked":"Saiyan:BigBangAttack","floor":1},{"not_picked":["Saiyan:ReverberatingForce","Saiyan:SaiyanHubris"],"picked":"Saiyan:Kienzan","floor":2},{"not_picked":["Saiyan:PlotArmor","Saiyan:PressOn"],"picked":"Saiyan:BurningSoul","floor":6},{"not_picked":["Saiyan:PowerUp","Saiyan:Medicine"],"picked":"Saiyan:SolarFlare","floor":7},{"not_picked":["Saiyan:Quickening","Saiyan:Makankosappo"],"picked":"Saiyan:TurtleShell","floor":12},{"not_picked":["Saiyan:Momentum","Saiyan:MajinSeal"],"picked":"Saiyan:TransfigurationBeam","floor":16},{"not_picked":["Saiyan:SaiyanHubris","Saiyan:PlotArmor"],"picked":"Saiyan:UltraInstinct","floor":18},{"not_picked":["Saiyan:Planning","Saiyan:PowerUp+1"],"picked":"Saiyan:Furor+1","floor":20},{"not_picked":["infinitespire:Fortify","infinitespire:SevenWalls"],"picked":"infinitespire:Collect","floor":21},{"not_picked":["Saiyan:SaiyanHubris","Saiyan:TheBomb"],"picked":"Saiyan:MeteorDash","floor":22},{"not_picked":["Saiyan:Scouter","Saiyan:RemoveWeights"],"picked":"Saiyan:TurtleShell","floor":24},{"not_picked":["Saiyan:RemoveWeights","Saiyan:MeteorDash"],"picked":"Saiyan:BigBangAttack+1","floor":25},{"not_picked":["Saiyan:ThirstForFight","Saiyan:PowerPole"],"picked":"Saiyan:FinalFlash","floor":28},{"not_picked":["Saiyan:ExtremeSpeed","Saiyan:Afterimage"],"picked":"Saiyan:SuperSaiyanForm","floor":29},{"not_picked":["Saiyan:ExpandingShockwave","Saiyan:Taunt+1"],"picked":"Saiyan:FingerParry+1","floor":30},{"not_picked":["Saiyan:FingerParry","Saiyan:ExpandingShockwave"],"picked":"Saiyan:Quickening+1","floor":31},{"not_picked":["Saiyan:HyperTimeChamber","Saiyan:TheBomb"],"picked":"Saiyan:SolarFlare","floor":33},{"not_picked":["Saiyan:MeteorDash+1","Saiyan:Scouter"],"picked":"Saiyan:PlotArmor+1","floor":35},{"not_picked":["Saiyan:Furor+1","Saiyan:FingerParry"],"picked":"Saiyan:LastResort+1","floor":36},{"not_picked":["Saiyan:AugmentedBlast","Saiyan:Endure+1"],"picked":"Saiyan:FingerParry+1","floor":38},{"not_picked":["Saiyan:Afterimage","Saiyan:KameHameHa+1"],"picked":"Saiyan:Flurry","floor":41},{"not_picked":["Saiyan:BigBangAttack","Saiyan:Scouter"],"picked":"Saiyan:Medicine","floor":42},{"not_picked":["Saiyan:DragonFist","Saiyan:TurtleShell"],"picked":"Saiyan:ThirstForFight+1","floor":45},{"not_picked":["Saiyan:Furor","Saiyan:MeteorDash"],"picked":"Saiyan:KiExplosion","floor":46},{"not_picked":["Saiyan:MeteorDash+1","Saiyan:DoubleMasenko"],"picked":"Saiyan:Fly+1","floor":47},{"not_picked":["Saiyan:KiStrike","Saiyan:KameHameHa+1"],"picked":"Saiyan:SaiyanHubris+1","floor":48},{"not_picked":["Saiyan:BackAttack+1","Saiyan:DragonFist+1"],"picked":"Saiyan:Quickening+1","floor":54}],"player_experience":447861,"relics_obtained":[{"floor":6,"key":"Lantern"},{"floor":9,"key":"Juzu Bracelet"},{"floor":12,"key":"InkBottle"},{"floor":14,"key":"ReplayTheSpireMod:Ring of Addiction"},{"floor":14,"key":"hubris:EmptyBottle"},{"floor":14,"key":"Chameleon Ring"},{"floor":25,"key":"Replay:Wax Seal"},{"floor":28,"key":"hubris:FunFungus"},{"floor":36,"key":"Mango"},{"floor":42,"key":"Gremlin Food"},{"floor":43,"key":"Art of War"},{"floor":46,"key":"Peace Pipe"},{"floor":54,"key":"ReplayTheSpireMod:Lightbulb"}],"event_choices":[{"damage_healed":0,"gold_gain":0,"player_choice":"Entered Light","damage_taken":12,"max_hp_gain":0,"max_hp_loss":0,"event_name":"Shining Light","floor":3,"gold_loss":0,"cards_upgraded":["Saiyan:SAIYA_Defend","Saiyan:SAIYA_Strike"]},{"damage_healed":0,"gold_gain":0,"player_choice":"Leave","damage_taken":0,"max_hp_gain":0,"max_hp_loss":0,"event_name":"conspire:Investor","floor":4,"gold_loss":0},{"damage_healed":0,"gold_gain":0,"player_choice":"Success","damage_taken":3,"relics_obtained":["Simple Rune"],"max_hp_gain":0,"max_hp_loss":0,"event_name":"Scrap Ooze","floor":5,"gold_loss":0},{"damage_healed":0,"gold_gain":0,"player_choice":"Simplicity","damage_taken":0,"max_hp_gain":0,"max_hp_loss":0,"event_name":"Back to Basics","floor":19,"gold_loss":0,"cards_upgraded":["Saiyan:SAIYA_Strike","Saiyan:SAIYA_Strike","Saiyan:SAIYA_Strike","Saiyan:SAIYA_Strike","Saiyan:SAIYA_Defend","Saiyan:SAIYA_Defend","Saiyan:SAIYA_Defend"]},{"damage_healed":0,"gold_gain":0,"player_choice":"Fight","damage_taken":0,"max_hp_gain":0,"max_hp_loss":0,"event_name":"Mysterious Sphere","floor":36,"gold_loss":0},{"damage_healed":0,"gold_gain":100,"player_choice":"Pray","damage_taken":0,"max_hp_gain":0,"max_hp_loss":0,"event_name":"Golden Shrine","floor":37,"gold_loss":0},{"cards_removed":["Saiyan:SAIYA_Strike"],"damage_healed":0,"gold_gain":0,"player_choice":"Removed Attack","damage_taken":0,"max_hp_gain":0,"max_hp_loss":0,"event_name":"Falling","floor":39,"gold_loss":0}],"is_beta":false,"boss_relics":[{"not_picked":["Philosopher\u0027s Stone","Calling Bell"],"picked":"SacredBark"},{"not_picked":["Snecko Eye","hubris:ScarierMask"],"picked":"hubris:TerracottaHorce"}],"items_purged_floors":[53],"is_endless":false,"potions_floor_spawned":[1,6,16,18,22,24,28,30,36,42,45,48,54],"ascension_level":7}}