{"host":"c59zqhrgluvxuu0k","time":1610318844,"event":{"mods":["100% Spire Juice","Arknights The Spire","BaseMod","Better Altar","Better Third Choice","BetterRewards","Colored Map","Colored Powertips","Curses Come First","Downfall","Friendly Minions","Hermit","Minty Spire (QoL Compilation)","Replay The Spire","Shop Mod","Spicy Shops","StSLib","The Blackbeard","The Cursed","The Death Knight","The Druid","The Jungle","The Runesmith","The Wild Card"],"gold_per_floor":[110,110,123,141,141,169,169,200,225,225,236,236,236,271,271,368,368,378,378,378,390,410,410,437,437,437,14,14,14,14,24,24,121,121,140,140,140,158,169,197,216,216,242,242,242,242,276,333,333,333,333,333,333,360,360,360],"floor_reached":55,"playtime":14581,"items_purged":[],"score":884,"play_id":"6292994c-2181-42e5-905c-cb975746b7fe","local_time":"20210110154724","is_ascension_mode":false,"campfire_choices":[{"data":"ats:Emotion Absorption","floor":7,"key":"SMITH"},{"data":"ats:Neurotoxin","floor":10,"key":"SMITH"},{"floor":13,"key":"REST"},{"data":"ats:Sword Rain","floor":15,"key":"SMITH"},{"data":"ats:Charging Defense","floor":23,"key":"SMITH"},{"floor":28,"key":"RECALL"},{"data":"ats:Burning Ground","floor":32,"key":"SMITH"},{"data":"ats:Neurotoxin","floor":42,"key":"SMITH"},{"data":"ats:Neurotoxin","floor":44,"key":"SMITH"},{"data":"expansioncontent:Torchfire","floor":49,"key":"SMITH"},{"data":"ats:Defend","floor":52,"key":"SMITH"}],"circlet_count":0,"master_deck":["ats:Strike C","ats:Strike G","ats:Strike S","ats:Strike V","ats:Armor Crushing Shot+1","ats:Defend+2","ats:Emotion Absorption+1","ats:Neurotoxin+1","ats:Apocalypse+1","ats:Sword Rain+1","ats:Assault Order","ats:Magnetic Hammer+1","ats:Disruption Kick+1","ats:Healing Drone+1","ats:Charging Defense+1","ats:Neurotoxin+1","ats:Burning Ground+1","Necronomicurse","ats:Defend Order+1","ats:Roar Of Ursus","ats:Rat Pack+1","ats:Roar Of Ursus+1","ats:Automatic Cover+1","ats:Consecutive Shot Auto+1","Madness","Madness","ats:Powerful Strike+1","ats:Neurotoxin+1","ats:Rapid Magazine+1","expansioncontent:Torchfire+1","ats:Explosion Area Strengthen","ats:Flexible Camouflage+1","ats:Dogmatic Field"],"relics":["ats:Sanity","NeowsBlessing","ats:Originium","Potion Belt","Guardian:PocketSentry","Simple Rune","ReplayTheSpireMod:TigerMarble","Mercury Hourglass","Replay:Grab Bag","ChewingGum","Coffee Dripper","expansioncontent:StudyCardRelic","MutagenicStrength","Bag of Marbles","Iron Hammer","Calipers","hexamod:BolsterEngine","ClockworkSouvenir","Replay:WaspNest","Necronomicon","Astrolabe","Runesmith:AutoHammer","Bronze Scales","ats:Ability Aura","Nunchaku"],"acts_visited":["Exordium","TheCity","TheBeyond","TheEnding"],"potions_floor_usage":[6,8,22,24,24,50,54,54],"damage_taken":[{"damage":0,"enemies":"Jaw Worm","floor":1,"turns":1},{"damage":0,"enemies":"Cultist","floor":3,"turns":1},{"damage":0,"enemies":"2 Louse","floor":4,"turns":1},{"damage":21,"enemies":"Lagavulin","floor":6,"turns":7},{"damage":35,"enemies":"3 Sentries","floor":8,"turns":7},{"damage":9,"enemies":"Large Slime","floor":11,"turns":4},{"damage":1,"enemies":"Gremlin Nob","floor":14,"turns":4},{"damage":13,"enemies":"Hexaghost","floor":16,"turns":8},{"damage":0,"enemies":"Spheric Guardian","floor":18,"turns":1},{"damage":2,"enemies":"2 Thieves","floor":21,"turns":2},{"damage":0,"enemies":"Snake Plant","floor":22,"turns":2},{"damage":0,"enemies":"Gremlin Leader","floor":24,"turns":6},{"damage":0,"enemies":"Centurion and Healer","floor":31,"turns":1},{"damage":0,"enemies":"Pondfish","floor":33,"turns":6},{"damage":0,"enemies":"Orb Walker","floor":35,"turns":2},{"damage":0,"enemies":"3 Darklings","floor":38,"turns":3},{"damage":10,"enemies":"Spire Growth","floor":39,"turns":4},{"damage":2,"enemies":"R_Hoarder","floor":40,"turns":7},{"damage":0,"enemies":"Sphere and 2 Shapes","floor":41,"turns":4},{"damage":0,"enemies":"Reptomancer","floor":47,"turns":4},{"damage":3,"enemies":"Donu and Deca","floor":50,"turns":7},{"damage":44,"enemies":"Shield and Spear","floor":54,"turns":4},{"damage":49,"enemies":"The Heart","floor":55,"turns":2}],"seed_played":"5044108111559748586","potions_obtained":[{"floor":1,"key":"Adrenaline Potion"},{"floor":4,"key":"Block Potion"},{"floor":14,"key":"ats:Top Emergency Sanity Potion"},{"floor":16,"key":"hexamod:EctoCoolerPotion"},{"floor":18,"key":"Dexterity Potion"},{"floor":22,"key":"Fire Potion"},{"floor":31,"key":"ats:Emergency Sanity Potion"},{"floor":38,"key":"ats:Emergency Sanity Potion"},{"floor":40,"key":"Ancient Potion"},{"floor":54,"key":"Fruit Juice"}],"is_trial":false,"path_per_floor":["M","?","M","M","?","E","R","E","T","R","M","?","R","E","R","B",null,"M","?","?","M","M","R","E","?","T","$","R","T","?","M","R","B",null,"M","?","?","M","M","E","M","R","T","R","?","?","E","?","R","B",null,"R","$","E","B"],"character_chosen":"DOCTOR_CLASS","items_purchased":["Calipers","ats:Burning Ground","hexamod:BolsterEngine","ClockworkSouvenir"],"campfire_rested":1,"item_purchase_floors":[27,27,27,27],"current_hp_per_floor":[72,72,72,72,72,51,51,24,24,24,23,16,37,36,36,27,72,72,72,51,49,54,54,72,72,72,72,72,72,56,56,56,69,72,72,63,63,63,71,72,72,72,72,72,72,72,72,54,54,64,72,72,72,33,0,0],"gold":360,"neow_bonus":"THREE_ENEMY_KILL","is_daily":false,"chose_seed":false,"campfire_upgraded":9,"win_rate":0.0,"timestamp":1610318844,"path_taken":["M","?","?","M","?","E","R","E","T","R","M","?","R","E","R","BOSS","M","?","?","M","M","R","E","?","T","$","R","?","?","M","R","BOSS","M","?","?","?","M","E","M","R","T","R","?","?","E","?","R","BOSS","R","$","E","BOSS"],"items_purchased_type":["Relic","Card","Relic","Relic"],"build_version":"2020-12-22","purchased_purges":0,"victory":false,"max_hp_per_floor":[72,72,72,72,72,72,72,72,72,72,72,72,72,72,72,72,72,72,72,72,72,72,72,72,72,72,72,72,72,72,72,72,72,72,72,72,72,72,72,72,72,72,72,72,72,72,72,72,72,72,72,72,72,77,77,77],"card_choices":[{"not_picked":["ats:Childhood Dance","ats:Shell Defense"],"picked":"ats:Neurotoxin","floor":1},{"not_picked":["ats:Consecutive Shot Auto","ats:Curse Doll"],"picked":"ats:Apocalypse","floor":3},{"not_picked":["ats:Assault Order","ats:Dogmatic Field"],"picked":"ats:Sword Rain","floor":4},{"not_picked":["ats:Cat Scratch","ats:Leaping Hammer","ats:Flexible Camouflage"],"picked":"SKIP","floor":6},{"not_picked":["ats:Steam Pump","ats:Poison Spread"],"picked":"ats:Shadow Assault","floor":8},{"not_picked":["ats:Spore Proliferation","ats:Curse Doll"],"picked":"ats:Assault Order","floor":11},{"not_picked":["ats:Shell Defense","ats:Support Order"],"picked":"ats:Magnetic Hammer","floor":14},{"not_picked":["ats:Ambush","ats:Nebulous Foxfire"],"picked":"ats:Disruption Kick","floor":16},{"not_picked":["ats:Leaping Hammer","ats:Shell Defense","ats:Apocalypse"],"picked":"SKIP","floor":18},{"not_picked":["ats:Shell Defense","ats:Consecutive Shot Auto+1"],"picked":"ats:Healing Drone+1","floor":21},{"not_picked":["ats:Shell Defense","ats:Explosion Area Strengthen+1"],"picked":"ats:Charging Defense","floor":22},{"not_picked":["ats:Flexible Camouflage","ats:Closed Bolt Burst Fire+1"],"picked":"ats:Neurotoxin","floor":24},{"not_picked":["ats:Steam Pump","ats:Curse Doll"],"picked":"ats:Defend Order+1","floor":31},{"not_picked":["ats:True Silver Slash","ats:Dogmatic Field"],"picked":"ats:Roar Of Ursus","floor":33},{"not_picked":["ats:Encircling Forest","ats:Shell Defense+1"],"picked":"ats:Consecutive Shot Auto+1","floor":35},{"not_picked":["ats:Shell Defense","ats:Guardian Obelisk+1"],"picked":"ats:Powerful Strike+1","floor":38},{"not_picked":["ats:Healing Drone+1","ats:Red Shift+1"],"picked":"ats:Neurotoxin","floor":39},{"not_picked":["ats:Ambush","ats:LN2 Cannon+1"],"picked":"ats:Rapid Magazine+1","floor":40},{"not_picked":["ats:Shell Defense","ats:Shadow Raid","ats:Revitalization"],"picked":"SKIP","floor":41},{"not_picked":["Trip","expansioncontent:DefensiveMode"],"picked":"expansioncontent:Torchfire","floor":46},{"not_picked":["ats:Steam Pump","ats:Apocalypse+1"],"picked":"ats:Explosion Area Strengthen","floor":47},{"not_picked":["ats:Childhood Dance+1","ats:Assault Order+1"],"picked":"ats:Flexible Camouflage+1","floor":48},{"not_picked":["ats:Red Shift","ats:Hook Shot"],"picked":"ats:Dogmatic Field","floor":54}],"player_experience":2168726,"relics_obtained":[{"floor":6,"key":"ats:Originium"},{"floor":6,"key":"Potion Belt"},{"floor":8,"key":"ats:Originium"},{"floor":8,"key":"Guardian:PocketSentry"},{"floor":9,"key":"Simple Rune"},{"floor":14,"key":"ats:Originium"},{"floor":14,"key":"Mercury Hourglass"},{"floor":24,"key":"Bag of Marbles"},{"floor":26,"key":"Iron Hammer"},{"floor":29,"key":"Replay:WaspNest"},{"floor":30,"key":"Necronomicon"},{"floor":40,"key":"Runesmith:AutoHammer"},{"floor":47,"key":"Bronze Scales"},{"floor":48,"key":"ats:Ability Aura"},{"floor":54,"key":"Nunchaku"}],"event_choices":[{"cards_removed":["ats:Defend"],"damage_healed":0,"gold_gain":0,"player_choice":"Purged","damage_taken":0,"max_hp_gain":0,"max_hp_loss":0,"event_name":"Purifier","floor":2,"gold_loss":0},{"damage_healed":0,"gold_gain":0,"player_choice":"Relic ","damage_taken":7,"max_hp_gain":0,"max_hp_loss":0,"event_name":"betterThird:BetterScrap","floor":12,"gold_loss":0,"cards_obtained":["Footwork"]},{"damage_healed":0,"gold_gain":0,"player_choice":"Inject Mutagens","damage_taken":0,"relics_obtained":["MutagenicStrength"],"max_hp_gain":0,"max_hp_loss":0,"event_name":"Drug Dealer","floor":19,"gold_loss":0},{"damage_healed":0,"gold_gain":0,"player_choice":"Obtained Book","damage_taken":16,"max_hp_gain":0,"max_hp_loss":0,"event_name":"Cursed Tome","floor":30,"gold_loss":0},{"damage_healed":0,"gold_gain":0,"player_choice":"Embrace Madness","damage_taken":9,"max_hp_gain":0,"max_hp_loss":0,"event_name":"Winding Halls","floor":36,"gold_loss":0,"cards_obtained":["Madness","Madness"]},{"damage_healed":0,"gold_gain":0,"player_choice":"Bought 0 Potions","damage_taken":0,"max_hp_gain":0,"max_hp_loss":0,"event_name":"The Woman in Blue","floor":37,"gold_loss":0},{"damage_healed":0,"gold_gain":0,"player_choice":"Ignored","damage_taken":0,"max_hp_gain":0,"max_hp_loss":0,"event_name":"Tomb of Lord Red Mask","floor":45,"gold_loss":0},{"damage_healed":0,"gold_gain":0,"player_choice":"Memory 1","damage_taken":0,"max_hp_gain":0,"max_hp_loss":0,"event_name":"SensoryStone","floor":46,"gold_loss":0}],"is_beta":false,"boss_relics":[{"not_picked":["SlaversCollar","Replay:Bronze Core"],"picked":"Replay:Grab Bag"},{"not_picked":["Busted Crown","ReplayTheSpireMod:DimensionalGlitch"],"picked":"ChewingGum"},{"not_picked":["Ectoplasm","Replay:Wanted Poster"],"picked":"Coffee Dripper"},{"not_picked":["Pandora\u0027s Box","ats:Sanity Plus"],"picked":"expansioncontent:StudyCardRelic"},{"not_picked":["Tiny House","Snecko Eye"],"picked":"Astrolabe"}],"items_purged_floors":[],"is_endless":false,"potions_floor_spawned":[1,4,14,16,18,22,31,38,40,54],"killed_by":"The Heart","ascension_level":0}}