{"host":"b995t17pt6d05w8c","time":1610278892,"event":{"mods":["AchievementEnabler","BaseMod","Colored Map","Minty Spire (QoL Compilation)","SuperFastMode"],"gold_per_floor":[209,209,209,284,209,209,224,240,240,251,264,264,264,293,293,395,395,414,425,325,325,341,341,3,3,3,3,29,39,56,76,76,175,175,195,195,208,228,1,1,1,1,1,1,1,1,13,30,30,30],"floor_reached":51,"playtime":1660,"items_purged":["Strike_G","Strike_G","Strike_G","Dash"],"score":1102,"play_id":"553a3f67-55f2-4e5f-9fe8-6f4df6bd3b92","local_time":"20210110204132","is_ascension_mode":true,"campfire_choices":[{"data":"Neutralize","floor":6.0,"key":"SMITH"},{"data":"1","floor":13.0,"key":"LIFT"},{"data":"2","floor":15.0,"key":"LIFT"},{"data":"3","floor":23.0,"key":"LIFT"},{"data":"Well Laid Plans","floor":25.0,"key":"SMITH"},{"floor":27.0,"key":"REST"},{"data":"After Image","floor":32.0,"key":"SMITH"},{"data":"Accuracy","floor":40,"key":"SMITH"},{"data":"Flechettes","floor":42,"key":"SMITH"},{"data":"Venomology","floor":45,"key":"SMITH"},{"data":"Phantasmal Killer","floor":49,"key":"SMITH"}],"circlet_count":0,"master_deck":["AscendersBane","Strike_G+1","Defend_G","Defend_G","Defend_G","Defend_G","Defend_G","Survivor","Neutralize+1","Blade Dance","After Image+1","Dagger Spray","Corpse Explosion","Flechettes+1","Well Laid Plans+1","Acrobatics","Venomology+1","Footwork+1","Infinite Blades+1","Accuracy+1","Blade Dance+1","Phantasmal Killer+1"],"relics":["Ring of the Serpent","Girya","WingedGreaves","Happy Flower","Ninja Scroll","Bird Faced Urn","WristBlade","Pear"],"acts_visited":["Exordium","TheCity","TheBeyond"],"potions_floor_usage":[38,47,50,50,50],"damage_taken":[{"damage":0.0,"enemies":"Cultist","floor":1.0,"turns":4.0},{"damage":0.0,"enemies":"Small Slimes","floor":7.0,"turns":2.0},{"damage":0.0,"enemies":"2 Louse","floor":8.0,"turns":3.0},{"damage":0.0,"enemies":"Large Slime","floor":10.0,"turns":5.0},{"damage":4.0,"enemies":"Lots of Slimes","floor":11.0,"turns":5.0},{"damage":0.0,"enemies":"3 Sentries","floor":14.0,"turns":7.0},{"damage":21.0,"enemies":"Slime Boss","floor":16.0,"turns":13.0},{"damage":11.0,"enemies":"Shell Parasite","floor":18.0,"turns":5.0},{"damage":1.0,"enemies":"Chosen","floor":19.0,"turns":4.0},{"damage":16.0,"enemies":"Centurion and Healer","floor":22.0,"turns":8.0},{"damage":19.0,"enemies":"Slavers","floor":28.0,"turns":3.0},{"damage":0.0,"enemies":"Snecko","floor":29.0,"turns":4.0},{"damage":0.0,"enemies":"Cultist and Chosen","floor":30.0,"turns":3.0},{"damage":5.0,"enemies":"Shelled Parasite and Fungi","floor":31.0,"turns":4.0},{"damage":69,"enemies":"Collector","floor":33,"turns":10},{"damage":0,"enemies":"3 Darklings","floor":35,"turns":2},{"damage":0,"enemies":"Orb Walker","floor":37,"turns":2},{"damage":12,"enemies":"Spire Growth","floor":38,"turns":4},{"damage":0,"enemies":"4 Shapes","floor":47,"turns":2},{"damage":10,"enemies":"Writhing Mass","floor":48,"turns":4},{"damage":68,"enemies":"Awakened One","floor":50,"turns":8}],"seed_played":"-5417664222564994614","potions_obtained":[{"floor":7.0,"key":"BlessingOfTheForge"},{"floor":16.0,"key":"FairyPotion"},{"floor":18.0,"key":"DuplicationPotion"},{"floor":19.0,"key":"Regen Potion"},{"floor":22.0,"key":"Explosive Potion"},{"floor":35,"key":"Block Potion"}],"is_trial":false,"path_per_floor":["M","?","?","?","$","R","M","M","T","M","M","?","R","E","R","B",null,"M","M","$","?","M","R","$","R","T","R","E","M","M","M","R","B",null,"M","?","M","M","$","R","$","R","T","?","R","$","M","M","R","B",null],"character_chosen":"THE_SILENT","items_purchased":["Well Laid Plans","Happy Flower","Accuracy"],"campfire_rested":1,"item_purchase_floors":[24,24,39],"current_hp_per_floor":[63,68,53,42,42,42,42,42,42,42,38,38,38,38,38,17,61,50,49,49,35,34,34,34,34,34,58,39,41,43,40,40,20,65,67,80,80,68,68,68,68,68,78,78,78,78,84,82,82,24],"gold":30,"neow_bonus":"HUNDRED_GOLD","is_daily":false,"chose_seed":false,"campfire_upgraded":7,"win_rate":0.0,"timestamp":1610278892,"path_taken":["M","?","?","?","$","R","M","M","T","M","M","?","R","E","R","BOSS","M","?","?","?","M","R","$","R","T","R","E","M","M","M","R","BOSS","M","?","M","M","?","R","$","R","T","?","R","?","?","M","R","BOSS"],"items_purchased_type":["Card","Relic","Card"],"build_version":"2020-12-22","purchased_purges":4,"victory":true,"max_hp_per_floor":[70,75,75,75,75,75,75,75,75,75,75,75,75,75,75,75,75,75,75,75,80,80,80,80,80,80,80,80,80,80,80,80,80,80,80,80,80,80,80,80,80,80,90,90,90,90,90,90,90,90],"card_choices":[{"not_picked":["Cloak And Dagger","Dodge and Roll"],"picked":"Blade Dance","floor":1.0},{"not_picked":["Slice","PiercingWail","Skewer"],"picked":"SKIP","floor":7.0},{"not_picked":["Prepared","Blade Dance"],"picked":"Dash","floor":8.0},{"not_picked":["Sucker Punch","Expertise"],"picked":"Masterful Stab","floor":10.0},{"not_picked":["Cloak And Dagger","Crippling Poison","Skewer"],"picked":"SKIP","floor":11.0},{"not_picked":["A Thousand Cuts","Sucker Punch"],"picked":"Dagger Spray","floor":14.0},{"not_picked":["Adrenaline","Venomology"],"picked":"Corpse Explosion","floor":16.0},{"not_picked":["Riddle With Holes","Sucker Punch","Slice"],"picked":"SKIP","floor":18.0},{"not_picked":["Riddle With Holes","Sucker Punch","Slice"],"picked":"SKIP","floor":18.0},{"not_picked":["Heel Hook","Bane"],"picked":"Flechettes","floor":19.0},{"not_picked":["Deflect","Dash","Blade Dance"],"picked":"SKIP","floor":22.0},{"not_picked":["Caltrops","Slice+1"],"picked":"Acrobatics","floor":28.0},{"not_picked":["Slice","Dodge and Roll","Poisoned Stab"],"picked":"SKIP","floor":29.0},{"not_picked":["Quick Slash","Leg Sweep","Dodge and Roll"],"picked":"SKIP","floor":30.0},{"not_picked":["Dagger Spray","Endless Agony+1","Crippling Poison"],"picked":"SKIP","floor":31.0},{"not_picked":["Glass Knife","Storm of Steel"],"picked":"Venomology","floor":33},{"not_picked":["Endless Agony","PiercingWail+1"],"picked":"Footwork+1","floor":35},{"not_picked":["Deflect","Bane"],"picked":"Infinite Blades+1","floor":37},{"not_picked":["Caltrops+1","Leg Sweep+1","Dagger Throw"],"picked":"SKIP","floor":38},{"not_picked":["Acrobatics","Deflect"],"picked":"Blade Dance+1","floor":47},{"not_picked":["Bane+1","Outmaneuver"],"picked":"Phantasmal Killer","floor":48}],"player_experience":90356,"relics_obtained":[{"floor":9.0,"key":"Girya"},{"floor":14.0,"key":"WingedGreaves"},{"floor":26.0,"key":"Ninja Scroll"},{"floor":28.0,"key":"Bird Faced Urn"},{"floor":43,"key":"Pear"}],"event_choices":[{"damage_healed":0.0,"max_hp_gain":5.0,"max_hp_loss":0.0,"gold_gain":0.0,"event_name":"Big Fish","player_choice":"Donut","floor":2.0,"gold_loss":0.0,"damage_taken":0.0},{"damage_healed":0.0,"max_hp_gain":0.0,"max_hp_loss":0.0,"gold_gain":0.0,"event_name":"Shining Light","player_choice":"Entered Light","floor":3.0,"gold_loss":0.0,"damage_taken":15.0,"cards_upgraded":["Strike_G","Strike_G"]},{"damage_healed":0.0,"max_hp_gain":0.0,"max_hp_loss":0.0,"gold_gain":75.0,"event_name":"World of Goop","player_choice":"Gather Gold","floor":4.0,"gold_loss":0.0,"damage_taken":11.0},{"damage_healed":0.0,"max_hp_gain":0.0,"max_hp_loss":0.0,"gold_gain":0.0,"event_name":"Match and Keep!","player_choice":"1 cards matched","floor":12.0,"gold_loss":0.0,"damage_taken":0.0,"cards_obtained":["After Image"]},{"damage_healed":0.0,"max_hp_gain":5.0,"max_hp_loss":0.0,"gold_gain":0.0,"event_name":"Forgotten Altar","player_choice":"Shed Blood","floor":21.0,"gold_loss":0.0,"damage_taken":19.0},{"cards_removed":["Masterful Stab"],"damage_healed":13,"gold_gain":0,"player_choice":"Offered Uncommon","damage_taken":0,"max_hp_gain":0,"max_hp_loss":0,"event_name":"Bonfire Elementals","floor":36,"gold_loss":0},{"cards_removed":["Strike_G"],"damage_healed":0,"gold_gain":0,"player_choice":"Removed Attack","damage_taken":0,"max_hp_gain":0,"max_hp_loss":0,"event_name":"Falling","floor":44,"gold_loss":0}],"is_beta":false,"boss_relics":[{"not_picked":["Busted Crown","Black Star"],"picked":"Ring of the Serpent"},{"not_picked":["Tiny House","Runic Dome"],"picked":"WristBlade"}],"items_purged_floors":[5,20,24,39],"is_endless":false,"potions_floor_spawned":[7,16,18,19,22,35,38,47],"ascension_level":12}}