{"host":"gyphjc57tbbk9zp6","time":1610280194,"event":{"mods":["Act Like it!","BaseMod","Downfall","Elementarium","Friendly Minions","FruityMod","Gensokyo","Gremlin Skip","Hallownest","Hermit","Highlight Path","Hubris","Hyrulean Relics","Infinite Spire","Ironclad Rager","Jorbs\u0027s Wanderer Trilogy","KinomotoSakuraMod(????)","Kiyohime????","Koishi","Luminous","Mad Scientist","Marisa????????","Mimic Mod","Minty Spire (QoL Compilation)","Nova Terra(??·??)","Pale of the Ancients","Potionbrewer","Shedinja","StSLib","SuperFastMode","Td1madao Mod","The Administrix","The Alterego","The Blackbeard","The Bladedancer","The Bug Knight","The Construct","The Disciple","The Druid","The Elementalist","The Exalted","The Factory","The Hayseed","The Hierophant","The Judge","The Juggle","The Jungle","The Mystic","The Poker Player","The Senshi","The Servant 0.9.4","The Trickster","The Vixen","The Wild Card","TheHero","TheSwordswoman","TheVelvet","Yuyuko"],"gold_per_floor":[99,111,261,280,299,299,299,334,334,364,374,374,374,408,419,419,419],"floor_reached":16,"playtime":1133,"items_purged":[],"score":120,"play_id":"6921e932-fee8-463d-a7cf-e980a4538a82","local_time":"20210110060314","is_ascension_mode":false,"campfire_choices":[{"floor":1,"key":"RECALL"}],"circlet_count":0,"master_deck":["Luminous:Light_Flash_Shower","Luminous:Dark_Abyssal_Drop","Luminous:Dark_Abyssal_Drop","Luminous:Dark_Abyssal_Drop","Luminous:Defend_Luminous","Luminous:Defend_Luminous","Luminous:Defend_Luminous","Luminous:Defend_Luminous","Luminous:Switch_Luminous","Luminous:Dark_Morning_Star","Slimebound:Icky","Luminous:Lunar_Tide_Luminous+1","Luminous:Light_Glare","Luminous:Abyss_Heart_Luminous","Luminous:Light_Ray_of_Redemption+1","Luminous:Arcane_Rage_Luminous"],"relics":["Luminous:MirrorRelic","HornCleat","infinitespire:Satchel","Anchor","Ancient Tea Set"],"acts_visited":["Exordium"],"potions_floor_usage":[14,16],"damage_taken":[{"damage":6,"enemies":"Jaw Worm","floor":2,"turns":4},{"damage":6,"enemies":"2 Louse","floor":4,"turns":3},{"damage":1,"enemies":"Cultist","floor":5,"turns":3},{"damage":24,"enemies":"HollowMod:MossKnight","floor":8,"turns":7},{"damage":3,"enemies":"Gremlin Nob","floor":10,"turns":5},{"damage":8,"enemies":"Large Slime","floor":11,"turns":8},{"damage":9,"enemies":"3 Sentries","floor":14,"turns":8},{"damage":0,"enemies":"3 Louse","floor":15,"turns":4},{"damage":43,"enemies":"downfall:Defect","floor":16,"turns":9}],"seed_played":"824866525565451926","potions_obtained":[{"floor":5,"key":"construct:ShiftPotion"},{"floor":10,"key":"hexamod:EctoCoolerPotion"}],"is_trial":false,"path_per_floor":["R","M","?","M","M","?","T","E","?","E","M","?","?","E","M","B"],"character_chosen":"LuminousClass","items_purchased":[],"campfire_rested":0,"item_purchase_floors":[],"current_hp_per_floor":[82,76,76,70,69,69,69,45,45,42,38,35,35,30,36,0,0],"gold":419,"neow_bonus":"TEN_PERCENT_HP_BONUS","is_daily":false,"chose_seed":false,"campfire_upgraded":0,"win_rate":0.0,"timestamp":1610280194,"path_taken":["R","M","?","M","M","?","T","E","?","E","?","?","?","E","M","BOSS"],"items_purchased_type":[],"build_version":"2020-12-22","purchased_purges":0,"victory":false,"max_hp_per_floor":[82,82,82,82,82,82,82,82,82,82,82,82,82,82,82,82,82],"card_choices":[{"not_picked":["Luminous:Dark_Apocalypse","Luminous:Accumulation_Luminous"],"picked":"Luminous:Dark_Morning_Star","floor":2},{"not_picked":["Luminous:Balance_Ender","Luminous:Balance_Death_Scythe"],"picked":"Luminous:Lunar_Tide_Luminous","floor":4},{"not_picked":["Luminous:Light_Sylvan_Lance","Luminous:Dark_Dim_Erosion"],"picked":"Luminous:Light_Glare","floor":5},{"not_picked":["Luminous:Light_Disperse","Luminous:Light_Glare"],"picked":"Luminous:Abyss_Heart_Luminous","floor":8},{"not_picked":["Luminous:Light_Wash_Luminous","Luminous:Light_Sylvan_Lance"],"picked":"Luminous:Light_Ray_of_Redemption","floor":10},{"not_picked":["Luminous:Dark_Pressure_Void","Luminous:Light_Disperse","Luminous:Magic_Boost_Luminous"],"picked":"SKIP","floor":11},{"not_picked":["Luminous:Lights_Protection_Luminous","Luminous:Darks_Surge_Luminous"],"picked":"Luminous:Arcane_Rage_Luminous","floor":14},{"not_picked":["Luminous:Dark_Dim_Erosion","Luminous:Blinding_Pillar_Luminous","Luminous:Accumulation_Luminous"],"picked":"SKIP","floor":15}],"player_experience":1042067,"relics_obtained":[{"floor":7,"key":"HornCleat"},{"floor":8,"key":"infinitespire:Satchel"},{"floor":10,"key":"Anchor"},{"floor":14,"key":"Ancient Tea Set"}],"event_choices":[{"damage_healed":0,"gold_gain":0,"player_choice":"Forge","damage_taken":0,"max_hp_gain":0,"max_hp_loss":0,"event_name":"Accursed Blacksmith","floor":9,"gold_loss":0,"cards_upgraded":["Luminous:Lunar_Tide_Luminous"]},{"cards_removed":["Luminous:Light_Flash_Shower"],"damage_healed":0,"gold_gain":0,"player_choice":"Card Removal","damage_taken":0,"max_hp_gain":0,"max_hp_loss":0,"event_name":"The Cleric","floor":13,"gold_loss":0}],"is_beta":false,"boss_relics":[],"items_purged_floors":[],"is_endless":false,"potions_floor_spawned":[5,10],"killed_by":"downfall:Defect","ascension_level":0}}