{"host":"p7j7o00jacnw7qzt","time":1610249181,"event":{"mods":["BaseMod","Colored Map","Colored Powertips","DeckTracker","Highlight Path","Minty Spire (QoL Compilation)","Relic Stats"],"gold_per_floor":[109,184,16,16,16,16,53,53,53,96,116,116,116,150,150,221,221,231,250,108,108,108],"floor_reached":21,"playtime":487,"items_purged":["Strike_R"],"score":486,"play_id":"5fc0a5c6-6644-425e-9c9c-bfdf0f0a17c2","local_time":"20210109222621","is_ascension_mode":true,"campfire_choices":[{"data":"Body Slam","floor":6.0,"key":"SMITH"},{"data":"Demon Form","floor":8.0,"key":"SMITH"},{"data":"Sword Boomerang","floor":13.0,"key":"SMITH"},{"floor":15.0,"key":"RECALL"}],"circlet_count":0,"master_deck":["AscendersBane","Strike_R","Strike_R","Strike_R+1","Strike_R","Defend_R","Defend_R","Defend_R","Defend_R","Bash","Body Slam+1","Demon Form+1","Offering+1","Sword Boomerang+1","Shrug It Off"],"relics":["Burning Blood","NeowsBlessing","Membership Card","CeramicFish","Pantograph","Mummified Hand","Anchor","Runic Dome","Juzu Bracelet"],"acts_visited":["Exordium","TheCity"],"potions_floor_usage":[21],"damage_taken":[{"damage":0.0,"enemies":"2 Louse","floor":1.0,"turns":1.0},{"damage":0.0,"enemies":"Gremlin Nob","floor":7.0,"turns":1.0},{"damage":0.0,"enemies":"3 Sentries","floor":10.0,"turns":2.0},{"damage":13.0,"enemies":"Jaw Worm","floor":11.0,"turns":3.0},{"damage":21.0,"enemies":"Lagavulin","floor":14.0,"turns":5.0},{"damage":33.0,"enemies":"The Guardian","floor":16.0,"turns":9.0},{"damage":23.0,"enemies":"Shell Parasite","floor":18.0,"turns":3.0},{"damage":18.0,"enemies":"2 Thieves","floor":19.0,"turns":3.0},{"damage":40,"enemies":"Snake Plant","floor":21,"turns":3}],"seed_played":"5524247501362670015","potions_obtained":[{"floor":1.0,"key":"Dexterity Potion"},{"floor":14.0,"key":"Explosive Potion"},{"floor":16.0,"key":"PowerPotion"}],"is_trial":false,"path_per_floor":["M","?","$","?","$","R","E","R","T","E","M","?","R","E","R","B",null,"M","M","$","M"],"character_chosen":"IRONCLAD","items_purchased":["Membership Card","Juzu Bracelet","Shrug It Off"],"campfire_rested":0,"item_purchase_floors":[3,20,20],"current_hp_per_floor":[74,63,63,68,68,68,74,74,74,80,73,49,49,34,34,32,68,51,39,39,0,0],"gold":108,"neow_bonus":"THREE_ENEMY_KILL","is_daily":false,"chose_seed":false,"campfire_upgraded":3,"win_rate":0.0,"timestamp":1610249181,"path_taken":["M","?","$","?","$","R","E","R","T","E","M","?","R","E","R","BOSS","M","M","$","M"],"items_purchased_type":["Relic","Relic","Card"],"build_version":"2020-12-22","purchased_purges":1,"victory":false,"max_hp_per_floor":[75,75,75,80,80,80,80,80,80,80,80,80,80,80,80,80,80,80,80,80,80,80],"relic_stats":{"counters":[9,30],"Mummified Hand":[5],"CeramicFish":36,"Pantograph":25,"Juzu Bracelet":0,"obtain_stats":[{"Runic Dome":17,"Anchor":14,"NeowsBlessing":0,"Mummified Hand":10,"CeramicFish":7,"Pantograph":9,"Juzu Bracelet":20,"Membership Card":3,"Burning Blood":0},{"Runic Dome":6,"Anchor":5,"NeowsBlessing":0,"Mummified Hand":3,"CeramicFish":2,"Pantograph":2,"Juzu Bracelet":8,"Membership Card":1,"Burning Blood":0},{"Runic Dome":21,"Anchor":12,"NeowsBlessing":0,"Mummified Hand":4,"CeramicFish":2,"Pantograph":2,"Juzu Bracelet":27,"Membership Card":1,"Burning Blood":0}],"Burning Blood":48},"card_choices":[{"not_picked":["Infernal Blade","Thunderclap"],"picked":"Body Slam","floor":1.0},{"not_picked":["Warcry","Cleave"],"picked":"Demon Form","floor":7.0},{"not_picked":["Warcry","True Grit"],"picked":"Offering","floor":10.0},{"not_picked":["True Grit","Anger"],"picked":"Sword Boomerang","floor":11.0},{"not_picked":["Anger","Flame Barrier","Iron Wave"],"picked":"SKIP","floor":14.0},{"not_picked":["Perfected Strike","Wild Strike","Thunderclap"],"picked":"SKIP","floor":18.0},{"not_picked":["Twin Strike","Carnage","Metallicize+1"],"picked":"SKIP","floor":19.0}],"player_experience":1027708,"relics_obtained":[{"floor":7.0,"key":"CeramicFish"},{"floor":9.0,"key":"Pantograph"},{"floor":10.0,"key":"Mummified Hand"},{"floor":14.0,"key":"Anchor"}],"event_choices":[{"damage_healed":0.0,"max_hp_gain":0.0,"max_hp_loss":0.0,"gold_gain":75.0,"event_name":"World of Goop","player_choice":"Gather Gold","floor":2.0,"gold_loss":0.0,"damage_taken":11.0},{"damage_healed":0.0,"max_hp_gain":5.0,"max_hp_loss":0.0,"gold_gain":0.0,"event_name":"Big Fish","player_choice":"Donut","floor":4.0,"gold_loss":0.0,"damage_taken":0.0},{"damage_healed":0.0,"max_hp_gain":0.0,"max_hp_loss":0.0,"gold_gain":0.0,"event_name":"Shining Light","player_choice":"Entered Light","floor":12.0,"gold_loss":0.0,"damage_taken":24.0,"cards_upgraded":["Offering","Strike_R"]}],"is_beta":false,"boss_relics":[{"not_picked":["Coffee Dripper","Snecko Eye"],"picked":"Runic Dome"}],"items_purged_floors":[20],"is_endless":false,"potions_floor_spawned":[1,14,16,19],"killed_by":"Snake Plant","ascension_level":20}}