{"host":"k67zwea37tbl4jhz","time":1610241731,"event":{"mods":["AchievementEnabler","Act Like it!","Aspiration","Bard","BaseMod","Beaked The Cultist","Better Altar","Better Match","Better Note","Better Sensory Stone","Better Skull","Better Third Choice","BetterRewards","CCEM","Clawfect","Colored Map","Conspire","Downfall","GifTheSpireLib","Googly Eyes","Halation","Hermit","Highlight Path","Hubris","Hunter ??","Jedi Mod","Jorbs\u0027s Wanderer Trilogy","Mad Scientist","Marisa????????","Mimic Mod","Minty Spire (QoL Compilation)","Permanent Neow","Replay The Spire","Shade Mod","Shop Mod","Spicy Shops","StSLib","Stuff the Spire","The Administrix","The Blackbeard","The Construct","The Cursed","The Disciple","The Gatherer","The Hierophant","The IronCluck","The Jungle","The Mystic","The Necromancer","The Problem Sleuth","The Runesmith","The Servant 0.9.4","The Spell Scribe","The Witch","Unceasing Turn Reminder","everything is the same but u backflip on backflip","slay the spire mod where everything is the same but ironclad has a cowboy hat"],"gold_per_floor":[99,115,115,25,25,50,129,142,174,184,196,196,121,134,150,247,247,247,264,264,264,264,275,275,292,292,292,310,329,279,175,186,186,196,295,295,220,220,237,58,76,102,102,102,120,151,151,156,156,190,204,204],"floor_reached":53,"playtime":3775,"items_purged":["Regret","champ:FlashCut","champ:CrownThrow","champ:Execute"],"score":834,"play_id":"01a60a46-cca6-43f3-b634-1f2fd75db507","local_time":"20210109202211","is_ascension_mode":false,"campfire_choices":[{"data":"champ:Taunt","floor":1,"key":"SMITH"},{"floor":13,"key":"REST"},{"floor":18,"key":"RECALL"},{"data":"Apotheosis","floor":37,"key":"SMITH"},{"floor":47,"key":"REST"}],"circlet_count":0,"master_deck":["champ:Strike","champ:Strike+1","champ:Strike+1","champ:Defend","champ:Defend+1","champ:Defend","champ:Defend","champ:Taunt+1","champ:ArenaPreparation","champ:DefensiveShout","champ:FocusedDefense+1","champ:Lariat","champ:CalledShot","champ:BringItOn","champ:VampiricStrike","champ:TornadoPunch","Apotheosis+1","champ:ShieldThrow","champ:FocusedDefense+1","champ:HoldFirm","champ:HoldFirm","champ:Circumvent+1","champ:FalseCounter+1","champ:ShieldWall+1","Wraith"],"relics":["halation:PinkSoulGem","Quantum Egg","Bottled Lightning","downfall:HeartBlessingBlue","conspire:SlowCooker","aspiration:FutureDiary","StuffTheSpire:Kangaroo","HandDrill","MerchantsRug","hubris:TerracottaHorce","downfall:HeartBlessingRed","StuffTheSpire:EmeraldSignet","jedi:HeartOfTheCards","Golden Egg","Chemical X","Runesmith:Nanobots"],"acts_visited":["Exordium","TheCity","TheBeyond"],"potions_floor_usage":[9,28],"damage_taken":[{"damage":27,"enemies":"Jaw Worm","floor":2,"turns":4},{"damage":20,"enemies":"downfall:FleeingMerchant","floor":4,"turns":4},{"damage":39,"enemies":"3 Sentries","floor":6,"turns":8},{"damage":5,"enemies":"Small Slimes","floor":8,"turns":4},{"damage":11,"enemies":"Replay:BlueRogue","floor":9,"turns":3},{"damage":5,"enemies":"Cultist","floor":10,"turns":3},{"damage":16,"enemies":"Large Slime","floor":11,"turns":6},{"damage":10,"enemies":"Red Slaver","floor":14,"turns":2},{"damage":18,"enemies":"Exordium Wildlife","floor":15,"turns":3},{"damage":13,"enemies":"downfall:Ironclad","floor":16,"turns":9},{"damage":5,"enemies":"Spheric Guardian","floor":19,"turns":3},{"damage":17,"enemies":"3 Byrds","floor":23,"turns":6},{"damage":34,"enemies":"Snake Plant","floor":25,"turns":4},{"damage":43,"enemies":"Shelled Parasite and Fungi","floor":28,"turns":6},{"damage":44,"enemies":"Sentry and Sphere","floor":29,"turns":6},{"damage":9,"enemies":"downfall:FleeingMerchant","floor":31,"turns":4},{"damage":33,"enemies":"Centurion and Healer","floor":32,"turns":4},{"damage":21,"enemies":"Snake Plant","floor":34,"turns":3},{"damage":28,"enemies":"downfall:Silent","floor":35,"turns":8},{"damage":17,"enemies":"3 Shapes","floor":39,"turns":3},{"damage":13,"enemies":"downfall:FleeingMerchant","floor":40,"turns":4},{"damage":8,"enemies":"Orb Walker","floor":41,"turns":3},{"damage":59,"enemies":"R_Hoarder","floor":42,"turns":9},{"damage":16,"enemies":"Maw","floor":45,"turns":5},{"damage":19,"enemies":"beaked:SuperParasite","floor":46,"turns":6},{"damage":38,"enemies":"downfall:FleeingMerchant","floor":48,"turns":4},{"damage":45,"enemies":"R_Hoarder","floor":50,"turns":6},{"damage":23,"enemies":"Spire Growth","floor":51,"turns":4},{"damage":5,"enemies":"downfall:Watcher","floor":52,"turns":5}],"seed_played":"3400313194899040150","potions_obtained":[{"floor":6,"key":"champ:UltimateStancePotion"},{"floor":8,"key":"SpeedPotion"},{"floor":10,"key":"SpeedPotion"},{"floor":14,"key":"champ:TechniquePotion"},{"floor":28,"key":"Swift Potion"},{"floor":32,"key":"Guardian:BlockOnCardUsePotion"},{"floor":35,"key":"SpeedPotion"},{"floor":41,"key":"jedi:wingpotion"},{"floor":42,"key":"LiquidBronze"}],"is_trial":false,"path_per_floor":["R","M","?","$","?","E","T","M","E","M","M","?","R","M","M","B",null,"R","M","?","PTL","PTL","M","$","M","T","T","M","M","?","$","M","?","M","B",null,"R","?","M","$","M","E","T","?","M","E","R","$","?","E","M","B",null],"character_chosen":"THE_CHAMP","items_purchased":["HandDrill","MerchantsRug","Apotheosis","champ:HoldFirm","champ:ShieldWall","Chemical X"],"campfire_rested":2,"item_purchase_floors":[24,31,31,40,48,48],"current_hp_per_floor":[90,73,73,72,72,38,38,38,32,32,21,21,61,61,48,40,100,100,100,100,100,100,92,82,66,66,69,55,31,67,62,63,73,58,41,88,88,88,92,103,101,80,80,80,91,86,103,94,94,103,86,96],"gold":204,"neow_bonus":"THREE_CARDS","is_daily":false,"chose_seed":false,"campfire_upgraded":2,"win_rate":0.0,"timestamp":1610241731,"path_taken":["R","M","?","$","?","E","T","M","E","M","M","?","R","?","M","BOSS","R","M","?","PTL","PTL","M","?","?","T","?","?","M","?","$","M","?","M","BOSS","R","?","M","$","M","E","T","?","M","E","R","$","?","E","M","BOSS"],"items_purchased_type":["Relic","Relic","Card","Card","Card","Relic"],"build_version":"2020-12-22","purchased_purges":4,"victory":true,"max_hp_per_floor":[90,90,90,90,90,90,90,90,90,90,90,90,100,100,100,100,100,100,100,100,100,100,100,100,100,100,103,103,103,103,103,103,103,103,103,103,103,103,103,103,103,103,103,103,103,103,103,103,103,103,103,103],"card_choices":[{"not_picked":["champ:EndlessRage","champ:DeathBlow"],"picked":"champ:ArenaPreparation","floor":0},{"not_picked":["champ:StanceDance","champ:RapidStrikes"],"picked":"champ:DefensiveShout","floor":2},{"not_picked":["champ:GladiatorsShout","champ:DefensiveShout","champ:Haymaker"],"picked":"SKIP","floor":4},{"not_picked":["champ:EnGarde","champ:GutPunch"],"picked":"champ:FocusedDefense","floor":6},{"not_picked":["champ:BladeFlurry","champ:AdrenalArmor"],"picked":"champ:Lariat","floor":8},{"not_picked":["champ:LastStand","champ:StanceDance","champ:GutPunch"],"picked":"SKIP","floor":9},{"not_picked":["champ:AdrenalArmor","champ:Encircle","champ:BladeFlurry"],"picked":"SKIP","floor":10},{"not_picked":["champ:GutPunch","champ:FocusedGladiator"],"picked":"champ:CalledShot","floor":11},{"not_picked":["champ:AdrenalArmor","champ:GladiatorsShout","champ:FanOfKnives"],"picked":"SKIP","floor":14},{"not_picked":["champ:FaceSlap","champ:GladiatorsShout"],"picked":"champ:BringItOn","floor":15},{"not_picked":["champ:CheapShot","champ:Devastate"],"picked":"champ:VampiricStrike","floor":16},{"not_picked":["champ:GladiatorsShout","champ:CrookedStrike","champ:AdrenalArmor"],"picked":"SKIP","floor":19},{"not_picked":["champ:Backstep","champ:DefensiveShout"],"picked":"champ:FlashCut","floor":23},{"not_picked":["champ:CheapShot","champ:Haymaker+1","champ:BladeFlurry"],"picked":"SKIP","floor":25},{"not_picked":["champ:ArenaPreparation+1","champ:Lariat+1","champ:DeathBlow"],"picked":"SKIP","floor":28},{"not_picked":["champ:CrookedStrike+1","champ:Shatter+1"],"picked":"champ:TornadoPunch","floor":29},{"not_picked":["champ:BladeFlurry","champ:StanceDance","champ:BerserkersShout"],"picked":"SKIP","floor":31},{"not_picked":["champ:RapidStrikes","champ:TornadoPunch","champ:Backstep"],"picked":"SKIP","floor":32},{"not_picked":["champ:Circumvent","champ:BerserkersShout"],"picked":"champ:CrownThrow","floor":34},{"not_picked":["champ:MurderStrike","champ:Devastate"],"picked":"champ:ShieldThrow","floor":35},{"not_picked":["champ:DefensiveShout","champ:FightOn"],"picked":"champ:FocusedDefense+1","floor":39},{"not_picked":["champ:CrookedStrike+1","champ:FlashCut","champ:DancingMaster"],"picked":"SKIP","floor":40},{"not_picked":["champ:BerserkersShout","champ:GladiatorsShout"],"picked":"champ:Circumvent+1","floor":41},{"not_picked":["champ:EnragedBash","champ:BladeFlurry","champ:Circumvent"],"picked":"SKIP","floor":42},{"not_picked":["champ:BringItOn","champ:PreciseThrust+1","champ:RecklessLeap"],"picked":"SKIP","floor":45},{"not_picked":["champ:PerfectedStrike","champ:FanOfKnives","champ:Circumvent+1"],"picked":"SKIP","floor":46},{"not_picked":["champ:FanOfKnives+1","champ:EndlessRage+1"],"picked":"champ:FalseCounter","floor":48},{"not_picked":["champ:MurderStrike","champ:FlashCut","champ:FalseCounter+1"],"picked":"SKIP","floor":50},{"not_picked":["champ:FalseCounter","champ:ArenaPreparation+1","champ:FightOn"],"picked":"SKIP","floor":51}],"player_experience":155264,"relics_obtained":[{"floor":6,"key":"Quantum Egg"},{"floor":9,"key":"Bottled Lightning"},{"floor":26,"key":"Replay:Arrowhead"},{"floor":27,"key":"StuffTheSpire:Rhapsscallions"},{"floor":42,"key":"StuffTheSpire:EmeraldSignet"},{"floor":43,"key":"jedi:HeartOfTheCards"},{"floor":46,"key":"Golden Egg"},{"floor":50,"key":"Runesmith:Nanobots"}],"event_choices":[{"damage_healed":0,"gold_gain":0,"player_choice":"Upgraded","damage_taken":0,"max_hp_gain":0,"max_hp_loss":0,"event_name":"Upgrade Shrine","floor":12,"gold_loss":0,"cards_upgraded":["champ:FocusedDefense"]},{"damage_healed":0,"gold_gain":0,"player_choice":"Ignored","damage_taken":0,"max_hp_gain":0,"max_hp_loss":0,"event_name":"betterNote:BetterNote","floor":20,"gold_loss":0,"cards_obtained":["hexamod:RadiantFlame"]},{"damage_healed":0,"gold_gain":0,"player_choice":"Ignored","damage_taken":0,"max_hp_gain":0,"max_hp_loss":0,"event_name":"OrinTheCat","floor":49,"gold_loss":0}],"is_beta":false,"boss_relics":[{"not_picked":["SacredBark","hubris:BlackHole"],"picked":"Replay:Grab Bag"},{"not_picked":["hubris:CrackedHourglass","hubris:VirtuousBlindfold"],"picked":"conspire:SlowCooker"},{"not_picked":["CCEMRelics:GreenEgg","halation:ForbiddenBikini"],"picked":"aspiration:FutureDiary"},{"not_picked":["halation:PinkAlligatorPlush","Ring of Chaos"],"picked":"StuffTheSpire:Kangaroo"},{"not_picked":["halation:PlatinumPhoenix","CCEMRelics:TransientCore"],"picked":"hubris:TerracottaHorce"}],"items_purged_floors":[4,31,40,48],"is_endless":false,"potions_floor_spawned":[6,8,10,14,23,28,32,35,41,42,46],"ascension_level":0}}