{"host":"pf47v7h0307523iy","time":1610278008,"event":{"mods":["BaseMod","Minty Spire (QoL Compilation)"],"gold_per_floor":[119,136,5,5,17,17,42,42,42,69,69,98,98,109,109,186,186,197,213,223,223,51,51,82,82,82,109,135,135,25,45,45,132,132,146,162,162,175,188,222,251,267,267,282,282,302,333,66,66,66,66,66,66,10,46,46],"floor_reached":57,"playtime":9064,"items_purged":["Strike_G","Defend_G"],"score":3273,"play_id":"5297f3d0-b125-4727-8fe9-c0d85411e0ff","local_time":"20210110132648","is_ascension_mode":true,"campfire_choices":[{"data":"Malaise","floor":6.0,"key":"SMITH"},{"data":"Neutralize","floor":8.0,"key":"SMITH"},{"data":"Predator","floor":11.0,"key":"SMITH"},{"data":"Poisoned Stab","floor":15.0,"key":"SMITH"},{"data":"Caltrops","floor":23.0,"key":"SMITH"},{"data":"Footwork","floor":25.0,"key":"SMITH"},{"data":"Distraction","floor":29.0,"key":"SMITH"},{"data":"Adrenaline","floor":32.0,"key":"SMITH"},{"data":"After Image","floor":45,"key":"SMITH"},{"floor":49,"key":"RECALL"},{"data":"Night Terror","floor":53,"key":"SMITH"}],"circlet_count":0,"master_deck":["AscendersBane","Strike_G","Defend_G+1","Defend_G","Defend_G","Defend_G","Survivor","Neutralize+1","Poisoned Stab+1","Heel Hook","Predator+1","Malaise+1","Heel Hook","Backstab","Distraction+1","Night Terror+1","Footwork+1","Blur","Heel Hook","PiercingWail","Caltrops+1","Footwork+1","Adrenaline+1","After Image+1","PiercingWail+1","Heel Hook+1"],"relics":["Ring of the Snake","Happy Flower","Letter Opener","StrikeDummy","Eternal Feather","Unceasing Top","Runic Pyramid","CeramicFish","Ginger","Kunai","Busted Crown","PreservedInsect","Lantern","Anchor","Bag of Marbles","Vajra"],"acts_visited":["TheEnding"],"potions_floor_usage":[47,56,56],"damage_taken":[{"damage":0.0,"enemies":"2 Louse","floor":1.0,"turns":4.0},{"damage":0.0,"enemies":"Cultist","floor":2.0,"turns":4.0},{"damage":0.0,"enemies":"Small Slimes","floor":5.0,"turns":4.0},{"damage":6.0,"enemies":"Lagavulin","floor":7.0,"turns":6.0},{"damage":21.0,"enemies":"3 Sentries","floor":10.0,"turns":9.0},{"damage":16.0,"enemies":"Lagavulin","floor":12.0,"turns":7.0},{"damage":0.0,"enemies":"Blue Slaver","floor":14.0,"turns":3.0},{"damage":11.0,"enemies":"Hexaghost","floor":16.0,"turns":11.0},{"damage":0.0,"enemies":"Chosen","floor":18.0,"turns":5.0},{"damage":0.0,"enemies":"3 Byrds","floor":19.0,"turns":7.0},{"damage":8.0,"enemies":"Snake Plant","floor":20.0,"turns":5.0},{"damage":22.0,"enemies":"Slavers","floor":24.0,"turns":6.0},{"damage":0.0,"enemies":"Book of Stabbing","floor":27.0,"turns":7.0},{"damage":6.0,"enemies":"Snecko","floor":28.0,"turns":6.0},{"damage":11.0,"enemies":"Centurion and Healer","floor":31.0,"turns":9.0},{"damage":0.0,"enemies":"Champ","floor":33.0,"turns":18.0},{"damage":0.0,"enemies":"Orb Walker","floor":35.0,"turns":4.0},{"damage":0.0,"enemies":"3 Darklings","floor":36.0,"turns":7.0},{"damage":0.0,"enemies":"Maw","floor":38.0,"turns":10.0},{"damage":0.0,"enemies":"Spire Growth","floor":39.0,"turns":7.0},{"damage":0.0,"enemies":"Giant Head","floor":40.0,"turns":9.0},{"damage":2.0,"enemies":"Jaw Worm Horde","floor":41.0,"turns":6.0},{"damage":12,"enemies":"Transient","floor":42,"turns":6},{"damage":0,"enemies":"Maw","floor":44,"turns":7},{"damage":4,"enemies":"Writhing Mass","floor":46,"turns":8},{"damage":0,"enemies":"Reptomancer","floor":47,"turns":6},{"damage":0,"enemies":"Time Eater","floor":50,"turns":18},{"damage":0,"enemies":"Awakened One","floor":51,"turns":21},{"damage":0,"enemies":"Shield and Spear","floor":55,"turns":12},{"damage":45,"enemies":"The Heart","floor":56,"turns":14}],"seed_played":"-3811862595349721797","potions_obtained":[{"floor":5.0,"key":"Swift Potion"},{"floor":10.0,"key":"SpeedPotion"},{"floor":12.0,"key":"LiquidMemories"},{"floor":18.0,"key":"Swift Potion"},{"floor":33.0,"key":"CunningPotion"},{"floor":38.0,"key":"DistilledChaos"},{"floor":41.0,"key":"BlessingOfTheForge"},{"floor":44,"key":"GamblersBrew"}],"is_trial":false,"path_per_floor":["M","M","$","?","M","R","E","R","T","E","R","E","?","M","R","B",null,"M","M","M","?","$","R","E","R","T","E","M","R","?","M","R","B",null,"M","M","T","M","M","E","M","M","T","M","R","M","E","$","R","B","B",null,"R","$","E","B",null],"character_chosen":"THE_SILENT","items_purchased":["Predator","FearPotion","PiercingWail","Caltrops","Bag of Marbles","Poison Potion"],"campfire_rested":0,"item_purchase_floors":[3,3,22,22,48,54],"current_hp_per_floor":[59,59,59,59,59,59,53,53,53,32,41,25,25,25,34,23,55,55,55,47,47,47,59,37,49,49,49,43,55,55,44,56,56,64,64,64,64,64,64,64,62,50,50,50,65,61,61,61,66,66,66,66,66,66,66,21],"gold":46,"neow_bonus":"RANDOM_COMMON_RELIC","is_daily":false,"chose_seed":false,"campfire_upgraded":10,"win_rate":0.0,"timestamp":1610278008,"path_taken":["M","M","$","?","?","R","E","R","T","E","R","E","?","M","R","BOSS","M","M","M","?","$","R","E","R","T","E","M","R","?","M","R","BOSS","M","M","?","M","M","E","M","M","T","M","R","?","E","$","R","BOSS","BOSS","R","$","E","BOSS"],"items_purchased_type":["Card","Potion","Card","Card","Relic","Potion"],"build_version":"2020-12-22","purchased_purges":2,"victory":true,"max_hp_per_floor":[66,66,66,66,66,66,66,66,66,66,66,66,66,66,66,66,66,66,66,66,66,66,66,66,66,66,66,66,66,66,66,66,66,66,66,66,66,66,66,66,66,66,66,66,66,66,66,66,66,66,66,66,66,66,66,66],"card_choices":[{"not_picked":["Dagger Throw","Skewer"],"picked":"Poisoned Stab","floor":1.0},{"not_picked":["Quick Slash","Dagger Throw"],"picked":"Heel Hook","floor":2.0},{"not_picked":["Dodge and Roll","Flechettes"],"picked":"Heel Hook","floor":5.0},{"not_picked":["Slice","Poisoned Stab"],"picked":"Backstab","floor":7.0},{"not_picked":["Storm of Steel","Skewer","Infinite Blades"],"picked":"SKIP","floor":10.0},{"not_picked":["Setup","Cloak And Dagger","Poisoned Stab"],"picked":"SKIP","floor":12.0},{"not_picked":["Setup","Cloak And Dagger","Poisoned Stab"],"picked":"SKIP","floor":12.0},{"not_picked":["Flying Knee","Acrobatics","Bane"],"picked":"SKIP","floor":14.0},{"not_picked":["Tools of the Trade","Doppelganger"],"picked":"Night Terror","floor":16.0},{"not_picked":["Slice+1","Dodge and Roll"],"picked":"Footwork","floor":18.0},{"not_picked":["Poisoned Stab","Finisher+1","Bane+1"],"picked":"SKIP","floor":19.0},{"not_picked":["Poisoned Stab","Finisher+1","Bane+1"],"picked":"SKIP","floor":19.0},{"not_picked":["Infinite Blades","Slice"],"picked":"Blur","floor":20.0},{"not_picked":["Riddle With Holes","Dodge and Roll","Accuracy"],"picked":"SKIP","floor":24.0},{"not_picked":["Blade Dance","Outmaneuver","Predator"],"picked":"SKIP","floor":27.0},{"not_picked":["Catalyst","Outmaneuver"],"picked":"Footwork+1","floor":28.0},{"not_picked":["Acrobatics","Dagger Spray"],"picked":"Adrenaline","floor":31.0},{"not_picked":["Wraith Form v2","Die Die Die"],"picked":"After Image","floor":33.0},{"not_picked":["Acrobatics"],"picked":"SKIP","floor":35.0},{"not_picked":["Poisoned Stab"],"picked":"SKIP","floor":36.0},{"not_picked":["Expertise"],"picked":"SKIP","floor":38.0},{"not_picked":["Noxious Fumes"],"picked":"SKIP","floor":39.0},{"not_picked":["Finisher"],"picked":"SKIP","floor":40.0},{"not_picked":[],"picked":"PiercingWail+1","floor":41.0},{"not_picked":["Flying Knee"],"picked":"SKIP","floor":42},{"not_picked":["Bane+1"],"picked":"SKIP","floor":44},{"not_picked":["Bane+1"],"picked":"SKIP","floor":44},{"not_picked":["Calculated Gamble"],"picked":"SKIP","floor":46},{"not_picked":["Die Die Die"],"picked":"SKIP","floor":47},{"not_picked":[],"picked":"Heel Hook+1","floor":55}],"player_experience":1599660,"relics_obtained":[{"floor":7.0,"key":"Letter Opener"},{"floor":9.0,"key":"StrikeDummy"},{"floor":10.0,"key":"Eternal Feather"},{"floor":12.0,"key":"Unceasing Top"},{"floor":24.0,"key":"CeramicFish"},{"floor":26.0,"key":"Ginger"},{"floor":27.0,"key":"Kunai"},{"floor":40.0,"key":"PreservedInsect"},{"floor":43,"key":"Lantern"},{"floor":47,"key":"Anchor"},{"floor":55,"key":"Vajra"}],"event_choices":[{"damage_healed":0.0,"max_hp_gain":0.0,"max_hp_loss":0.0,"gold_gain":0.0,"cards_transformed":["Strike_G"],"event_name":"Transmorgrifier","player_choice":"Transformed","floor":4.0,"gold_loss":0.0,"damage_taken":0.0,"cards_obtained":["Malaise"]},{"damage_healed":0.0,"max_hp_gain":0.0,"max_hp_loss":0.0,"gold_gain":0.0,"cards_transformed":["Strike_G"],"event_name":"Living Wall","player_choice":"Change","floor":13.0,"gold_loss":0.0,"damage_taken":0.0,"cards_obtained":["Distraction"]},{"damage_healed":0.0,"max_hp_gain":0.0,"max_hp_loss":0.0,"gold_gain":0.0,"event_name":"The Library","player_choice":"Read","floor":21.0,"gold_loss":0.0,"damage_taken":0.0,"cards_obtained":["Heel Hook"]},{"cards_removed":["Strike_G"],"damage_healed":0.0,"max_hp_gain":0.0,"max_hp_loss":0.0,"gold_gain":0.0,"event_name":"Designer","player_choice":"Upgrade and Remove","floor":30.0,"gold_loss":110.0,"damage_taken":0.0,"cards_upgraded":["Defend_G"]}],"is_beta":false,"boss_relics":[{"not_picked":["SlaversCollar","WristBlade"],"picked":"Runic Pyramid"},{"not_picked":["Pandora\u0027s Box","Astrolabe"],"picked":"Busted Crown"}],"items_purged_floors":[22,48],"is_endless":false,"potions_floor_spawned":[5,10,12,18,19,33,38,39,41,44,55],"ascension_level":20}}