{"host":"x7xd4wkamhrqrrvw","time":1610258826,"event":{"mods":["BaseMod","Minty Spire (QoL Compilation)","StSLib"],"gold_per_floor":[115,127,142,92,108,108,121,121,121,140,140,167,167,184,184,281,281,300,300,76,76,76],"floor_reached":21,"playtime":756,"items_purged":["Strike_B"],"score":290,"play_id":"191948c8-e31f-4315-864e-594ab7273896","local_time":"20210110040706","is_ascension_mode":true,"campfire_choices":[{"data":"White Noise","floor":6,"key":"SMITH"},{"data":"Sweeping Beam","floor":8,"key":"SMITH"},{"data":"Leap","floor":11,"key":"SMITH"},{"data":"Fusion","floor":15,"key":"SMITH"}],"circlet_count":0,"master_deck":["AscendersBane","Strike_B","Strike_B","Defend_B","Defend_B","Defend_B","Defend_B","Zap","Dualcast","Meteor Strike","Turbo","Leap+1","White Noise+1","Sweeping Beam+1","Fusion+1","Creative AI","Beam Cell"],"relics":["FrozenCore","Pantograph","Du-Vu Doll","Singing Bowl"],"acts_visited":["Exordium","TheCity"],"potions_floor_usage":[1,12,16,20,21,21],"damage_taken":[{"damage":1,"enemies":"Cultist","floor":1,"turns":4},{"damage":3,"enemies":"Small Slimes","floor":2,"turns":3},{"damage":0,"enemies":"2 Louse","floor":3,"turns":2},{"damage":8,"enemies":"Exordium Wildlife","floor":5,"turns":5},{"damage":7,"enemies":"Looter","floor":7,"turns":3},{"damage":7,"enemies":"3 Louse","floor":10,"turns":3},{"damage":21,"enemies":"3 Sentries","floor":12,"turns":9},{"damage":9,"enemies":"2 Fungi Beasts","floor":14,"turns":3},{"damage":25,"enemies":"Hexaghost","floor":16,"turns":7},{"damage":61,"enemies":"3 Byrds","floor":18,"turns":7},{"damage":9,"enemies":"Shell Parasite","floor":21,"turns":2}],"seed_played":"-4801470040462642681","potions_obtained":[{"floor":1,"key":"Fruit Juice"},{"floor":7,"key":"Fire Potion"},{"floor":14,"key":"AttackPotion"},{"floor":18,"key":"Swift Potion"}],"is_trial":false,"path_per_floor":["M","M","M","?","M","R","M","R","T","M","R","E","?","M","R","B",null,"M","?","$","M"],"character_chosen":"DEFECT","items_purchased":["Fruit Juice","PowerPotion"],"campfire_rested":0,"item_purchase_floors":[20,20],"current_hp_per_floor":[72,69,69,69,61,61,54,54,54,47,47,26,26,17,17,17,64,3,3,8,0,0],"gold":76,"neow_bonus":"ONE_RANDOM_RARE_CARD","is_daily":false,"chose_seed":false,"campfire_upgraded":4,"win_rate":0.0,"timestamp":1610258826,"path_taken":["M","M","M","?","M","R","M","R","T","M","R","E","?","M","R","BOSS","M","?","$","M"],"items_purchased_type":["Potion","Potion"],"build_version":"2020-12-22","purchased_purges":1,"victory":false,"max_hp_per_floor":[80,80,80,80,80,80,80,80,80,80,80,80,80,80,80,80,80,80,80,85,85,85],"card_choices":[{"not_picked":["Rebound","Coolheaded"],"picked":"Turbo","floor":1},{"not_picked":["Ball Lightning","Stack"],"picked":"Leap","floor":2},{"not_picked":["Recycle","Steam"],"picked":"White Noise","floor":3},{"not_picked":["Rainbow","Stack","Barrage"],"picked":"SKIP","floor":5},{"not_picked":["FTL","Stack"],"picked":"Sweeping Beam","floor":7},{"not_picked":["Rebound","Streamline","Ball Lightning"],"picked":"SKIP","floor":10},{"not_picked":["Barrage","Chill"],"picked":"Fusion","floor":12},{"not_picked":["Lockon","Genetic Algorithm","Stack"],"picked":"SKIP","floor":14},{"not_picked":["Multi-Cast","Biased Cognition"],"picked":"Creative AI","floor":16},{"not_picked":["Skim","Go for the Eyes"],"picked":"Beam Cell","floor":18}],"player_experience":284090,"relics_obtained":[{"floor":9,"key":"Pantograph"},{"floor":12,"key":"Du-Vu Doll"}],"event_choices":[{"cards_removed":["Strike_B"],"damage_healed":0,"gold_gain":0,"player_choice":"Card Removal","damage_taken":0,"max_hp_gain":0,"max_hp_loss":0,"event_name":"The Cleric","floor":4,"gold_loss":50},{"damage_healed":0,"gold_gain":0,"player_choice":"Ignored","damage_taken":0,"max_hp_gain":0,"max_hp_loss":0,"event_name":"Golden Idol","floor":13,"gold_loss":0},{"damage_healed":0,"gold_gain":0,"player_choice":"Opened","damage_taken":0,"relics_obtained":["Singing Bowl"],"max_hp_gain":0,"max_hp_loss":0,"event_name":"The Mausoleum","floor":19,"gold_loss":0}],"is_beta":false,"boss_relics":[{"not_picked":["Calling Bell","Fusion Hammer"],"picked":"FrozenCore"}],"items_purged_floors":[20],"is_endless":false,"potions_floor_spawned":[1,7,14,18],"killed_by":"Shell Parasite","ascension_level":12}}