{"host":"n6lk97i3f9btdmiv","time":1610249247,"event":{"mods":["100% Spire Juice","BaseMod","Better Note","Colored Map","Highlight Path","Minty Spire (QoL Compilation)","StSLib"],"gold_per_floor":[119,139,139,156,175,175,208,220,257,269,281,318,330,360,372,515,527,555,747,775,800,812,812],"floor_reached":22,"playtime":2507,"items_purged":[],"score":188,"play_id":"0c24c13f-a842-4d05-a4f1-3985b795fb24","local_time":"20210109222727","is_ascension_mode":false,"campfire_choices":[{"data":"Moonworks:MiracleRedBeanIceCream","floor":6.0,"key":"SMITH"},{"data":"Moonworks:EvilSpyWorkPreparation","floor":11,"key":"SMITH"},{"data":"Moonworks:EvilSpyWorkPreparation","floor":13,"key":"SMITH"},{"data":"Moonworks:WindyEnchantment","floor":15,"key":"SMITH"}],"circlet_count":0,"master_deck":["Moonworks:Strike","Moonworks:Strike","Moonworks:Strike","Moonworks:Defend","Moonworks:Defend","Moonworks:Defend","Moonworks:Defend","Moonworks:Ambush","Moonworks:LongDistanceShot","Moonworks:MiracleRedBeanIceCream+1","Moonworks:EvilSpyWorkPreparation+1","Moonworks:EvilSpyWorkPreparation+1","Moonworks:LuckyCharm","Moonworks:WindyEnchantment+1","Moonworks:StarBlastingFuse","Moonworks:RagingMadness"],"relics":["Moonworks:BrokenBomb","Moonworks:Homemark","MawBank","Bronze Scales","Golden Idol","Sozu"],"acts_visited":["Exordium","TheCity"],"potions_floor_usage":[12,21],"damage_taken":[{"damage":0.0,"enemies":"Cultist","floor":1.0,"turns":4.0},{"damage":0.0,"enemies":"2 Louse","floor":2.0,"turns":3.0},{"damage":1.0,"enemies":"Jaw Worm","floor":4.0,"turns":3.0},{"damage":2.0,"enemies":"Blue Slaver","floor":5.0,"turns":3.0},{"damage":16.0,"enemies":"Gremlin Nob","floor":7.0,"turns":4.0},{"damage":0,"enemies":"Large Slime","floor":12,"turns":2},{"damage":1,"enemies":"2 Fungi Beasts","floor":14,"turns":2},{"damage":5,"enemies":"Slime Boss","floor":16,"turns":7},{"damage":12,"enemies":"Shell Parasite","floor":18,"turns":3},{"damage":0,"enemies":"Chosen","floor":20,"turns":3},{"damage":25,"enemies":"Snake Plant","floor":21,"turns":4},{"damage":0,"enemies":"Centurion and Healer","floor":22,"turns":1}],"seed_played":"-5700122955347414686","potions_obtained":[{"floor":1.0,"key":"Weak Potion"},{"floor":2.0,"key":"SneckoOil"},{"floor":16,"key":"AttackPotion"}],"is_trial":false,"path_per_floor":["M","M","?","M","M","R","E","$","T","?","R","M","R","M","R","B",null,"M","?","M","M","M"],"character_chosen":"THE_STARBREAKER","items_purchased":[],"campfire_rested":0,"item_purchase_floors":[],"current_hp_per_floor":[66,66,59,58,56,56,40,40,40,24,24,24,24,23,23,18,66,54,35,35,10,10,10],"gold":812,"neow_bonus":"TEN_PERCENT_HP_BONUS","is_daily":false,"chose_seed":false,"campfire_upgraded":4,"win_rate":0.0,"timestamp":1610249247,"path_taken":["M","?","?","M","M","R","E","$","T","?","R","M","R","M","R","BOSS","M","?","M","M","M"],"items_purchased_type":[],"build_version":"2020-12-22","purchased_purges":0,"victory":false,"max_hp_per_floor":[66,66,66,66,66,66,66,66,66,66,66,66,66,66,66,66,66,66,66,66,66,66,66],"card_choices":[{"not_picked":["Moonworks:DeployBits","Moonworks:ImOnFire"],"picked":"Moonworks:MiracleRedBeanIceCream","floor":1.0},{"not_picked":["Moonworks:Assault","Moonworks:SakisCookie"],"picked":"Moonworks:EvilSpyWorkPreparation","floor":2.0},{"not_picked":["Moonworks:DeployBits","Moonworks:CloudOfSeagulls"],"picked":"Moonworks:EvilSpyWorkPreparation","floor":4.0},{"not_picked":["Moonworks:OutOfAmmo","Moonworks:MiracleWalker"],"picked":"Moonworks:LuckyCharm","floor":5.0},{"not_picked":["Moonworks:CloudOfSeagulls","Moonworks:NicePresent","Moonworks:LulusLuckyEgg"],"picked":"SKIP","floor":7.0},{"not_picked":["Moonworks:DeployBits","Moonworks:ImOnFire"],"picked":"Moonworks:WindyEnchantment","floor":12},{"not_picked":["Moonworks:Poppoformation","Moonworks:LulusLuckyEgg","Moonworks:Gamble"],"picked":"SKIP","floor":14},{"not_picked":["Moonworks:SubspaceTunnel","Moonworks:Accelerator"],"picked":"Moonworks:StarBlastingFuse","floor":16},{"not_picked":["Moonworks:EvilSpyWorkPreparation","Moonworks:UnluckyCharm","Moonworks:Assault"],"picked":"SKIP","floor":18},{"not_picked":["Moonworks:CloudOfSeagulls","Moonworks:BigMagnum"],"picked":"Moonworks:RagingMadness","floor":20},{"not_picked":["Moonworks:NicePresent","Moonworks:LulusLuckyEgg","Moonworks:UnluckyCharm"],"picked":"SKIP","floor":21}],"player_experience":436081,"relics_obtained":[{"floor":7.0,"key":"MawBank"},{"floor":9,"key":"Bronze Scales"}],"event_choices":[{"cards_removed":["Moonworks:Strike"],"damage_healed":0.0,"max_hp_gain":0.0,"max_hp_loss":0.0,"gold_gain":0.0,"event_name":"Golden Wing","player_choice":"Card Removal","floor":3.0,"gold_loss":0.0,"damage_taken":7.0},{"damage_healed":0,"gold_gain":0,"player_choice":"Take Damage","damage_taken":16,"relics_obtained":["Golden Idol"],"max_hp_gain":0,"max_hp_loss":0,"event_name":"Golden Idol","floor":10,"gold_loss":0},{"damage_healed":0,"gold_gain":180,"player_choice":"GOLD GOLD ","damage_taken":19,"max_hp_gain":0,"max_hp_loss":0,"event_name":"Knowing Skull","floor":19,"potions_obtained":[],"gold_loss":0,"cards_obtained":[]}],"is_beta":false,"boss_relics":[{"not_picked":["Fusion Hammer","SlaversCollar"],"picked":"Sozu"}],"items_purged_floors":[],"is_endless":false,"potions_floor_spawned":[1,2,16,18,20],"killed_by":"Centurion and Healer","ascension_level":0}}