{"host":"dowi7cgbhepuzvpj","time":1610290103,"event":{"mods":["AchievementEnabler","BaseMod","Colored Map","Highlight Path","Keyboard Shortcuts","Minty Spire (QoL Compilation)","Permanent Neow","Quick Restart","StSLib","SuperFastMode"],"gold_per_floor":[110,133,145,173,185,197,209,238,305,349,373,71,87,106,106,182,182,193,213,35,53,53,53,80,97,97,116,116,74,74,94,94,171,171,183,196,196,215,215,241,266,266,266,266,300,325,85,97,97,97],"floor_reached":51,"playtime":2526,"items_purged":["Strike_B","Strike_B"],"score":1429,"play_id":"f89a12b8-1d1a-43bb-a767-9871a376ad07","local_time":"20210110234823","is_ascension_mode":true,"campfire_choices":[{"data":"Apotheosis","floor":6.0,"key":"SMITH"},{"floor":15,"key":"REST"},{"data":"White Noise","floor":23,"key":"SMITH"},{"data":"Double Energy","floor":28,"key":"SMITH"},{"data":"Buffer","floor":32,"key":"SMITH"},{"data":"Capacitor","floor":44,"key":"SMITH"},{"data":"Echo Form","floor":49,"key":"SMITH"}],"circlet_count":0,"master_deck":["AscendersBane","Strike_B","Strike_B+1","Defend_B","Defend_B+1","Defend_B","Defend_B","Zap","Dualcast","Apotheosis+1","White Noise+1","Capacitor+1","Chaos+1","Buffer+1","Glacier","Auto Shields","Echo Form","Double Energy+1","Self Repair","Storm+1","Chaos","Glacier","Blizzard+1","Echo Form+1","Barrage+1","Loop","Blizzard","Discovery","Hologram+1","Storm","Barrage"],"relics":["Cracked Core","MawBank","Centennial Puzzle","Dream Catcher","Runic Capacitor","Coffee Dripper","Meat on the Bone","WingedGreaves","CultistMask","Black Star","Regal Pillow","Incense Burner","Emotion Chip","Orichalcum","Letter Opener","Shuriken","Whetstone","Ice Cream","War Paint"],"acts_visited":["Exordium","TheCity","TheBeyond"],"potions_floor_usage":[24,24,50],"damage_taken":[{"damage":0.0,"enemies":"Cultist","floor":1.0,"turns":3.0},{"damage":0.0,"enemies":"Jaw Worm","floor":4.0,"turns":4.0},{"damage":0.0,"enemies":"2 Louse","floor":8.0,"turns":3.0},{"damage":16.0,"enemies":"Lagavulin","floor":10.0,"turns":7.0},{"damage":25.0,"enemies":"Lots of Slimes","floor":11.0,"turns":4.0},{"damage":0,"enemies":"Large Slime","floor":13,"turns":4},{"damage":1,"enemies":"2 Fungi Beasts","floor":14,"turns":6},{"damage":11,"enemies":"The Guardian","floor":16,"turns":11},{"damage":5,"enemies":"Shell Parasite","floor":18,"turns":10},{"damage":0,"enemies":"Spheric Guardian","floor":19,"turns":7},{"damage":2,"enemies":"Centurion and Healer","floor":21,"turns":13},{"damage":44,"enemies":"Gremlin Leader","floor":24,"turns":7},{"damage":13,"enemies":"Sentry and Sphere","floor":25,"turns":4},{"damage":23,"enemies":"Chosen and Byrds","floor":27,"turns":7},{"damage":25,"enemies":"Snake Plant","floor":31,"turns":4},{"damage":14,"enemies":"Champ","floor":33,"turns":14},{"damage":21,"enemies":"Orb Walker","floor":35,"turns":5},{"damage":35,"enemies":"3 Darklings","floor":36,"turns":5},{"damage":0,"enemies":"Maw","floor":38,"turns":8},{"damage":21,"enemies":"Giant Head","floor":40,"turns":8},{"damage":1,"enemies":"Nemesis","floor":41,"turns":10},{"damage":35,"enemies":"Giant Head","floor":45,"turns":8},{"damage":20,"enemies":"Mind Bloom Boss Battle","floor":46,"turns":5},{"damage":11,"enemies":"4 Shapes","floor":48,"turns":4},{"damage":30,"enemies":"Donu and Deca","floor":50,"turns":5}],"seed_played":"-3624594789442751815","potions_obtained":[{"floor":1.0,"key":"Strength Potion"},{"floor":10.0,"key":"SkillPotion"},{"floor":11.0,"key":"SteroidPotion"},{"floor":33,"key":"FearPotion"},{"floor":35,"key":"Fire Potion"},{"floor":46,"key":"PowerPotion"}],"is_trial":false,"path_per_floor":["M","T","?","M","$","R","$","M","T","E","M","$","M","M","R","B",null,"M","M","$","M","?","R","E","M","T","M","R","$","?","M","R","B",null,"M","M","?","M","$","E","E","?","T","R","E","?","$","M","R","B",null],"character_chosen":"DEFECT","items_purchased":["Runic Capacitor","Buffer","Storm","Blizzard","War Paint","Storm"],"campfire_rested":1,"item_purchase_floors":[12,12,20,29,47,47],"current_hp_per_floor":[64,64,57,57,57,57,57,57,57,41,16,16,16,15,36,25,60,55,55,55,60,60,60,26,45,45,44,44,44,44,51,51,44,64,63,60,60,71,71,70,71,61,61,61,48,40,40,41,41,33],"gold":97,"neow_bonus":"RANDOM_COLORLESS_2","is_daily":false,"chose_seed":false,"campfire_upgraded":6,"win_rate":0.0,"timestamp":1610290103,"path_taken":["M","?","?","M","$","R","$","M","T","E","M","$","M","M","R","BOSS","M","M","$","M","?","R","E","M","T","?","R","?","?","M","R","BOSS","M","?","?","M","$","E","E","?","T","R","E","?","?","?","R","BOSS"],"items_purchased_type":["Relic","Card","Card","Card","Relic","Card"],"build_version":"2020-12-22","purchased_purges":2,"victory":true,"max_hp_per_floor":[71,71,71,71,71,71,71,71,71,71,71,71,71,71,71,71,71,71,71,71,71,71,71,71,71,71,71,71,71,71,71,71,71,71,71,71,71,71,71,71,71,71,71,71,71,71,71,71,71,71],"card_choices":[{"not_picked":["Thinking Ahead","The Bomb"],"picked":"Apotheosis","floor":0.0},{"not_picked":["Steam","Gash"],"picked":"White Noise","floor":1.0},{"not_picked":["Compile Driver","Sweeping Beam","Recycle"],"picked":"SKIP","floor":4.0},{"not_picked":["FTL","Gash"],"picked":"Capacitor","floor":8.0},{"not_picked":["Redo","Leap","Stack"],"picked":"SKIP","floor":10.0},{"not_picked":["Beam Cell","Hologram"],"picked":"Chaos","floor":11.0},{"not_picked":["Darkness","Coolheaded"],"picked":"Glacier","floor":13},{"not_picked":["Coolheaded","Steam","Reprogram"],"picked":"SKIP","floor":14},{"not_picked":["Turbo","Fission"],"picked":"Auto Shields","floor":15},{"not_picked":["Machine Learning","Amplify"],"picked":"Echo Form","floor":16},{"not_picked":["FTL","Hologram"],"picked":"Double Energy","floor":18},{"not_picked":["Ball Lightning","Genetic Algorithm"],"picked":"Self Repair","floor":19},{"not_picked":["Go for the Eyes","Stack","Turbo"],"picked":"SKIP","floor":21},{"not_picked":["Steam","Skim"],"picked":"Chaos","floor":24},{"not_picked":["Go for the Eyes","Undo","Hello World"],"picked":"SKIP","floor":25},{"not_picked":["Leap","Hologram"],"picked":"Glacier","floor":27},{"not_picked":["Stack","Gash+1","Go for the Eyes"],"picked":"SKIP","floor":31},{"not_picked":["Amplify","Multi-Cast"],"picked":"Echo Form","floor":33},{"not_picked":["Rebound","Leap+1","Go for the Eyes+1"],"picked":"SKIP","floor":35},{"not_picked":["Stack","Rebound"],"picked":"Barrage+1","floor":36},{"not_picked":["Go for the Eyes+1","Capacitor+1"],"picked":"Loop","floor":38},{"not_picked":["Ball Lightning","Force Field"],"picked":"Blizzard","floor":40},{"not_picked":["Conserve Battery","Cold Snap","Leap+1"],"picked":"SKIP","floor":41},{"not_picked":["Deep Breath","Trip"],"picked":"Discovery","floor":42},{"not_picked":["Darkness","Conserve Battery+1","Redo"],"picked":"SKIP","floor":45},{"not_picked":["Compile Driver","Skim"],"picked":"Hologram+1","floor":46},{"not_picked":["Steam Power","Conserve Battery"],"picked":"Barrage","floor":48}],"player_experience":797479,"relics_obtained":[{"floor":2.0,"key":"MawBank"},{"floor":9.0,"key":"Centennial Puzzle"},{"floor":10.0,"key":"Dream Catcher"},{"floor":24,"key":"Meat on the Bone"},{"floor":26,"key":"WingedGreaves"},{"floor":40,"key":"Regal Pillow"},{"floor":40,"key":"Incense Burner"},{"floor":41,"key":"Emotion Chip"},{"floor":41,"key":"Orichalcum"},{"floor":43,"key":"Letter Opener"},{"floor":45,"key":"Shuriken"},{"floor":45,"key":"Whetstone"},{"floor":46,"key":"Ice Cream"}],"event_choices":[{"cards_removed":["Regret"],"damage_healed":0.0,"max_hp_gain":0.0,"max_hp_loss":0.0,"gold_gain":0.0,"event_name":"Golden Wing","player_choice":"Card Removal","floor":3.0,"gold_loss":0.0,"damage_taken":7.0},{"damage_healed":0,"gold_gain":0,"player_choice":"Upgraded","damage_taken":0,"max_hp_gain":0,"max_hp_loss":0,"event_name":"Upgrade Shrine","floor":22,"gold_loss":0,"cards_upgraded":["Storm"]},{"damage_healed":0,"gold_gain":0,"player_choice":"Trade","damage_taken":0,"relics_obtained":["CultistMask"],"max_hp_gain":0,"max_hp_loss":0,"event_name":"FaceTrader","floor":30,"gold_loss":0},{"damage_healed":0,"gold_gain":0,"player_choice":"Ignored","damage_taken":0,"max_hp_gain":0,"max_hp_loss":0,"event_name":"Mysterious Sphere","floor":37,"gold_loss":0},{"damage_healed":0,"gold_gain":0,"player_choice":"Memory 3","damage_taken":10,"max_hp_gain":0,"max_hp_loss":0,"event_name":"SensoryStone","floor":42,"gold_loss":0},{"damage_healed":0,"gold_gain":0,"player_choice":"Fight","damage_taken":0,"max_hp_gain":0,"max_hp_loss":0,"event_name":"MindBloom","floor":46,"gold_loss":0}],"is_beta":false,"boss_relics":[{"not_picked":["Nuclear Battery","Tiny House"],"picked":"Coffee Dripper"},{"not_picked":["Empty Cage","Pandora\u0027s Box"],"picked":"Black Star"}],"items_purged_floors":[12,20],"is_endless":false,"potions_floor_spawned":[1,10,11,16,18,21,33,35,36,41,46],"ascension_level":19}}