{"host":"s7l2a3wroivred6i","time":1610255214,"event":{"mods":["AchievementEnabler","BaseMod","Better Altar","Better Match","Better Note","Better Sensory Stone","Better Skull","Better Synergies","Better Third Choice","BetterRewards","Conspire","Downfall","GifTheSpireLib","Hubris","Infinite Spire","Minty Spire (QoL Compilation)","Replay The Spire","Retaliation","StSLib","Stuff the Spire","The Blue Laboratory"],"gold_per_floor":[113,130,130,75,75,104,104,123,123,28,28,28,28,28,28,132,132,149,149,166,178,178,212,212,237,237,237,250,250,278,210,210,312,312,331,387,405,421,129,160,160,187,210,224,224,244,273,266,266,266],"floor_reached":51,"playtime":3380,"items_purged":["ReplayTheSpireMod:Splinters"],"score":794,"play_id":"d1c898ae-3f64-445c-a6e7-1e22dcd435fc","local_time":"20210110000654","is_ascension_mode":false,"campfire_choices":[{"data":"Ragnarok","floor":12,"key":"SMITH"},{"data":"SandsOfTime","floor":15,"key":"SMITH"},{"floor":29,"key":"REST"},{"floor":32,"key":"REST"},{"floor":45,"key":"REST"},{"floor":49,"key":"REST"}],"circlet_count":0,"master_deck":["Strike_P","Strike_P","Strike_P","Strike_P","Defend_P","Defend_P+1","Defend_P+1","Defend_P","Eruption","Vigilance","Consecrate","LikeWater+1","Ragnarok+1","SandsOfTime+1","expansioncontent:DefensiveStance+1","ClearTheMind+1","infinitespire:SevenWalls","Omniscience+1","Alpha","hubris:EnhanceAbility","Wish+1","LessonLearned","Crescendo+1","Wallop+1","ReachHeaven"],"relics":["PureWater","NeowsBlessing","Art of War","Meat on the Bone","hubris:Towel","Sozu","CloakClasp","StuffTheSpire:Gunfinga","hubris:TinFlute","StuffTheSpire:RubySignet","Red Mask","hubris:ToyBattleship","Oddly Smooth Stone","Vajra","conspire:InfiniteJournal","hubris:BundleOfHerbs","Onion Ring","War Paint","Boot","ReplayTheSpireMod:CursedCoin"],"acts_visited":["Exordium","TheCity","TheBeyond"],"potions_floor_usage":[30],"damage_taken":[{"damage":0,"enemies":"Small Slimes","floor":1,"turns":1},{"damage":0,"enemies":"Cultist","floor":2,"turns":1},{"damage":0,"enemies":"Lagavulin","floor":6,"turns":1},{"damage":0,"enemies":"Jaw Worm","floor":8,"turns":3},{"damage":30,"enemies":"Slime Boss","floor":16,"turns":8},{"damage":16,"enemies":"3 Byrds","floor":18,"turns":6},{"damage":4,"enemies":"Shell Parasite","floor":20,"turns":4},{"damage":0,"enemies":"Centurion and Healer","floor":21,"turns":6},{"damage":8,"enemies":"Book of Stabbing","floor":23,"turns":5},{"damage":0,"enemies":"Slavers","floor":25,"turns":1},{"damage":0,"enemies":"Shelled Parasite and Fungi","floor":28,"turns":3},{"damage":12,"enemies":"Masked Bandits","floor":30,"turns":5},{"damage":15,"enemies":"Champ","floor":33,"turns":10},{"damage":29,"enemies":"3 Shapes","floor":35,"turns":6},{"damage":0,"enemies":"Orb Walker","floor":37,"turns":6},{"damage":0,"enemies":"3 Darklings","floor":38,"turns":8},{"damage":23,"enemies":"Nemesis","floor":40,"turns":9},{"damage":1,"enemies":"Reptomancer","floor":42,"turns":2},{"damage":2,"enemies":"Spire Growth","floor":44,"turns":6},{"damage":0,"enemies":"Jaw Worm Horde","floor":46,"turns":4},{"damage":22,"enemies":"Giant Head","floor":47,"turns":9},{"damage":48,"enemies":"Replay:Hell Engine","floor":50,"turns":15}],"seed_played":"-1254998457088724610","potions_obtained":[{"floor":1,"key":"Regen Potion"},{"floor":3,"key":"FairyPotion"},{"floor":3,"key":"blueLaboratory:BottledTrinity"}],"is_trial":false,"path_per_floor":["M","M","?","$","?","E","?","M","T","$","?","R","?","?","R","B",null,"M","AVR","M","M","?","E","?","E","T","?","M","R","?","$","R","B",null,"M","?","M","M","$","E","?","E","T","M","R","M","E","$","R","B",null],"character_chosen":"WATCHER","items_purchased":["LikeWater+1","expansioncontent:DefensiveStance","Wish","Oddly Smooth Stone","Vajra","ReachHeaven","ReplayTheSpireMod:CursedCoin"],"campfire_rested":4,"item_purchase_floors":[4,10,31,39,39,48,48],"current_hp_per_floor":[72,72,72,72,72,72,72,72,72,72,72,72,72,72,72,42,72,56,56,52,52,45,37,37,37,37,37,39,60,48,48,69,59,72,43,25,37,37,37,26,26,37,37,47,68,68,52,52,72,48],"gold":266,"neow_bonus":"THREE_ENEMY_KILL","is_daily":false,"chose_seed":false,"campfire_upgraded":2,"win_rate":0.0,"timestamp":1610255214,"path_taken":["M","M","?","?","?","E","?","?","T","$","?","R","?","?","R","BOSS","M","AVR","M","M","?","E","?","E","T","?","M","R","?","?","R","BOSS","M","?","M","M","$","E","?","E","T","?","R","M","E","$","R","BOSS"],"items_purchased_type":["Card","Card","Card","Relic","Relic","Card","Relic"],"build_version":"2020-12-22","purchased_purges":1,"victory":true,"max_hp_per_floor":[72,72,72,72,72,72,72,72,72,72,72,72,72,72,72,72,72,72,72,72,72,72,72,72,72,72,72,72,72,72,72,72,72,72,72,72,72,72,72,72,72,72,72,72,72,72,72,72,72,72],"card_choices":[{"not_picked":["Nirvana","FlurryOfBlows"],"picked":"Consecrate","floor":1},{"not_picked":["BowlingBash","Nirvana","Protect"],"picked":"SKIP","floor":2},{"not_picked":["ClearTheMind","Weave"],"picked":"Ragnarok","floor":6},{"not_picked":["EmptyBody","EmptyFist"],"picked":"SandsOfTime","floor":8},{"not_picked":["Prostrate","Halt+1"],"picked":"ClearTheMind+1","floor":18},{"not_picked":["PathToVictory","Replay:BluntJabs+1"],"picked":"Omniscience","floor":20},{"not_picked":["FlurryOfBlows","Replay:AtTheReady","Consecrate"],"picked":"SKIP","floor":21},{"not_picked":["Devotion","FlurryOfBlows"],"picked":"Alpha","floor":23},{"not_picked":["Study+1","InnerPeace","CutThroughFate"],"picked":"SKIP","floor":25},{"not_picked":["Evaluate+1","Wireheading","Alpha"],"picked":"SKIP","floor":28},{"not_picked":["Devotion","Scrawl"],"picked":"LessonLearned","floor":33},{"not_picked":["Consecrate+1","BattleHymn","JustLucky"],"picked":"SKIP","floor":35},{"not_picked":["Replay:ManipulateFuture","Pray+1"],"picked":"Crescendo+1","floor":37},{"not_picked":["BowlingBash","Indignation+1"],"picked":"Wallop+1","floor":38},{"not_picked":["PathToVictory","Meditate+1","Prostrate+1"],"picked":"SKIP","floor":40},{"not_picked":["SashWhip","Conclude","FollowUp"],"picked":"SKIP","floor":42},{"not_picked":["FearNoEvil","FollowUp","CarveReality+1"],"picked":"SKIP","floor":44},{"not_picked":["Halt+1","Replay:Hum","Replay:DivineShield+1"],"picked":"SKIP","floor":46},{"not_picked":["Halt","EmptyFist","SashWhip+1"],"picked":"SKIP","floor":47}],"player_experience":345866,"relics_obtained":[{"floor":6,"key":"Art of War"},{"floor":9,"key":"Meat on the Bone"},{"floor":23,"key":"StuffTheSpire:Gunfinga"},{"floor":25,"key":"hubris:TinFlute"},{"floor":26,"key":"StuffTheSpire:RubySignet"},{"floor":30,"key":"Red Mask"},{"floor":36,"key":"hubris:ToyBattleship"},{"floor":40,"key":"conspire:InfiniteJournal"},{"floor":41,"key":"hubris:BundleOfHerbs"},{"floor":42,"key":"Onion Ring"},{"floor":43,"key":"War Paint"},{"floor":47,"key":"Boot"}],"event_choices":[{"damage_healed":0,"gold_gain":0,"player_choice":"Got Potions","damage_taken":0,"max_hp_gain":0,"max_hp_loss":0,"event_name":"Lab","floor":3,"gold_loss":0},{"damage_healed":0,"gold_gain":0,"player_choice":"Leave","damage_taken":0,"max_hp_gain":0,"max_hp_loss":0,"event_name":"The Cleric","floor":7,"gold_loss":0},{"damage_healed":0,"gold_gain":0,"player_choice":"Disagree","damage_taken":0,"max_hp_gain":0,"max_hp_loss":0,"event_name":"conspire:LoneGhost","floor":11,"gold_loss":0},{"damage_healed":0,"gold_gain":0,"player_choice":"Grow","damage_taken":0,"max_hp_gain":0,"max_hp_loss":0,"event_name":"Living Wall","floor":14,"gold_loss":0,"cards_upgraded":["expansioncontent:DefensiveStance"]},{"damage_healed":0,"gold_gain":0,"player_choice":"Damaged","damage_taken":7,"max_hp_gain":0,"max_hp_loss":0,"event_name":"Wheel of Change","floor":22,"gold_loss":0},{"damage_healed":0,"gold_gain":0,"player_choice":"Copied","damage_taken":0,"max_hp_gain":0,"max_hp_loss":0,"event_name":"Duplicator","floor":24,"gold_loss":0,"cards_obtained":["infinitespire:SealOfDarkness"]},{"cards_removed":["infinitespire:SealOfDarkness"],"damage_healed":0,"gold_gain":0,"player_choice":"Take \u0026 Give","damage_taken":0,"max_hp_gain":0,"max_hp_loss":0,"event_name":"betterNote:BetterNote","floor":27,"gold_loss":0,"cards_obtained":["hubris:EnhanceAbility"]},{"damage_healed":0,"gold_gain":0,"player_choice":"Fought Bandits","damage_taken":0,"max_hp_gain":0,"max_hp_loss":0,"event_name":"Masked Bandits","floor":30,"gold_loss":0},{"damage_healed":0,"gold_gain":0,"player_choice":"Relic","damage_taken":0,"max_hp_gain":0,"max_hp_loss":0,"event_name":"Wheel of Change","floor":41,"gold_loss":0}],"is_beta":false,"boss_relics":[{"not_picked":["Snecko Eye","StuffTheSpire:ModemDavis"],"picked":"Sozu"},{"not_picked":["Pandora\u0027s Box","hubris:BlackHole","ReplayTheSpireMod:DimensionalGlitch"]}],"items_purged_floors":[48],"is_endless":false,"potions_floor_spawned":[1,8,16,20,28,30,35,40,42,46],"ascension_level":0}}