{"host":"cv77zuuuekizn3ic","time":1610258007,"event":{"mods":["AchievementEnabler","BaseMod","Marisa£®ÏF”Í°°ƒß¿Ì…≥£©","Minty Spire (QoL Compilation)","StSLib","Waifu the Spire","everything is the same but u backflip on backflip","slay the spire mod where everything is the same but ironclad has a cowboy hat"],"gold_per_floor":[117,42,60,120,120,120,154,24,69,101,101,101,101,111,111,187,187,206,131,145,145,145],"floor_reached":21,"playtime":644,"items_purged":["Strike_R","Bash"],"score":420,"play_id":"1b38e559-84d3-4e5d-b9ef-d8897235ba99","local_time":"20210110135327","is_ascension_mode":true,"campfire_choices":[{"data":"Uppercut","floor":6.0,"key":"SMITH"},{"data":"Anger","floor":13,"key":"SMITH"},{"data":"Evolve","floor":15,"key":"SMITH"}],"circlet_count":0,"master_deck":["AscendersBane","Strike_R","Defend_R","Defend_R","Defend_R","Defend_R","Uppercut+1","Anger+1","Evolve+1","Dark Embrace","Battle Trance","Flame Barrier","Rampage","Barricade"],"relics":["Burning Blood","NeowsBlessing","MawBank","Juzu Bracelet","Bronze Scales","Empty Cage"],"acts_visited":["Exordium","TheCity"],"potions_floor_usage":[],"damage_taken":[{"damage":0.0,"enemies":"Cultist","floor":1.0,"turns":1.0},{"damage":0.0,"enemies":"Jaw Worm","floor":3.0,"turns":1.0},{"damage":0.0,"enemies":"Lagavulin","floor":7.0,"turns":1.0},{"damage":30.0,"enemies":"Gremlin Nob","floor":10.0,"turns":4.0},{"damage":3,"enemies":"2 Louse","floor":14,"turns":3},{"damage":35,"enemies":"Slime Boss","floor":16,"turns":8},{"damage":15,"enemies":"Chosen","floor":18,"turns":7},{"damage":24,"enemies":"3 Byrds","floor":20,"turns":3},{"damage":43,"enemies":"Shelled Parasite and Fungi","floor":21,"turns":3}],"seed_played":"7371329564911073168","potions_obtained":[{"floor":1.0,"key":"SpeedPotion"},{"floor":14,"key":"PowerPotion"},{"floor":16,"key":"HeartOfIron"}],"is_trial":false,"path_per_floor":["M","$","M","?","?","R","E","$","T","E","?","?","R","M","R","B",null,"M","?","M","M"],"character_chosen":"IRONCLAD","items_purchased":["Dark Embrace"],"campfire_rested":0,"item_purchase_floors":[8],"current_hp_per_floor":[74,74,75,75,80,80,80,80,80,56,56,56,56,59,59,30,68,59,59,41,0,0],"gold":145,"neow_bonus":"THREE_ENEMY_KILL","is_daily":false,"chose_seed":false,"campfire_upgraded":3,"win_rate":0.0,"timestamp":1610258007,"path_taken":["M","?","?","?","?","R","E","$","T","E","?","?","R","M","R","BOSS","M","?","M","M"],"items_purchased_type":["Card"],"build_version":"2020-12-22","purchased_purges":2,"victory":false,"max_hp_per_floor":[75,75,75,75,80,80,80,80,80,80,80,80,80,80,80,80,80,80,80,80,80,80],"card_choices":[{"not_picked":["Pummel","Seeing Red"],"picked":"Uppercut","floor":1.0},{"not_picked":["Hemokinesis","Wild Strike"],"picked":"Anger","floor":3.0},{"not_picked":["Fire Breathing","Warcry"],"picked":"Evolve","floor":7.0},{"not_picked":["Power Through","Heavy Blade"],"picked":"Battle Trance","floor":10.0},{"not_picked":["True Grit","Thunderclap"],"picked":"Rampage","floor":14},{"not_picked":["Fiend Fire","Exhume"],"picked":"Barricade","floor":16},{"not_picked":["Flex+1","Body Slam","Thunderclap"],"picked":"SKIP","floor":18},{"not_picked":["Warcry","Blood for Blood+1","Iron Wave"],"picked":"SKIP","floor":20}],"player_experience":819054,"relics_obtained":[{"floor":7.0,"key":"MawBank"},{"floor":9.0,"key":"Juzu Bracelet"},{"floor":10.0,"key":"Bronze Scales"}],"event_choices":[{"damage_healed":0.0,"max_hp_gain":0.0,"max_hp_loss":0.0,"gold_gain":60.0,"event_name":"Golden Wing","player_choice":"Gained Gold","floor":4.0,"gold_loss":0.0,"damage_taken":0.0},{"damage_healed":0.0,"max_hp_gain":5.0,"max_hp_loss":0.0,"gold_gain":0.0,"event_name":"Big Fish","player_choice":"Donut","floor":5.0,"gold_loss":0.0,"damage_taken":0.0},{"damage_healed":0,"gold_gain":0,"player_choice":"1 cards matched","damage_taken":0,"max_hp_gain":0,"max_hp_loss":0,"event_name":"Match and Keep!","floor":11,"gold_loss":0,"cards_obtained":["Flame Barrier"]},{"damage_healed":0,"gold_gain":0,"player_choice":"Ignored","damage_taken":0,"max_hp_gain":0,"max_hp_loss":0,"event_name":"Liars Game","floor":12,"gold_loss":0},{"cards_removed":["Strike_R"],"damage_healed":0,"gold_gain":0,"player_choice":"Gave Gold","damage_taken":0,"max_hp_gain":0,"max_hp_loss":0,"event_name":"Beggar","floor":19,"gold_loss":75}],"is_beta":false,"boss_relics":[{"not_picked":["SlaversCollar","Black Star"],"picked":"Empty Cage"}],"items_purged_floors":[2,8],"is_endless":false,"potions_floor_spawned":[1,14,16,18],"killed_by":"Shelled Parasite and Fungi","ascension_level":20}}