{"host":"Connor","time":1610251424,"event":{"mods":["Aspiration","BaseMod","Downfall","Hubris","Marisa????????","Minty Spire (QoL Compilation)","Replay The Spire","StSLib","The Cursed","The Jungle","The Servant 0.9.4"],"gold_per_floor":[112,187,197,207,244,244,244],"floor_reached":6,"playtime":292,"items_purged":[],"score":65,"play_id":"606c369e-131c-433e-8cc4-da144f64843a","local_time":"20210109200344","is_ascension_mode":true,"campfire_choices":[],"circlet_count":0,"master_deck":["AscendersBane","Strike_G","Strike_G","Strike_G","Strike_G","Strike_G","Defend_G","Defend_G","Defend_G","Defend_G","Defend_G","Survivor","Neutralize","Midas Touch","Infinite Blades","Infinite Blades","Hidden Blade","ReplayTheSpireMod:The Works"],"relics":["Ring of the Snake"],"acts_visited":["Exordium"],"potions_floor_usage":[4,6],"damage_taken":[{"damage":0,"enemies":"2 Louse","floor":1,"turns":3},{"damage":0,"enemies":"Small Slimes","floor":3,"turns":1},{"damage":1,"enemies":"Cultist","floor":4,"turns":5},{"damage":8,"enemies":"Blue Slaver","floor":5,"turns":5},{"damage":34,"enemies":"Gremlin Nob","floor":6,"turns":5}],"seed_played":"-6981091391600074495","potions_obtained":[{"floor":1,"key":"SkillPotion"},{"floor":3,"key":"Energy Potion"},{"floor":5,"key":"GhostInAJar"}],"is_trial":false,"path_per_floor":["M","?","M","M","M","E"],"character_chosen":"THE_SILENT","items_purchased":[],"campfire_rested":0,"item_purchase_floors":[],"current_hp_per_floor":[44,33,33,32,24,0,0],"gold":244,"neow_bonus":"RANDOM_COLORLESS_2","is_daily":false,"chose_seed":false,"campfire_upgraded":0,"win_rate":0.0,"timestamp":1610251424,"path_taken":["M","?","M","M","M","E"],"items_purchased_type":[],"build_version":"2020-12-18","purchased_purges":0,"victory":false,"max_hp_per_floor":[66,66,66,66,66,66,66],"card_choices":[{"not_picked":["Metamorphosis","Transmutation"],"picked":"Midas Touch","floor":0},{"not_picked":["Terror","Masterful Stab"],"picked":"Infinite Blades","floor":1},{"not_picked":["Prepared","Underhanded Strike"],"picked":"Infinite Blades","floor":3},{"not_picked":["Dagger Spray","Dodge and Roll"],"picked":"Hidden Blade","floor":4},{"not_picked":["Hidden Blade","PiercingWail"],"picked":"ReplayTheSpireMod:The Works","floor":5}],"player_experience":580209,"relics_obtained":[],"event_choices":[{"damage_healed":0,"gold_gain":75,"player_choice":"Gather Gold","damage_taken":11,"max_hp_gain":0,"max_hp_loss":0,"event_name":"World of Goop","floor":2,"gold_loss":0}],"is_beta":true,"boss_relics":[],"items_purged_floors":[],"is_endless":false,"potions_floor_spawned":[1,3,5],"killed_by":"Gremlin Nob","ascension_level":14}}