{"host":"3s1bgj9vdfhoy9ls","time":1610283160,"event":{"mods":["BaseMod","BetterRewards","Downfall","Marisa£®ÏF”Í°°ƒß¿Ì…≥£©","Minty Spire (QoL Compilation)","READ ME - Guardian Mod","Replay The Spire","Shop Mod","StSLib","The Bug Knight","The Cursed","The Disciple","The Servant 0.9.4"],"gold_per_floor":[119,130,130,305,62,62,62,80,128,128,128,208,225,225,225,328,328,344,344,47,67,77,77,88,88,142,193,203,213,128,143,143,247,247,264,325,325,343,192,192,192],"floor_reached":40,"playtime":1588,"items_purged":["Doubt"],"score":376,"play_id":"421d5389-e3cc-4dbe-ae48-a40cd15f3543","local_time":"20210110205240","is_ascension_mode":false,"campfire_choices":[{"data":"Mayhem","floor":6,"key":"SMITH"},{"floor":10,"key":"DIG"},{"data":"Bouncing Flask","floor":15,"key":"SMITH"},{"floor":32,"key":"REST"}],"circlet_count":0,"master_deck":["Strike_G","Strike_G","Defend_G","Defend_G","Defend_G","Defend_G","Neutralize+1","Bouncing Flask+1","PiercingWail+1","Mayhem+1","m_Survivalism","Poisoned Stab+1","Deadly Poison+1","Backflip+1","Escape Plan","Pot Of Greed","Pot Of Greed","Poison Darts","Bane+1"],"relics":["Ring of the Snake","Replay:Multitool","Pet Ghost","Mercury Hourglass","Replay:Rubber Ducky","Sozu","ReplayTheSpireMod:TigerMarble","Guide Book","Grinning Jar","Replay:Accelerometer","Replay:Baseball"],"acts_visited":["Exordium","TheCity","TheBeyond"],"potions_floor_usage":[18],"damage_taken":[{"damage":0,"enemies":"Small Slimes","floor":1,"turns":3},{"damage":3,"enemies":"2 Louse","floor":2,"turns":4},{"damage":5,"enemies":"Jaw Worm","floor":8,"turns":3},{"damage":1,"enemies":"2 Fungi Beasts","floor":13,"turns":3},{"damage":35,"enemies":"The Guardian","floor":16,"turns":8},{"damage":10,"enemies":"2 Thieves","floor":18,"turns":4},{"damage":0,"enemies":"3 Byrds","floor":21,"turns":4},{"damage":0,"enemies":"Centurion and Healer","floor":22,"turns":4},{"damage":18,"enemies":"Snake Plant","floor":24,"turns":3},{"damage":0,"enemies":"3 Cultists","floor":28,"turns":4},{"damage":8,"enemies":"Snecko","floor":29,"turns":4},{"damage":0,"enemies":"Snake Plant","floor":31,"turns":3},{"damage":44,"enemies":"Automaton","floor":33,"turns":8},{"damage":1,"enemies":"3 Shapes","floor":35,"turns":4},{"damage":0,"enemies":"Orb Walker","floor":38,"turns":4},{"damage":45,"enemies":"Reptomancer","floor":40,"turns":4}],"seed_played":"4509531320449894522","potions_obtained":[{"floor":1,"key":"Fire Potion"},{"floor":13,"key":"SmokeBomb"},{"floor":16,"key":"Explosive Potion"}],"is_trial":true,"path_per_floor":["M","M","?","?","$","R","T","M","T","R","?","R","M","?","R","B",null,"M","?","$","M","M","R","M","?","T","R","M","M","?","M","R","B",null,"M","?","?","M","$","E"],"character_chosen":"THE_SILENT","items_purchased":["Mayhem","ReplayTheSpireMod:TigerMarble","Guide Book","Replay:Baseball"],"campfire_rested":1,"item_purchase_floors":[5,20,20,39],"current_hp_per_floor":[70,67,60,60,60,60,60,55,55,55,37,37,36,36,36,1,70,60,60,60,60,60,60,42,42,42,42,42,34,34,34,55,11,70,69,41,41,41,41,0,0],"gold":192,"neow_bonus":"","is_daily":false,"chose_seed":false,"campfire_upgraded":2,"win_rate":0.0,"timestamp":1610283160,"path_taken":["M","M","?","?","$","R","?","M","T","R","?","R","M","?","R","BOSS","M","?","$","?","M","R","M","?","T","R","M","?","?","M","R","BOSS","M","?","?","M","$","E"],"items_purchased_type":["Card","Relic","Relic","Relic"],"build_version":"2020-12-22","purchased_purges":1,"victory":false,"max_hp_per_floor":[70,70,70,70,70,70,70,70,70,70,70,70,70,70,70,70,70,70,70,70,70,70,70,70,70,70,70,70,70,70,70,70,70,70,70,70,70,70,70,70,70],"card_choices":[{"not_picked":["Backflip","Dagger Throw"],"picked":"Bouncing Flask","floor":1},{"not_picked":["Dagger Spray","Bouncing Flask"],"picked":"PiercingWail","floor":2},{"not_picked":["Infinite Blades","Underhanded Strike","Slice"],"picked":"SKIP","floor":8},{"not_picked":["ReplayTheSpireMod:Speed Training","Outmaneuver","Endless Agony"],"picked":"SKIP","floor":13},{"not_picked":["Eviscerate","Sucker Punch"],"picked":"Poisoned Stab","floor":18},{"not_picked":["Toxin Wave","Sucker Punch"],"picked":"Deadly Poison+1","floor":21},{"not_picked":["Quick Slash","Acrobatics"],"picked":"Backflip+1","floor":22},{"not_picked":["Acrobatics","ReplayTheSpireMod:Scrap Shanks","Dodge and Roll"],"picked":"SKIP","floor":24},{"not_picked":["Dagger Spray","Poisoned Stab","Backflip"],"picked":"SKIP","floor":28},{"not_picked":["Dagger Throw+1","Outmaneuver+1","Underhanded Strike"],"picked":"SKIP","floor":29},{"not_picked":["Poisoned Stab","Crippling Poison","Backflip"],"picked":"SKIP","floor":31},{"not_picked":["Phantasmal Killer","Grand Finale"],"picked":"Poison Darts","floor":33},{"not_picked":["Blade Dance","All Out Attack+1"],"picked":"Bane+1","floor":35},{"not_picked":["Quick Slash","Blade Dance","Poisoned Stab+1"],"picked":"SKIP","floor":38}],"player_experience":524760,"relics_obtained":[{"floor":7,"key":"Replay:Multitool"},{"floor":9,"key":"Pet Ghost"},{"floor":10,"key":"Mercury Hourglass"},{"floor":26,"key":"Grinning Jar"}],"event_choices":[{"cards_removed":["Strike_G"],"damage_healed":0,"gold_gain":0,"player_choice":"Card Removal","damage_taken":7,"max_hp_gain":0,"max_hp_loss":0,"event_name":"Golden Wing","floor":3,"gold_loss":0},{"damage_healed":0,"gold_gain":175,"player_choice":"AGREE","damage_taken":0,"max_hp_gain":0,"max_hp_loss":0,"event_name":"Liars Game","floor":4,"gold_loss":0,"cards_obtained":["Doubt"]},{"damage_healed":0,"gold_gain":0,"player_choice":"Success","damage_taken":18,"relics_obtained":["Replay:Rubber Ducky"],"max_hp_gain":0,"max_hp_loss":0,"event_name":"Scrap Ooze","floor":11,"gold_loss":0},{"cards_removed":["Strike_G"],"damage_healed":0,"gold_gain":0,"player_choice":"Purged","damage_taken":0,"max_hp_gain":0,"max_hp_loss":0,"event_name":"Purifier","floor":19,"gold_loss":0},{"damage_healed":0,"gold_gain":0,"player_choice":"Upgraded","damage_taken":0,"max_hp_gain":0,"max_hp_loss":0,"event_name":"Upgrade Shrine","floor":25,"gold_loss":0,"cards_upgraded":["Neutralize"]},{"damage_healed":0,"gold_gain":0,"player_choice":"Obtained Relic","damage_taken":0,"relics_obtained":["Replay:Accelerometer"],"max_hp_gain":0,"max_hp_loss":0,"event_name":"Addict","floor":30,"gold_loss":85},{"cards_removed":["Strike_G"],"damage_healed":0,"gold_gain":0,"player_choice":"Removed Attack","damage_taken":0,"max_hp_gain":0,"max_hp_loss":0,"event_name":"Falling","floor":37,"gold_loss":0}],"is_beta":false,"boss_relics":[{"not_picked":["ReplayTheSpireMod:DimensionalGlitch","Replay:Wanted Poster"],"picked":"Sozu"},{"not_picked":["Honey Jar","ChewingGum","Fusion Hammer"]}],"items_purged_floors":[5],"is_endless":true,"potions_floor_spawned":[1,13,16,22,24,28,31,33,38],"killed_by":"Reptomancer","ascension_level":0}}