{"host":"o7j6aatxjwpw1421","time":1610297201,"event":{"mods":["2.2 Compatiblity","AchievementEnabler","BaseMod","Colored Map","DeckTracker","Highlight Path","Keyboard Shortcuts","Minty Spire (QoL Compilation)","Permanent Neow","Quick Restart","StSLib","SuperFastMode","everything is the same but u backflip on backflip"],"gold_per_floor":[18,37,37,37,112,112,129,154,232,250,267,267,293,56,56,211,211,231,231,339,339,14,14,54,54,54,17,17,61,93,132,132,227,227,243,103,114,155,377,406,406,406,406,486,512,528,557,570,570,595,595,595,241,266,266],"floor_reached":56,"playtime":4269,"items_purged":["Metallicize","Brutality","Metallicize"],"score":1328,"play_id":"46f65971-e4be-4371-9d94-e5ff3fc2660a","local_time":"20210111014641","is_ascension_mode":false,"campfire_choices":[{"data":"Impervious","floor":6.0,"key":"SMITH"},{"data":"True Grit","floor":12.0,"key":"SMITH"},{"data":"HandOfGreed","floor":15.0,"key":"SMITH"},{"data":"Barricade","floor":23.0,"key":"SMITH"},{"floor":25.0,"key":"REST"},{"data":"Shrug It Off","floor":28.0,"key":"SMITH"},{"data":"Second Wind","floor":32.0,"key":"SMITH"},{"data":"Battle Trance","floor":42.0,"key":"SMITH"},{"floor":49,"key":"RECALL"},{"data":"Feel No Pain","floor":52,"key":"SMITH"}],"circlet_count":0,"master_deck":["Bash","Impervious+1","Cleave","Body Slam+1","True Grit+1","Second Wind+1","Pommel Strike","Evolve","HandOfGreed+1","Shrug It Off+1","Shockwave","Combust","Rampage","Blood for Blood","Barricade+1","Metallicize","Battle Trance+1","Armaments+1","Shrug It Off","Feel No Pain+1","Entrench+1","Entrench+1","Shrug It Off+1","Flash of Steel"],"relics":["Burning Blood","Regal Pillow","Shuriken","Pear","Pen Nib","Pandora\u0027s Box","Red Mask","Sundial","Singing Bowl","Boot","Sozu","Paper Frog","Dead Branch","Dream Catcher","Nunchaku","Medical Kit","Blood Vial"],"acts_visited":["Exordium","TheCity","TheBeyond","TheEnding"],"potions_floor_usage":[55,55,55],"damage_taken":[{"damage":4.0,"enemies":"2 Louse","floor":1.0,"turns":3.0},{"damage":5.0,"enemies":"Small Slimes","floor":2.0,"turns":3.0},{"damage":4.0,"enemies":"Cultist","floor":7.0,"turns":4.0},{"damage":29.0,"enemies":"Lagavulin","floor":8.0,"turns":9.0},{"damage":0.0,"enemies":"Exordium Wildlife","floor":10.0,"turns":3.0},{"damage":6.0,"enemies":"Large Slime","floor":11.0,"turns":3.0},{"damage":19.0,"enemies":"Slime Boss","floor":16.0,"turns":10.0},{"damage":20.0,"enemies":"Shell Parasite","floor":18.0,"turns":9.0},{"damage":55.0,"enemies":"Masked Bandits","floor":20.0,"turns":9.0},{"damage":1.0,"enemies":"Chosen","floor":24.0,"turns":5.0},{"damage":1.0,"enemies":"Snecko","floor":29.0,"turns":8.0},{"damage":22.0,"enemies":"Slavers","floor":30.0,"turns":6.0},{"damage":0.0,"enemies":"Cultist and Chosen","floor":31.0,"turns":7.0},{"damage":45.0,"enemies":"Collector","floor":33.0,"turns":13.0},{"damage":23.0,"enemies":"3 Shapes","floor":35.0,"turns":6.0},{"damage":32.0,"enemies":"3 Darklings","floor":37.0,"turns":7.0},{"damage":4.0,"enemies":"Maw","floor":38.0,"turns":9.0},{"damage":0.0,"enemies":"Giant Head","floor":40.0,"turns":8.0},{"damage":10,"enemies":"2 Orb Walkers","floor":44,"turns":8},{"damage":0,"enemies":"Nemesis","floor":45,"turns":3},{"damage":24,"enemies":"Writhing Mass","floor":46,"turns":2},{"damage":10,"enemies":"Giant Head","floor":47,"turns":9},{"damage":25,"enemies":"Transient","floor":48,"turns":5},{"damage":22,"enemies":"Awakened One","floor":50,"turns":9},{"damage":0,"enemies":"Shield and Spear","floor":54,"turns":9},{"damage":56,"enemies":"The Heart","floor":55,"turns":11}],"seed_played":"4745709066750377659","potions_obtained":[{"floor":2.0,"key":"LiquidBronze"},{"floor":8.0,"key":"Fire Potion"},{"floor":10.0,"key":"Fire Potion"},{"floor":16.0,"key":"GamblersBrew"},{"floor":20.0,"key":"Strength Potion"},{"floor":31.0,"key":"FearPotion"},{"floor":33.0,"key":"EssenceOfSteel"}],"is_trial":false,"path_per_floor":["M","M","?","?","?","R","M","E","T","M","M","R","T","$","R","B",null,"M","?","?","?","$","R","M","R","T","$","R","M","E","M","R","B",null,"M","$","M","M","?","E","?","R","T","?","E","M","E","M","R","B",null,"R","$","E","B",null],"character_chosen":"IRONCLAD","items_purchased":["HandOfGreed","Shrug It Off","Sundial","Battle Trance","Feel No Pain","Medical Kit","Flash of Steel"],"campfire_rested":1,"item_purchase_floors":[14,14,22,27,36,53,53],"current_hp_per_floor":[80,80,64,61,53,53,55,32,42,48,48,48,48,48,48,35,90,76,76,27,27,27,27,32,74,74,74,74,79,63,71,71,34,94,79,79,53,57,57,63,63,63,63,61,69,53,51,32,32,16,106,106,106,108,58],"gold":266,"neow_bonus":"THREE_RARE_CARDS","is_daily":false,"chose_seed":false,"campfire_upgraded":8,"win_rate":0.0,"timestamp":1610297201,"path_taken":["M","M","?","?","?","R","M","E","T","M","?","R","?","$","R","BOSS","M","?","?","?","$","R","?","R","T","$","R","M","E","M","R","BOSS","M","$","M","M","?","E","?","R","T","?","E","M","E","M","R","BOSS","R","$","E","BOSS"],"items_purchased_type":["Card","Card","Relic","Card","Card","Relic","Card"],"build_version":"2020-12-22","purchased_purges":3,"victory":true,"max_hp_per_floor":[80,80,80,80,80,80,80,80,90,90,90,90,90,90,90,90,90,90,90,90,90,90,90,90,90,90,90,90,90,90,92,92,94,94,96,96,96,98,98,98,98,98,98,100,102,104,106,106,106,106,106,106,106,108,108],"card_choices":[{"not_picked":["Exhume","Juggernaut"],"picked":"Impervious","floor":0.0},{"not_picked":["Sword Boomerang","Anger"],"picked":"Cleave","floor":1.0},{"not_picked":["Uppercut","Intimidate"],"picked":"Body Slam","floor":2.0},{"not_picked":["Rupture","Battle Trance"],"picked":"True Grit","floor":7.0},{"not_picked":["Clash","Sentinel"],"picked":"Second Wind","floor":8.0},{"not_picked":["Feel No Pain","Hemokinesis"],"picked":"Pommel Strike","floor":10.0},{"not_picked":["Havoc","Armaments"],"picked":"Evolve","floor":11.0},{"not_picked":["Limit Break","Fiend Fire"],"picked":"Brutality","floor":16.0},{"not_picked":["Pommel Strike+1","Shockwave","Wild Strike"],"picked":"SKIP","floor":18.0},{"not_picked":["Pommel Strike","Clothesline","Heavy Blade"],"picked":"SKIP","floor":24.0},{"not_picked":["Twin Strike","Disarm"],"picked":"Armaments+1","floor":29.0},{"not_picked":["Armaments+1","Feed"],"picked":"Shrug It Off","floor":30.0},{"not_picked":["Reckless Charge+1","Blood for Blood","Wild Strike"],"picked":"Singing Bowl","floor":31.0},{"not_picked":["Berserk","Limit Break","Feed"],"picked":"Singing Bowl","floor":33.0},{"not_picked":["Perfected Strike+1","Uppercut+1","Sword Boomerang"],"picked":"Singing Bowl","floor":35.0},{"not_picked":["Iron Wave+1","Thunderclap"],"picked":"Entrench+1","floor":37.0},{"not_picked":["Headbutt+1","Clash","Thunderclap+1"],"picked":"Singing Bowl","floor":38.0},{"not_picked":["Demon Form","Carnage"],"picked":"Entrench+1","floor":40.0},{"not_picked":["Cleave+1","Wild Strike","Thunderclap+1"],"picked":"Singing Bowl","floor":44},{"not_picked":["Pummel","Shrug It Off","Heavy Blade"],"picked":"Singing Bowl","floor":45},{"not_picked":["Rage+1","Uppercut+1","Iron Wave"],"picked":"Singing Bowl","floor":46},{"not_picked":["Anger","Clash+1","Rage"],"picked":"Singing Bowl","floor":47},{"not_picked":["Flex+1","Warcry"],"picked":"Shrug It Off+1","floor":48},{"not_picked":["Iron Wave","Pommel Strike+1","Combust+1"],"picked":"Singing Bowl","floor":54}],"player_experience":493095,"relics_obtained":[{"floor":8.0,"key":"Shuriken"},{"floor":9.0,"key":"Pear"},{"floor":13.0,"key":"Pen Nib"},{"floor":20.0,"key":"Red Mask"},{"floor":26.0,"key":"Singing Bowl"},{"floor":30.0,"key":"Boot"},{"floor":40.0,"key":"Paper Frog"},{"floor":44,"key":"Dead Branch"},{"floor":45,"key":"Dream Catcher"},{"floor":47,"key":"Nunchaku"},{"floor":54,"key":"Blood Vial"}],"event_choices":[{"damage_healed":0.0,"max_hp_gain":0.0,"max_hp_loss":0.0,"gold_gain":0.0,"event_name":"Shining Light","player_choice":"Entered Light","floor":3.0,"gold_loss":0.0,"damage_taken":16.0,"cards_upgraded":["Body Slam","Strike_R"]},{"damage_healed":0.0,"max_hp_gain":0.0,"max_hp_loss":0.0,"gold_gain":0.0,"event_name":"Scrap Ooze","player_choice":"Success","floor":4.0,"gold_loss":0.0,"damage_taken":3.0,"relics_obtained":["Regal Pillow"]},{"damage_healed":0.0,"max_hp_gain":0.0,"max_hp_loss":0.0,"gold_gain":75.0,"event_name":"FaceTrader","player_choice":"Touch","floor":5.0,"gold_loss":0.0,"damage_taken":8.0},{"damage_healed":0.0,"max_hp_gain":0.0,"max_hp_loss":0.0,"gold_gain":0.0,"event_name":"Vampires","player_choice":"Ignored","floor":19.0,"gold_loss":0.0,"damage_taken":0.0},{"damage_healed":0.0,"max_hp_gain":0.0,"max_hp_loss":0.0,"gold_gain":0.0,"event_name":"Masked Bandits","player_choice":"Fought Bandits","floor":20.0,"gold_loss":0.0,"damage_taken":0.0},{"damage_healed":0.0,"max_hp_gain":0.0,"max_hp_loss":0.0,"gold_gain":0.0,"event_name":"The Woman in Blue","player_choice":"Bought 0 Potions","floor":21.0,"gold_loss":0.0,"damage_taken":0.0},{"damage_healed":0.0,"max_hp_gain":0.0,"max_hp_loss":0.0,"gold_gain":222.0,"event_name":"Tomb of Lord Red Mask","player_choice":"Wore Mask","floor":39.0,"gold_loss":0.0,"damage_taken":0.0},{"cards_removed":["Armaments"],"damage_healed":0.0,"max_hp_gain":0.0,"max_hp_loss":0.0,"gold_gain":0.0,"event_name":"Falling","player_choice":"Removed Skill","floor":41.0,"gold_loss":0.0,"damage_taken":0.0},{"damage_healed":0,"gold_gain":0,"player_choice":"Fight","damage_taken":0,"max_hp_gain":0,"max_hp_loss":0,"event_name":"Mysterious Sphere","floor":44,"gold_loss":0}],"is_beta":false,"boss_relics":[{"not_picked":["Astrolabe","Cursed Key"],"picked":"Pandora\u0027s Box"},{"not_picked":["Empty Cage","Black Star"],"picked":"Sozu"}],"items_purged_floors":[22,36,53],"is_endless":false,"potions_floor_spawned":[2,8,10,16,20,31,33,38,45,54],"ascension_level":0}}