{"host":"vjza61176pkzgzt7","time":1610257883,"event":{"mods":["BaseMod","Better Third Choice","Minty Spire (QoL Compilation)","StSLib","The Forsaken","The Senshi"],"gold_per_floor":[110,122,139,156,170,170,190,210,210,160,172,172,53,70,70,170,170,188,268,281,129,145,145,0,0,0,26,26,44,44,44,44,145,145,164,164,164,37,53,63,77,77,77,94,94,94,44,55,55,55,55,55,5,38,38,38],"floor_reached":55,"playtime":4848,"items_purged":["Defend_R","Brutality","Doubt","Defend_R"],"score":708,"play_id":"52fce8d7-8666-4ed2-86eb-21c10a1cdb82","local_time":"20210109235123","is_ascension_mode":false,"campfire_choices":[{"floor":6,"key":"RECALL"},{"data":"Spot Weakness","floor":15,"key":"SMITH"},{"data":"Limit Break","floor":23,"key":"SMITH"},{"floor":25,"key":"REST"},{"floor":28,"key":"REST"},{"floor":32,"key":"REST"},{"floor":42,"key":"REST"},{"data":"Heavy Blade","floor":46,"key":"SMITH"},{"floor":49,"key":"REST"},{"data":"Rupture","floor":52,"key":"SMITH"}],"circlet_count":0,"master_deck":["Strike_R","Strike_R","Strike_R","Defend_R","Defend_R","Infernal Blade","Shrug It Off","Flex","Feed","Flex","Spot Weakness+1","Inflame","Limit Break+1","Shrug It Off+1","Spot Weakness","Rupture+1","Immolate","Armaments+1","Infernal Blade","Necronomicurse","Brutality+1","Dropkick+1","Wild Strike+1","Combust","Infernal Blade","Heavy Blade+1","Iron Wave+1","Rage"],"relics":["Burning Blood","NeowsBlessing","betterThird:SlimedRelic","Smiling Mask","Runic Pyramid","Darkstone Periapt","White Beast Statue","Strawberry","Necronomicon","Astrolabe","Ornamental Fan","Sundial"],"acts_visited":["Exordium","TheCity","TheBeyond","TheEnding"],"potions_floor_usage":[5,8,8,11,16,18,22,27,33,33,40,41,44,44,50,54,54],"damage_taken":[{"damage":0,"enemies":"Small Slimes","floor":1,"turns":1},{"damage":0,"enemies":"Jaw Worm","floor":2,"turns":1},{"damage":0,"enemies":"Cultist","floor":3,"turns":1},{"damage":20,"enemies":"Large Slime","floor":4,"turns":7},{"damage":0,"enemies":"2 Fungi Beasts","floor":5,"turns":4},{"damage":6,"enemies":"Exordium Wildlife","floor":7,"turns":4},{"damage":15,"enemies":"Lots of Slimes","floor":8,"turns":6},{"damage":10,"enemies":"Large Slime","floor":11,"turns":4},{"damage":7,"enemies":"Blue Slaver","floor":14,"turns":4},{"damage":54,"enemies":"The Guardian","floor":16,"turns":12},{"damage":16,"enemies":"Spheric Guardian","floor":18,"turns":5},{"damage":24,"enemies":"Chosen","floor":20,"turns":5},{"damage":34,"enemies":"3 Cultists","floor":22,"turns":5},{"damage":53,"enemies":"Book of Stabbing","floor":27,"turns":8},{"damage":25,"enemies":"Sentry and Sphere","floor":29,"turns":6},{"damage":68,"enemies":"Collector","floor":33,"turns":11},{"damage":9,"enemies":"3 Shapes","floor":35,"turns":2},{"damage":24,"enemies":"Orb Walker","floor":39,"turns":4},{"damage":70,"enemies":"Sphere and 2 Shapes","floor":40,"turns":6},{"damage":0,"enemies":"Jaw Worm Horde","floor":41,"turns":1},{"damage":7,"enemies":"Spire Growth","floor":44,"turns":4},{"damage":75,"enemies":"Transient","floor":48,"turns":5},{"damage":98,"enemies":"Donu and Deca","floor":50,"turns":7},{"damage":84,"enemies":"Shield and Spear","floor":54,"turns":5},{"damage":77,"enemies":"The Heart","floor":55,"turns":3}],"seed_played":"4002574528785436620","potions_obtained":[{"floor":2,"key":"EntropicBrew"},{"floor":4,"key":"DuplicationPotion"},{"floor":11,"key":"Fruit Juice"},{"floor":16,"key":"AttackPotion"},{"floor":18,"key":"CultistPotion"},{"floor":20,"key":"BlessingOfTheForge"},{"floor":27,"key":"SneckoOil"},{"floor":29,"key":"LiquidBronze"},{"floor":33,"key":"Dexterity Potion"},{"floor":35,"key":"ColorlessPotion"},{"floor":39,"key":"Ancient Potion"},{"floor":40,"key":"BlessingOfTheForge"},{"floor":41,"key":"BloodPotion"},{"floor":44,"key":"Dexterity Potion"},{"floor":48,"key":"Weak Potion"},{"floor":54,"key":"Fruit Juice"}],"is_trial":false,"path_per_floor":["M","M","M","M","M","R","M","M","T","?","M","T","$","M","R","B",null,"M","T","M","$","M","R","?","R","T","E","R","M","?","?","R","B",null,"M","?","?","$","M","M","M","R","T","M","?","R","$","M","R","B",null,"R","$","E","B"],"character_chosen":"IRONCLAD","items_purchased":["Spot Weakness","Rupture","Immolate","Combust"],"campfire_rested":5,"item_purchase_floors":[13,21,21,38],"current_hp_per_floor":[80,80,80,66,72,72,75,69,69,58,62,62,62,64,64,19,100,93,93,78,78,53,53,53,85,85,49,85,70,60,60,99,37,130,130,130,130,130,112,52,85,126,126,125,143,143,143,74,116,27,146,146,146,73,0,0],"gold":38,"neow_bonus":"THREE_ENEMY_KILL","is_daily":false,"chose_seed":false,"campfire_upgraded":4,"win_rate":0.0,"timestamp":1610257883,"path_taken":["M","M","M","M","M","R","M","M","T","?","M","?","?","M","R","BOSS","M","?","M","$","M","R","?","R","T","E","R","M","?","?","R","BOSS","M","?","?","$","M","M","M","R","T","M","?","R","$","M","R","BOSS","R","$","E","BOSS"],"items_purchased_type":["Card","Card","Card","Card"],"build_version":"2020-12-22","purchased_purges":4,"victory":false,"max_hp_per_floor":[80,80,80,80,80,80,83,86,86,86,94,94,94,97,97,100,100,103,103,106,106,109,109,109,109,109,120,120,124,130,130,130,130,130,133,133,133,133,133,137,137,137,137,137,143,143,143,143,143,146,146,146,146,151,151,151],"card_choices":[{"not_picked":["Body Slam","Sword Boomerang"],"picked":"Infernal Blade","floor":1},{"not_picked":["Burning Pact","Wild Strike"],"picked":"Shrug It Off","floor":2},{"not_picked":["Bludgeon","Thunderclap"],"picked":"Flex","floor":3},{"not_picked":["Perfected Strike","Thunderclap","Heavy Blade"],"picked":"SKIP","floor":4},{"not_picked":["Clothesline","Heavy Blade"],"picked":"Feed","floor":5},{"not_picked":["Uppercut","Shrug It Off","Shockwave"],"picked":"SKIP","floor":7},{"not_picked":["True Grit","Reckless Charge","Twin Strike"],"picked":"SKIP","floor":8},{"not_picked":["Armaments","Pommel Strike"],"picked":"Flex","floor":11},{"not_picked":["Uppercut","Sever Soul"],"picked":"Inflame","floor":14},{"not_picked":["Fiend Fire","Exhume"],"picked":"Limit Break","floor":16},{"not_picked":["Flex","True Grit"],"picked":"Shrug It Off+1","floor":18},{"not_picked":["Searing Blow","Iron Wave"],"picked":"Spot Weakness","floor":20},{"not_picked":["Clash+1","Havoc+1"],"picked":"Armaments+1","floor":22},{"not_picked":["Battle Trance","Warcry","Headbutt"],"picked":"SKIP","floor":27},{"not_picked":["Rampage","Uppercut"],"picked":"Infernal Blade","floor":29},{"not_picked":["Juggernaut","Demon Form"],"picked":"Brutality","floor":33},{"not_picked":["Anger","Hemokinesis","Perfected Strike+1"],"picked":"SKIP","floor":35},{"not_picked":["Headbutt","Sword Boomerang"],"picked":"Infernal Blade","floor":39},{"not_picked":["Whirlwind","Carnage+1","Cleave"],"picked":"SKIP","floor":40},{"not_picked":["Wild Strike","True Grit+1","Sword Boomerang+1"],"picked":"SKIP","floor":41},{"not_picked":["Sword Boomerang+1","Body Slam+1"],"picked":"Heavy Blade","floor":44},{"not_picked":["Power Through+1","Ghostly Armor+1"],"picked":"Iron Wave+1","floor":48},{"not_picked":["Burning Pact","Headbutt"],"picked":"Rage","floor":54}],"player_experience":208628,"relics_obtained":[{"floor":12,"key":"Smiling Mask"},{"floor":19,"key":"Darkstone Periapt"},{"floor":26,"key":"White Beast Statue"},{"floor":27,"key":"Strawberry"},{"floor":30,"key":"Necronomicon"},{"floor":43,"key":"Ornamental Fan"},{"floor":54,"key":"Sundial"}],"event_choices":[{"damage_healed":0,"gold_gain":0,"player_choice":"Slimed","damage_taken":11,"max_hp_gain":0,"max_hp_loss":0,"event_name":"betterThird:BetterGoop","floor":10,"gold_loss":50},{"damage_healed":0,"gold_gain":0,"player_choice":"Paid Fearfully","damage_taken":0,"max_hp_gain":0,"max_hp_loss":0,"event_name":"Masked Bandits","floor":24,"gold_loss":145},{"damage_healed":0,"gold_gain":0,"player_choice":"Obtained Book","damage_taken":16,"max_hp_gain":0,"max_hp_loss":0,"event_name":"Cursed Tome","floor":30,"gold_loss":0},{"damage_healed":0,"gold_gain":0,"player_choice":"Ignored","damage_taken":0,"max_hp_gain":0,"max_hp_loss":0,"event_name":"Ghosts","floor":31,"gold_loss":0},{"damage_healed":0,"gold_gain":0,"player_choice":"Ignored","damage_taken":0,"max_hp_gain":0,"max_hp_loss":0,"event_name":"Mysterious Sphere","floor":36,"gold_loss":0},{"damage_healed":12,"gold_gain":0,"player_choice":"Heal","damage_taken":0,"max_hp_gain":0,"max_hp_loss":0,"event_name":"MindBloom","floor":45,"gold_loss":0,"cards_obtained":["Doubt"]}],"is_beta":false,"boss_relics":[{"not_picked":["Sozu","Black Star"],"picked":"Runic Pyramid"},{"not_picked":["SlaversCollar","Runic Dome"],"picked":"Astrolabe"}],"items_purged_floors":[13,38,47,53],"is_endless":false,"potions_floor_spawned":[2,4,11,16,18,20,27,29,33,35,39,40,41,44,48,54],"killed_by":"The Heart","ascension_level":0}}