{"host":"vrsxkkch9ccrec7k","time":1610312438,"event":{"mods":["Act Like it!","BaseMod","Bestiary","Better Third Choice","Better Vampires","Downfall","Minty Spire (QoL Compilation)","Permanent Neow","Relic Stats","Spicy Shops","StSLib"],"gold_per_floor":[99,112,112,131,131,131,131,131,161,0,30,46,46,196,213,316,316,316,332,532,532,532,12,94,123,123,136,170,170,170,181,198,198,198],"floor_reached":33,"playtime":2472,"items_purged":[],"score":348,"play_id":"a04cd8a3-9e4c-4511-a13a-52e76570f28e","local_time":"20210110160038","is_ascension_mode":true,"campfire_choices":[{"data":"sneckomod:UnknownRareAttack","floor":1,"key":"SMITH"},{"data":"sneckomod:Unknown","floor":6,"key":"SMITH"},{"data":"sneckomod:SnekBite","floor":8,"key":"SMITH"},{"data":"sneckomod:Unknown","floor":13,"key":"SMITH"},{"data":"sneckomod:Cheat","floor":18,"key":"SMITH"},{"data":"sneckomod:SoulRoll","floor":26,"key":"SMITH"},{"data":"sneckomod:Unknown0Cost","floor":29,"key":"SMITH"}],"circlet_count":0,"master_deck":["sneckomod:Strike","sneckomod:Strike","sneckomod:Defend","sneckomod:Defend","sneckomod:Defend","sneckomod:TailWhip","sneckomod:SnekBite+1","sneckomod:Unknown+1","sneckomod:Unknown+1","sneckomod:UnknownRareAttack+1","sneckomod:DiceCrush","sneckomod:QuickBite","sneckomod:SoulRoll+1","sneckomod:SnakeSap","sneckomod:Rotation","sneckomod:Unknown0Cost+1","Slimebound:Icky","sneckomod:SoulDraw","sneckomod:Cheat+1","sneckomod:UnknownBlock+1","hexamod:Haunted","sneckomod:UnknownUncommonPower+1","sneckomod:IronFang+1","sneckomod:UnknownStrength+1","sneckomod:CheapStock","sneckomod:SoulRoll","sneckomod:UnknownCommonSkill+1"],"relics":["sneckomod:SneckoSoul","Pantograph","Blood Vial","Vajra","Bronze Scales","Coffee Dripper","Molten Egg 2","Shuriken","Pocketwatch","White Beast Statue","Orichalcum","Anchor"],"acts_visited":["Exordium","TheCity"],"potions_floor_usage":[11,11,31,33],"damage_taken":[{"damage":17,"enemies":"Jaw Worm","floor":2,"turns":6},{"damage":1,"enemies":"2 Louse","floor":4,"turns":2},{"damage":16,"enemies":"Lagavulin","floor":9,"turns":5},{"damage":5,"enemies":"downfall:FleeingMerchant","floor":10,"turns":4},{"damage":28,"enemies":"Gremlin Nob","floor":11,"turns":4},{"damage":2,"enemies":"Small Slimes","floor":12,"turns":2},{"damage":0,"enemies":"2 Fungi Beasts","floor":15,"turns":2},{"damage":24,"enemies":"downfall:Watcher","floor":16,"turns":7},{"damage":5,"enemies":"Shell Parasite","floor":19,"turns":4},{"damage":0,"enemies":"downfall:FleeingMerchant","floor":23,"turns":4},{"damage":60,"enemies":"Slavers","floor":25,"turns":4},{"damage":1,"enemies":"Snecko","floor":27,"turns":3},{"damage":0,"enemies":"Gremlin Leader","floor":28,"turns":2},{"damage":9,"enemies":"Cultist and Chosen","floor":31,"turns":6},{"damage":14,"enemies":"Snake Plant","floor":32,"turns":3},{"damage":54,"enemies":"downfall:Ironclad","floor":33,"turns":5}],"seed_played":"5464834135944966071","potions_obtained":[{"floor":2,"key":"hexamod:EctoCoolerPotion"},{"floor":4,"key":"sneckomod:DiceRollPotion"},{"floor":15,"key":"Ancient Potion"},{"floor":25,"key":"Energy Potion"},{"floor":27,"key":"Swift Potion"},{"floor":31,"key":"sneckomod:CheatPotion"},{"floor":32,"key":"CultistPotion"}],"is_trial":false,"path_per_floor":["R","M","?","M","?","R","T","R","E","$","E","M","R","?","M","B",null,"R","M","?","?","T","$","T","E","R","M","E","R","?","M","M","B"],"character_chosen":"THE_SNECKO","items_purchased":["Vajra","Shuriken","sneckomod:IronFang+1","Pocketwatch"],"campfire_rested":0,"item_purchase_floors":[10,23,23,23],"current_hp_per_floor":[91,85,85,84,84,84,84,84,68,65,39,40,40,40,42,49,96,96,92,92,92,92,95,95,39,39,40,42,42,42,35,24,0,0],"gold":198,"neow_bonus":"ONE_RANDOM_RARE_CARD","is_daily":false,"chose_seed":false,"campfire_upgraded":7,"win_rate":0.0,"timestamp":1610312438,"path_taken":["R","M","?","M","?","R","T","R","E","$","E","M","R","?","M","BOSS","R","M","?","?","?","$","T","E","R","M","E","R","?","M","M","BOSS"],"items_purchased_type":["Relic","Relic","Card","Relic"],"build_version":"2020-12-22","purchased_purges":0,"victory":false,"max_hp_per_floor":[91,95,95,95,95,95,95,95,95,95,95,96,96,96,96,96,96,96,97,97,97,97,98,98,99,99,99,99,99,99,99,100,100,100],"relic_stats":{"Blood Vial":24,"counters":[16,63],"Shuriken":[9],"Pantograph":50,"Bronze Scales":[88],"Orichalcum":[18],"obtain_stats":[{"Blood Vial":9,"Anchor":28,"Shuriken":23,"Pantograph":7,"Bronze Scales":11,"Vajra":10,"Molten Egg 2":22,"Coffee Dripper":17,"Orichalcum":25,"sneckomod:SneckoSoul":0,"White Beast Statue":24,"Pocketwatch":23},{"Blood Vial":3,"Anchor":13,"Shuriken":10,"Pantograph":2,"Bronze Scales":5,"Vajra":4,"Molten Egg 2":9,"Coffee Dripper":8,"Orichalcum":11,"sneckomod:SneckoSoul":0,"White Beast Statue":10,"Pocketwatch":10},{"Blood Vial":13,"Anchor":49,"Shuriken":40,"Pantograph":8,"Bronze Scales":21,"Vajra":17,"Molten Egg 2":36,"Coffee Dripper":32,"Orichalcum":44,"sneckomod:SneckoSoul":0,"White Beast Statue":40,"Pocketwatch":40}],"Pocketwatch":[12]},"card_choices":[{"not_picked":["sneckomod:UnknownUncommonAttack","sneckomod:UnknownClassHEXA_GHOST_PURPLE"],"picked":"sneckomod:DiceCrush","floor":2},{"not_picked":["sneckomod:UnknownClassGUARDIAN","sneckomod:UnknownWeak"],"picked":"sneckomod:QuickBite","floor":4},{"not_picked":["sneckomod:UnknownUncommonAttack","sneckomod:UnknownClassTHE_CHAMP_GRAY"],"picked":"sneckomod:SoulRoll","floor":9},{"not_picked":["sneckomod:UnknownBlock","sneckomod:UnknownCommonSkill"],"picked":"sneckomod:SnakeSap","floor":10},{"not_picked":["sneckomod:DiceCrush","sneckomod:SlitherStrike"],"picked":"sneckomod:Rotation","floor":11},{"not_picked":["sneckomod:DiceCrush","sneckomod:QuickBite"],"picked":"sneckomod:Unknown0Cost","floor":12},{"not_picked":["sneckomod:UnknownVulnerable","sneckomod:WideSting"],"picked":"sneckomod:SoulDraw","floor":15},{"not_picked":["sneckomod:UnknownColorless","sneckomod:UnknownRareAttack"],"picked":"sneckomod:Cheat","floor":16},{"not_picked":["sneckomod:UnknownClassBLUE+1","sneckomod:SerpentIdol+1"],"picked":"sneckomod:UnknownBlock+1","floor":19},{"not_picked":["sneckomod:RainOfDice+1","sneckomod:SoulRoll+1"],"picked":"sneckomod:UnknownUncommonPower+1","floor":23},{"not_picked":["sneckomod:UnknownUncommonAttack+1","sneckomod:Unknown3Cost"],"picked":"sneckomod:UnknownStrength+1","floor":25},{"not_picked":["sneckomod:UnknownUncommonSkill","sneckomod:WideSting+1"],"picked":"sneckomod:CheapStock","floor":27},{"not_picked":["sneckomod:WideSting+1","sneckomod:UnknownVulnerable"],"picked":"sneckomod:SoulRoll","floor":28},{"not_picked":["sneckomod:UnknownEthereal","sneckomod:RainOfDice+1","sneckomod:UnknownUncommonAttack+1"],"picked":"SKIP","floor":31},{"not_picked":["sneckomod:UnknownStrike+1","sneckomod:ImprovisedAttack+1"],"picked":"sneckomod:UnknownCommonSkill+1","floor":32}],"player_experience":1453523,"relics_obtained":[{"floor":7,"key":"Pantograph"},{"floor":9,"key":"Blood Vial"},{"floor":11,"key":"Bronze Scales"},{"floor":22,"key":"Molten Egg 2"},{"floor":24,"key":"White Beast Statue"},{"floor":25,"key":"Orichalcum"},{"floor":28,"key":"Anchor"}],"event_choices":[{"cards_removed":["sneckomod:Strike"],"damage_healed":0,"gold_gain":0,"player_choice":"Card Removal","damage_taken":0,"max_hp_gain":0,"max_hp_loss":0,"event_name":"The Cleric","floor":5,"gold_loss":0},{"damage_healed":0,"gold_gain":0,"player_choice":"Ignored","damage_taken":0,"max_hp_gain":0,"max_hp_loss":0,"event_name":"Ghosts","floor":21,"gold_loss":0}],"is_beta":false,"boss_relics":[{"not_picked":["Tiny House","SacredBark"],"picked":"Coffee Dripper"}],"items_purged_floors":[],"is_endless":false,"potions_floor_spawned":[2,4,15,25,27,28,31,32],"killed_by":"downfall:Ironclad","ascension_level":2}}