{"host":"eqvoimh73njwfgdh","time":1610310492,"event":{"mods":["AchievementEnabler","BaseMod","Better Altar","Better Match","Better Note","Better Sensory Stone","Better Skull","Better Third Choice","BetterRewards","Colored Powertips","Conspire","Downfall","Energized Spire","Halation","Hubris","Infinite Spire","Minty Spire (QoL Compilation)","Permanent Neow","Rare Cards Sparkle","Relic Stats","Replay The Spire","Spicy Shops","StSLib","The Animator","The Blue Laboratory","vexMod"],"gold_per_floor":[113,88,102,0,0,0,15,52,52,52,70,70,102,136,136,258,258,304,304,306,328,76,76,84,84],"floor_reached":24,"playtime":1258,"items_purged":[],"score":295,"play_id":"1075fdb8-95aa-4ca4-94a3-c289081ae1f6","local_time":"20210110212812","is_ascension_mode":true,"campfire_choices":[{"floor":6,"key":"RECALL"},{"floor":10,"key":"REST"},{"floor":12,"key":"REST"},{"floor":15,"key":"REST"},{"floor":23,"key":"REST"}],"circlet_count":0,"master_deck":["animator:Strike_NoGameNoLife","animator:Defend_NoGameNoLife","animator:Strike","animator:Strike","animator:Strike","animator:Defend","animator:Defend","animator:DolaSchwi+1","animator:DolaCouronne","animator:Benimaru","animator:Lancer","Enlightenment","animator:Vesta","animator:GazelDwargon","animator:Jibril","animator:Benimaru","animator:Lu","animator:EmiyaShirou","animator:Saber","animator:DolaSchwi","ReplayTheSpireMod:Chaos Vortex","Pride","animator:Rena"],"relics":["animator:LivingPicture","animator:TheMissingPiece","animator:PurgingStone","infinitespire:Midas Blood","hubris:SlimyHat","vexMod:BigBerry","Quantum Egg","animator:OldCoffin"],"acts_visited":["Exordium","TheCity"],"potions_floor_usage":[8,16,21],"damage_taken":[{"damage":0,"enemies":"Cultist","floor":1,"turns":3},{"damage":1,"enemies":"Small Slimes","floor":3,"turns":3},{"damage":2,"enemies":"2 Louse","floor":7,"turns":3},{"damage":27,"enemies":"Gremlin Nob","floor":8,"turns":4},{"damage":9,"enemies":"Red Slaver","floor":11,"turns":3},{"damage":13,"enemies":"Exordium Wildlife","floor":13,"turns":4},{"damage":37,"enemies":"Lagavulin","floor":14,"turns":6},{"damage":36,"enemies":"Hexaghost","floor":16,"turns":10},{"damage":40,"enemies":"3 Byrds","floor":18,"turns":5},{"damage":18,"enemies":"Shell Parasite","floor":21,"turns":5},{"damage":51,"enemies":"Gremlin Leader","floor":24,"turns":5}],"seed_played":"7484071364926496071","potions_obtained":[{"floor":1,"key":"hexamod:EctoCoolerPotion"},{"floor":3,"key":"blueLaboratory:RememoryPotion"},{"floor":11,"key":"blueLaboratory:BottledHope"},{"floor":18,"key":"blueLaboratory:ExaltedPotion"}],"is_trial":false,"path_per_floor":["M","?","M","?","?","R","M","E","T","R","M","R","M","E","R","B",null,"M","?","?","M","$","R","E"],"character_chosen":"THE_ANIMATOR","items_purchased":["animator:OldCoffin"],"campfire_rested":4,"item_purchase_floors":[22],"current_hp_per_floor":[66,66,65,71,71,71,69,42,42,63,54,72,59,22,43,7,102,62,62,37,20,20,50,0,0],"gold":84,"neow_bonus":"UPGRADE_CARD","is_daily":false,"chose_seed":false,"campfire_upgraded":0,"win_rate":0.0,"timestamp":1610310492,"path_taken":["M","?","M","?","?","R","M","E","T","R","M","R","M","E","R","BOSS","M","?","?","M","$","R","E"],"items_purchased_type":["Relic"],"build_version":"2020-12-22","purchased_purges":0,"victory":false,"max_hp_per_floor":[66,66,66,72,72,72,72,72,72,72,72,72,72,72,72,72,102,102,102,102,103,103,103,103,103],"relic_stats":{"counters":[11,51],"obtain_stats":[{"animator:PurgingStone":0,"animator:TheMissingPiece":0,"Quantum Egg":19,"animator:LivingPicture":0,"hubris:SlimyHat":14,"animator:OldCoffin":22,"infinitespire:Midas Blood":8,"vexMod:BigBerry":17},{"animator:PurgingStone":0,"animator:TheMissingPiece":0,"Quantum Egg":9,"animator:LivingPicture":0,"hubris:SlimyHat":7,"animator:OldCoffin":10,"infinitespire:Midas Blood":4,"vexMod:BigBerry":8},{"animator:PurgingStone":0,"animator:TheMissingPiece":0,"Quantum Egg":41,"animator:LivingPicture":0,"hubris:SlimyHat":26,"animator:OldCoffin":46,"infinitespire:Midas Blood":13,"vexMod:BigBerry":36}]},"card_choices":[{"not_picked":["animator:Jibril","animator:IzunaHatsuse"],"picked":"animator:Benimaru","floor":1},{"not_picked":["animator:Sloth","animator:Sonic"],"picked":"animator:Lancer","floor":3},{"not_picked":["animator:Gillette","animator:Rider"],"picked":"animator:GazelDwargon","floor":7},{"not_picked":["animator:Tet","animator:DolaRiku"],"picked":"animator:Jibril","floor":8},{"not_picked":["animator:ElricAlphonse","animator:Elsword"],"picked":"animator:Benimaru","floor":11},{"not_picked":["animator:Ciel","animator:Rider"],"picked":"animator:Lu","floor":13},{"not_picked":["animator:Bozes","animator:LeleiLaLalena"],"picked":"animator:EmiyaShirou","floor":14},{"not_picked":["animator:Biyorigo","animator:Wiz"],"picked":"animator:Saber","floor":16},{"not_picked":["animator:Jibril","animator:ChlammyZell"],"picked":"animator:DolaSchwi","floor":18},{"not_picked":["ReplayTheSpireMod:Echoes of Time","infinitespire:TheBestDefense"],"picked":"ReplayTheSpireMod:Chaos Vortex","floor":20},{"not_picked":["animator:Spearman","animator:Mikaela"],"picked":"animator:Rena","floor":21}],"player_experience":130605,"relics_obtained":[{"floor":8,"key":"infinitespire:Midas Blood"},{"floor":14,"key":"hubris:SlimyHat"}],"event_choices":[{"damage_healed":0,"gold_gain":0,"player_choice":"Left","damage_taken":0,"max_hp_gain":0,"max_hp_loss":0,"event_name":"betterThird:BetterGoop","floor":2,"gold_loss":25},{"damage_healed":0,"gold_gain":0,"player_choice":"RENOUNCE","damage_taken":102,"max_hp_gain":0,"max_hp_loss":0,"event_name":"betterThird:BetterSerpent","floor":4,"gold_loss":102,"cards_obtained":["Enlightenment"]},{"damage_healed":0,"gold_gain":0,"cards_transformed":["animator:Defend"],"player_choice":"Transformed","damage_taken":0,"max_hp_gain":0,"max_hp_loss":0,"event_name":"Transmorgrifier","floor":5,"gold_loss":0,"cards_obtained":["animator:Vesta"]}],"is_beta":false,"boss_relics":[{"not_picked":["Empty Cage","vexMod:RockOfEvil"],"picked":"vexMod:BigBerry"}],"items_purged_floors":[],"is_endless":false,"potions_floor_spawned":[1,3,11,18],"killed_by":"Gremlin Leader","ascension_level":4}}