{"host":"tvwbxqry54t86y0v","time":1610248554,"event":{"mods":["2.2 Compatiblity","A Magickal Journey","Astrologer","BaseMod","Beaked The Cultist","BetterRewards","Block Reminder","Clockwork Mod","Colored Powertips","DeckTracker","Downfall","Fiend Mod","GungeonMod","Hermit","Hubris","Infinite Spire","Ironclad Rager","Marked Mod","Mimic Mod","Minty Spire (QoL Compilation)","Potionbrewer","Replay The Spire","Shade Mod","Somnambulant","StSLib","The Bug Knight","The Cursed","The Druid","The Elementalist","The Exalted","The Forsaken","The Hierophant","The Jungle","The Marked","The Mystic","The Problem Sleuth","The Runesmith","The Senshi","The Spell Scribe","The Valiant","The Wild Card","TheFirefly","TheHeartMod","Unceasing Turn Reminder","thorton"],"gold_per_floor":[117,127,127,147,165,165,197,197,231,76,91,129,146,111,111,212,212,223,148,198,210,225,225,225],"floor_reached":23,"playtime":1327,"items_purged":[],"score":193,"play_id":"fc3bc8e1-c895-4e48-b6a3-63ee5ca594ae","local_time":"20210110141554","is_ascension_mode":false,"campfire_choices":[{"data":"Fiend:FiendSliceAndDice","floor":6,"key":"SMITH"},{"floor":8,"key":"REST"},{"data":"Fiend:FiendInfect","floor":15,"key":"SMITH"}],"circlet_count":0,"master_deck":["Fiend:FiendDemonSlash","Fiend:FiendDemonSlash","Fiend:FiendDemonSlash","Fiend:FiendDemonSlash","Fiend:FiendDemonSlash+1","Fiend:FiendFortify","Fiend:FiendFortify","Fiend:FiendFortify","Fiend:FiendFortify","Fiend:FiendConsume","Fiend:FiendInjection","Fiend:FiendHellBeam","Fiend:FiendUpstartDemon","Fiend:FiendSliceAndDice+1","Fiend:FiendFlay","Fiend:FiendInfect+1","Fiend:FiendHealBurst","theForsaken:PlagueCurse","Fiend:FiendNom","Replay:Fractal Strike","expansioncontent:SlimeTackle","Fiend:FiendRiskyDice","Fiend:FiendRam","Fiend:FiendFlay+1"],"relics":["Fiend:FiendTotem","NeowsBlessing","Bromod:ArcaneVictory","Lantern","DemoMod:MeatBun","PreservedInsect","Replay:Grab Bag","ChewingGum","Philosopher\u0027s Stone","ReplayTheSpireMod:SealedPack"],"acts_visited":["Exordium","TheCity"],"potions_floor_usage":[15,22,23],"damage_taken":[{"damage":0,"enemies":"Jaw Worm","floor":1,"turns":1},{"damage":0,"enemies":"Cultist","floor":2,"turns":1},{"damage":0,"enemies":"infinitespire:Voidling","floor":4,"turns":1},{"damage":7,"enemies":"Lots of Slimes","floor":5,"turns":3},{"damage":33,"enemies":"Lagavulin","floor":7,"turns":7},{"damage":9,"enemies":"Blue Slaver","floor":9,"turns":6},{"damage":7,"enemies":"Blue Slaver","floor":11,"turns":2},{"damage":10,"enemies":"Gremlin Gang","floor":12,"turns":4},{"damage":8,"enemies":"Gremlin Gang","floor":13,"turns":3},{"damage":74,"enemies":"Fading Forest","floor":16,"turns":11},{"damage":35,"enemies":"2 Thieves","floor":18,"turns":2},{"damage":33,"enemies":"Shell Parasite","floor":21,"turns":3},{"damage":39,"enemies":"Snecko","floor":22,"turns":4},{"damage":13,"enemies":"Shelled Parasite and Fungi","floor":23,"turns":1}],"seed_played":"-7022803217520927727","potions_obtained":[{"floor":1,"key":"potionbrewer:FreezingPotion"},{"floor":4,"key":"potionbrewer:BlacksmithPotion"},{"floor":7,"key":"potionbrewer:DiscountPotion"},{"floor":16,"key":"Strength Potion"},{"floor":22,"key":"champ:CounterPotion"}],"is_trial":false,"path_per_floor":["M","M","?","M","M","R","E","R","MIM","$","M","MIM","M","?","R","B",null,"M","?","?","M","M","M"],"character_chosen":"THE_FIEND","items_purchased":["DemoMod:MeatBun"],"campfire_rested":1,"item_purchase_floors":[10],"current_hp_per_floor":[70,70,70,70,63,63,36,57,49,63,59,52,49,66,66,18,70,47,47,47,34,5,0,0],"gold":225,"neow_bonus":"THREE_ENEMY_KILL","is_daily":false,"chose_seed":false,"campfire_upgraded":2,"win_rate":0.0,"timestamp":1610248554,"path_taken":["M","M","?","M","?","R","E","R","MIM","?","?","?","M","?","R","BOSS","M","?","?","M","M","M"],"items_purchased_type":["Relic"],"build_version":"2020-12-22","purchased_purges":0,"victory":false,"max_hp_per_floor":[70,70,70,70,70,70,70,70,70,70,70,70,70,70,70,70,70,70,70,70,70,70,70,70],"card_choices":[{"not_picked":["Fiend:FiendSplat","Fiend:FiendDemonicContract"],"picked":"Fiend:FiendInjection","floor":1},{"not_picked":["Fiend:FiendExecute","Fiend:FiendSplat","Fiend:FiendGreaterDemonSlash"],"picked":"SKIP","floor":2},{"not_picked":["Fiend:FiendSliceAndDice","Fiend:FiendFiendishCharge"],"picked":"Fiend:FiendUpstartDemon","floor":4},{"not_picked":["Fiend:FiendCancer","Fiend:FiendDemonicContract"],"picked":"Fiend:FiendSliceAndDice","floor":5},{"not_picked":["Fiend:FiendLeech","Fiend:FiendBloodlust"],"picked":"Fiend:FiendFlay","floor":7},{"not_picked":["Fiend:FiendUpstartDemon","Fiend:FiendAbomination","Fiend:FiendVaccine"],"picked":"SKIP","floor":11},{"not_picked":["Fiend:FiendMeditate","Fiend:FiendFiendishCharge"],"picked":"Fiend:FiendInfect","floor":12},{"not_picked":["Fiend:FiendDemonicContract","Fiend:FiendSliceAndDice","Fiend:FiendRage"],"picked":"SKIP","floor":13},{"not_picked":["Fiend:FiendCurse","Fiend:FiendMasochism"],"picked":"Fiend:FiendHealBurst","floor":16},{"not_picked":["Fiend:FiendMasochism","Fiend:FiendSoulSwap"],"picked":"Fiend:FiendNom","floor":17},{"not_picked":["ReplayTheSpireMod:Haul","infinitespire:FinalStrike"],"picked":"Replay:Fractal Strike","floor":17},{"not_picked":["astrologer:NorthStar","Magicka:PreciseFingerCard"],"picked":"hubris:MerchantsHand","floor":17},{"not_picked":["Replay:Sssssssssshield","ReplayTheSpireMod:Uncanny Aura"],"picked":"expansioncontent:SlimeTackle","floor":17},{"not_picked":["Fiend:FiendSplat+1","Fiend:FiendMeditate"],"picked":"Fiend:FiendRiskyDice","floor":18},{"not_picked":["Fiend:FiendConserve+1","Fiend:FiendFiendishCharge"],"picked":"Fiend:FiendRam","floor":21},{"not_picked":["Fiend:FiendSliceAndDice","Fiend:FiendAlchemeat"],"picked":"Fiend:FiendFlay+1","floor":22}],"player_experience":1090105,"relics_obtained":[{"floor":7,"key":"Bromod:ArcaneVictory"},{"floor":9,"key":"Lantern"},{"floor":12,"key":"PreservedInsect"}],"event_choices":[{"damage_healed":0,"gold_gain":0,"player_choice":"1 cards matched","damage_taken":0,"max_hp_gain":0,"max_hp_loss":0,"event_name":"Match and Keep!","floor":3,"gold_loss":0,"cards_obtained":["Fiend:FiendHellBeam"]},{"damage_healed":17,"gold_gain":0,"player_choice":"Healed","damage_taken":0,"max_hp_gain":0,"max_hp_loss":0,"event_name":"The Cleric","floor":14,"gold_loss":35},{"cards_removed":["hubris:MerchantsHand"],"damage_healed":0,"gold_gain":0,"player_choice":"Gave Gold","damage_taken":0,"max_hp_gain":0,"max_hp_loss":0,"event_name":"Beggar","floor":19,"gold_loss":75}],"is_beta":false,"boss_relics":[{"not_picked":["Runesmith:UraniumAnvil","SacredBark"],"picked":"Replay:Grab Bag"},{"not_picked":["Velvet Choker","infinitespire:Cupcake"],"picked":"ChewingGum"},{"not_picked":["hubris:TerracottaHorce","ReplayTheSpireMod:DimensionalGlitch"],"picked":"Philosopher\u0027s Stone"},{"not_picked":["Runic Pyramid","Bromod:ArcaneEnergize"],"picked":"ReplayTheSpireMod:SealedPack"}],"items_purged_floors":[],"is_endless":false,"potions_floor_spawned":[1,4,7,16,22],"killed_by":"Shelled Parasite and Fungi","ascension_level":0}}