{"host":"pi8b3ffzwvxqztac","time":1610305825,"event":{"mods":["BaseMod","Colored Map","Downfall","Minty Spire (QoL Compilation)","StSLib"],"gold_per_floor":[99,114,24,87,87,12,12,12,22,22,40,51,51,62,76,176,176,176,188,5,17,36,36,36,36,68,68,68,86,11,11,25,130,130,55,65,84,97,34,53,53,53,53,53,53,71,101,451,464,464,464,464,464],"floor_reached":52,"playtime":3698,"items_purged":["sneckomod:TailWhip"],"score":1021,"play_id":"9bf5092f-3042-4632-801c-835f1c140b1f","local_time":"20210111081025","is_ascension_mode":true,"campfire_choices":[{"floor":1.0,"key":"RECALL"},{"data":"sneckomod:Restock","floor":6.0,"key":"SMITH"},{"data":"sneckomod:SnekBite","floor":8.0,"key":"SMITH"},{"data":"sneckomod:UnknownBlock","floor":10.0,"key":"SMITH"},{"data":"sneckomod:WideSting","floor":13.0,"key":"SMITH"},{"data":"sneckomod:Unknown","floor":18.0,"key":"SMITH"},{"floor":23.0,"key":"REST"},{"floor":28.0,"key":"REST"},{"floor":30.0,"key":"REST"},{"data":"sneckomod:UnknownColorless","floor":35.0,"key":"SMITH"},{"data":"sneckomod:DiceBlock","floor":43.0,"key":"SMITH"},{"data":"expansioncontent:Chronoboost","floor":45.0,"key":"SMITH"}],"circlet_count":0,"master_deck":["AscendersBane","sneckomod:SnekBite+1","sneckomod:Unknown+1","sneckomod:Unknown","sneckomod:Restock+1","sneckomod:UnknownBlock+1","sneckomod:UnknownVulnerable","sneckomod:UnknownWeak","sneckomod:UnknownWeak","sneckomod:DiceCrush","sneckomod:WideSting+1","sneckomod:Nope","sneckomod:UnlimitedRolls","sneckomod:QuickBite","sneckomod:Unknown3Cost","sneckomod:UnknownUncommonPower","sneckomod:DiceCrush","sneckomod:UnknownStrike","sneckomod:UnknownClassGREEN+1","sneckomod:Unknown1Cost","sneckomod:Bewildered","sneckomod:TrashToTreasure","sneckomod:UnknownClassGREEN","sneckomod:UnknownColorless+1","sneckomod:Unknown2Cost","sneckomod:UnknownClassPURPLE","sneckomod:UnknownClassHEXA_GHOST_PURPLE","sneckomod:Unknown3Cost","sneckomod:UnknownUncommonSkill+1","sneckomod:RainOfDice+1","sneckomod:UnknownRareSkill","sneckomod:Unknown2Cost+1","sneckomod:UnknownClassRED","sneckomod:UnknownCommonAttack+1","sneckomod:UnknownStrike+1","sneckomod:DiceBlock+1","sneckomod:UnknownEthereal+1","expansioncontent:Chronoboost+1","sneckomod:SoulDraw+1","sneckomod:MasterEye","sneckomod:UnknownCommonSkill+1","sneckomod:UnknownClassGREEN+1"],"relics":["sneckomod:SneckoSoul","Ice Cream","downfall:HeartBlessingRed","MealTicket","sneckomod:BabySnecko","Pen Nib","downfall:HeartBlessingBlue","Bottled Lightning","Busted Crown","downfall:HeartBlessingGreen","Mango","Pantograph","Old Coin"],"acts_visited":["Exordium","TheCity","TheBeyond","TheEnding"],"potions_floor_usage":[],"damage_taken":[{"damage":1.0,"enemies":"Cultist","floor":2.0,"turns":3.0},{"damage":0.0,"enemies":"downfall:FleeingMerchant","floor":3.0,"turns":4.0},{"damage":24.0,"enemies":"3 Sentries","floor":4.0,"turns":13.0},{"damage":1.0,"enemies":"2 Louse","floor":9.0,"turns":2.0},{"damage":5.0,"enemies":"Jaw Worm","floor":11.0,"turns":3.0},{"damage":2.0,"enemies":"3 Louse","floor":12.0,"turns":4.0},{"damage":9.0,"enemies":"Blue Slaver","floor":14.0,"turns":4.0},{"damage":0.0,"enemies":"Exordium Wildlife","floor":15.0,"turns":3.0},{"damage":32.0,"enemies":"downfall:Silent","floor":16.0,"turns":6.0},{"damage":30.0,"enemies":"Shell Parasite","floor":19.0,"turns":8.0},{"damage":0.0,"enemies":"downfall:FleeingMerchant","floor":20.0,"turns":4.0},{"damage":2.0,"enemies":"3 Byrds","floor":21.0,"turns":5.0},{"damage":25.0,"enemies":"Sentry and Sphere","floor":22.0,"turns":5.0},{"damage":56.0,"enemies":"Book of Stabbing","floor":26.0,"turns":6.0},{"damage":0.0,"enemies":"Centurion and Healer","floor":29.0,"turns":5.0},{"damage":0.0,"enemies":"Snecko","floor":32.0,"turns":3.0},{"damage":41.0,"enemies":"downfall:Defect","floor":33.0,"turns":7.0},{"damage":15.0,"enemies":"3 Shapes","floor":36.0,"turns":4.0},{"damage":34.0,"enemies":"3 Darklings","floor":37.0,"turns":5.0},{"damage":30.0,"enemies":"Sphere and 2 Shapes","floor":38.0,"turns":4.0},{"damage":20.0,"enemies":"downfall:FleeingMerchant","floor":39.0,"turns":4.0},{"damage":26.0,"enemies":"Transient","floor":40.0,"turns":5.0},{"damage":22.0,"enemies":"Jaw Worm Horde","floor":46.0,"turns":3.0},{"damage":0.0,"enemies":"downfall:FleeingMerchant","floor":47.0,"turns":1.0},{"damage":8,"enemies":"Mind Bloom Boss Battle","floor":48,"turns":3},{"damage":41,"enemies":"3 Darklings","floor":49,"turns":5},{"damage":10,"enemies":"downfall:Watcher","floor":50,"turns":6},{"damage":118,"enemies":"downfall:CharBossMerchant","floor":52,"turns":7}],"seed_played":"7611272450772693409","potions_obtained":[{"floor":2.0,"key":"Weak Potion"},{"floor":12.0,"key":"EntropicBrew"},{"floor":16.0,"key":"Block Potion"},{"floor":21.0,"key":"Energy Potion"},{"floor":22.0,"key":"Block Potion"},{"floor":29.0,"key":"PowerPotion"},{"floor":33.0,"key":"SkillPotion"},{"floor":37.0,"key":"FearPotion"},{"floor":38.0,"key":"SpeedPotion"},{"floor":46.0,"key":"SpeedPotion"}],"is_trial":false,"path_per_floor":["R","M","$","?","?","R","T","R","M","R","M","M","R","M","M","B",null,"R","M","$","M","M","R","T","?","E","?","R","M","R","T","M","B",null,"R","M","M","M","$","M","T","?","R","?","R","M","$","?","M","B",null,"E"],"character_chosen":"THE_SNECKO","items_purchased":["sneckomod:UnknownUncommonPower","sneckomod:DiceCrush","sneckomod:UnknownStrike","sneckomod:DiceBlock","sneckomod:MasterEye","Pantograph"],"campfire_rested":3,"item_purchase_floors":[20,20,20,39,47,47],"current_hp_per_floor":[81,81,82,59,90,90,90,90,90,90,85,83,83,74,74,42,81,81,51,69,68,46,75,75,75,19,25,56,57,101,101,101,61,103,103,95,66,36,32,20,34,119,119,119,119,97,112,114,81,96,115,0,0],"gold":464,"neow_bonus":"ONE_RANDOM_RARE_CARD","is_daily":false,"chose_seed":false,"campfire_upgraded":8,"win_rate":0.0,"timestamp":1610305825,"path_taken":["R","M","?","?","?","R","T","R","M","R","?","M","R","M","M","BOSS","R","M","$","M","M","R","T","?","E","?","R","M","R","?","M","BOSS","R","M","M","M","$","M","T","?","R","?","R","M","$","?","M","BOSS","E"],"items_purchased_type":["Card","Card","Card","Card","Card","Relic"],"build_version":"2020-12-22","purchased_purges":1,"victory":false,"max_hp_per_floor":[90,91,92,93,93,93,93,93,94,94,94,94,94,94,94,94,94,94,94,97,98,99,99,99,99,99,105,105,106,116,116,116,117,117,117,119,120,120,121,122,136,119,119,119,119,119,119,120,121,121,121,121,121],"card_choices":[{"not_picked":["sneckomod:UnknownCommonSkill","sneckomod:SoulCleanse"],"picked":"sneckomod:UnknownBlock","floor":2.0},{"not_picked":["sneckomod:UnknownClassRED","sneckomod:WideSting"],"picked":"sneckomod:UnknownVulnerable","floor":3.0},{"not_picked":["sneckomod:DiceBlock","sneckomod:UnknownUncommonAttack"],"picked":"sneckomod:UnknownWeak","floor":4.0},{"not_picked":["sneckomod:UnknownClassRED","sneckomod:UnknownEthereal"],"picked":"sneckomod:UnknownWeak","floor":9.0},{"not_picked":["sneckomod:UnknownUncommonAttack","sneckomod:UnknownStrike"],"picked":"sneckomod:DiceCrush","floor":11.0},{"not_picked":["sneckomod:UnknownWeak","sneckomod:UnknownStrike"],"picked":"sneckomod:WideSting","floor":12.0},{"not_picked":["sneckomod:Cheat","sneckomod:DiceCrush"],"picked":"sneckomod:Nope","floor":14.0},{"not_picked":["sneckomod:UnknownCommonSkill","sneckomod:SoulRoll","sneckomod:UnknownClassPURPLE"],"picked":"SKIP","floor":15.0},{"not_picked":["sneckomod:Mudshield","sneckomod:UnknownRarePower"],"picked":"sneckomod:UnlimitedRolls","floor":16.0},{"not_picked":["sneckomod:UnknownStrike","sneckomod:DiceBlock"],"picked":"sneckomod:QuickBite","floor":19.0},{"not_picked":["sneckomod:UnknownCommonAttack","sneckomod:Restock"],"picked":"sneckomod:Unknown3Cost","floor":20.0},{"not_picked":["sneckomod:UnknownStrike","sneckomod:UnknownClassHEXA_GHOST_PURPLE+1"],"picked":"sneckomod:UnknownClassGREEN+1","floor":21.0},{"not_picked":["sneckomod:IronFang","sneckomod:DefensiveFlair"],"picked":"sneckomod:Unknown1Cost","floor":22.0},{"not_picked":["sneckomod:Nope","sneckomod:SoulCleanse"],"picked":"sneckomod:TrashToTreasure","floor":26.0},{"not_picked":["sneckomod:UnknownX","sneckomod:DiceBlock"],"picked":"sneckomod:UnknownUncommonSkill+1","floor":29.0},{"not_picked":["sneckomod:UnknownClassHEXA_GHOST_PURPLE+1","sneckomod:Unknown1Cost"],"picked":"sneckomod:RainOfDice+1","floor":32.0},{"not_picked":["sneckomod:UnlimitedRolls","sneckomod:Cheat"],"picked":"sneckomod:UnknownRareSkill","floor":33.0},{"not_picked":[],"picked":"sneckomod:Unknown2Cost+1","floor":36.0},{"not_picked":[],"picked":"sneckomod:UnknownClassRED","floor":36.0},{"not_picked":[],"picked":"sneckomod:UnknownCommonAttack+1","floor":37.0},{"not_picked":["sneckomod:UnknownClassTHE_CHAMP_GRAY"],"picked":"SKIP","floor":38.0},{"not_picked":[],"picked":"sneckomod:UnknownStrike+1","floor":39.0},{"not_picked":[],"picked":"sneckomod:UnknownEthereal+1","floor":40.0},{"not_picked":[],"picked":"expansioncontent:Chronoboost","floor":44.0},{"not_picked":[],"picked":"sneckomod:SoulDraw+1","floor":46.0},{"not_picked":[],"picked":"sneckomod:UnknownCommonSkill+1","floor":48},{"not_picked":[],"picked":"sneckomod:UnknownClassGREEN+1","floor":49}],"player_experience":496992,"relics_obtained":[{"floor":4.0,"key":"Ice Cream"},{"floor":7.0,"key":"MealTicket"},{"floor":26.0,"key":"Pen Nib"},{"floor":31.0,"key":"Bottled Lightning"},{"floor":41.0,"key":"Mango"},{"floor":48,"key":"Old Coin"}],"event_choices":[{"damage_healed":31.0,"max_hp_gain":0.0,"max_hp_loss":0.0,"gold_gain":0.0,"event_name":"Big Fish","player_choice":"Banana","floor":5.0,"gold_loss":0.0,"damage_taken":0.0}],"is_beta":false,"boss_relics":[{"not_picked":["Astrolabe","Velvet Choker","Philosopher\u0027s Stone"]},{"not_picked":["Coffee Dripper","Calling Bell"],"picked":"Busted Crown"}],"items_purged_floors":[3],"is_endless":false,"potions_floor_spawned":[2,12,16,21,22,33,37,38,46],"killed_by":"downfall:CharBossMerchant","ascension_level":10}}