{"host":"qekv59dthhdg54sz","time":1610263279,"event":{"mods":["AchievementEnabler","BaseMod","Colored Map","DeckTracker","KOR Keyword Fix","Minty Spire (QoL Compilation)","Rare Cards Sparkle","StSLib","SuperFastMode"],"gold_per_floor":[116,116,139,44,63,63,63,94,120,120,144,144,44,63,63,154,154,169,194,218,38,53,53,86,86,137,155,179,198,198,198,198],"floor_reached":31,"playtime":743,"items_purged":["Strike_G","Strike_G"],"score":568,"play_id":"1d3c783a-f394-409a-bfc5-b4813ce76d8a","local_time":"20210110162119","is_ascension_mode":true,"campfire_choices":[{"data":"Flash of Steel","floor":6.0,"key":"SMITH"},{"data":"Dagger Throw","floor":12.0,"key":"SMITH"},{"data":"Acrobatics","floor":15.0,"key":"SMITH"},{"floor":23.0,"key":"REST"},{"floor":25.0,"key":"REST"}],"circlet_count":0,"master_deck":["AscendersBane","Strike_G","Strike_G","Strike_G","Defend_G","Defend_G","Defend_G","Defend_G","Defend_G","Survivor","Neutralize","The Bomb","Backflip","Flash of Steel+1","Dagger Throw+1","Acrobatics+1","Die Die Die","Prepared","Tactician","Grand Finale","Quick Slash+1","Reflex","Well Laid Plans"],"relics":["Ring of the Snake","Golden Idol","Oddly Smooth Stone","Bag of Marbles","HoveringKite","The Courier","Pen Nib"],"acts_visited":["Exordium","TheCity"],"potions_floor_usage":[],"damage_taken":[{"damage":1.0,"enemies":"2 Louse","floor":1.0,"turns":3.0},{"damage":5.0,"enemies":"Small Slimes","floor":3.0,"turns":5.0},{"damage":1.0,"enemies":"Jaw Worm","floor":5.0,"turns":4.0},{"damage":7.0,"enemies":"3 Sentries","floor":8.0,"turns":3.0},{"damage":0.0,"enemies":"Looter","floor":11.0,"turns":3.0},{"damage":4.0,"enemies":"Blue Slaver","floor":14.0,"turns":2.0},{"damage":22.0,"enemies":"The Guardian","floor":16.0,"turns":12.0},{"damage":19.0,"enemies":"Spheric Guardian","floor":18.0,"turns":6.0},{"damage":0.0,"enemies":"2 Thieves","floor":19.0,"turns":2.0},{"damage":0.0,"enemies":"Cultist and Chosen","floor":20.0,"turns":5.0},{"damage":15.0,"enemies":"Sentry and Sphere","floor":22.0,"turns":5.0},{"damage":29.0,"enemies":"Slavers","floor":24.0,"turns":3.0},{"damage":0.0,"enemies":"3 Cultists","floor":27.0,"turns":3.0},{"damage":2.0,"enemies":"Centurion and Healer","floor":28.0,"turns":2.0},{"damage":16.0,"enemies":"Sentry and Sphere","floor":29.0,"turns":4.0},{"damage":0,"enemies":"Shelled Parasite and Fungi","floor":31,"turns":1}],"seed_played":"7885946832605664939","potions_obtained":[{"floor":1.0,"key":"Energy Potion"},{"floor":16.0,"key":"Explosive Potion"},{"floor":19.0,"key":"GamblersBrew"},{"floor":22.0,"key":"FearPotion"},{"floor":28.0,"key":"Explosive Potion"},{"floor":29.0,"key":"Swift Potion"}],"is_trial":false,"path_per_floor":["M","?","M","$","M","R","$","E","T","?","M","R","$","M","R","B",null,"M","M","M","$","M","R","E","R","T","M","M","M","?","M"],"character_chosen":"THE_SILENT","items_purchased":["Flash of Steel","Prepared","Well Laid Plans"],"campfire_rested":2,"item_purchase_floors":[4,13,21],"current_hp_per_floor":[43,43,38,38,37,37,37,30,30,30,30,30,30,26,26,4,46,27,27,27,27,12,30,1,19,19,19,17,1,1,1,1],"gold":198,"neow_bonus":"RANDOM_COLORLESS_2","is_daily":false,"chose_seed":true,"campfire_upgraded":3,"win_rate":0.0,"timestamp":1610263279,"path_taken":["M","?","M","$","M","R","$","E","T","?","M","R","?","M","R","BOSS","M","M","M","$","M","R","E","R","T","M","M","M","?","M"],"items_purchased_type":["Card","Card","Card"],"build_version":"2020-12-22","purchased_purges":2,"victory":false,"max_hp_per_floor":[66,60,60,60,60,60,60,60,60,60,60,60,60,60,60,60,60,60,60,60,60,60,60,60,60,60,60,60,60,60,60,60],"card_choices":[{"not_picked":["Sadistic Nature","Mayhem"],"picked":"The Bomb","floor":0.0},{"not_picked":["PiercingWail","Bane","Dodge and Roll"],"picked":"SKIP","floor":1.0},{"not_picked":["Dagger Spray","Underhanded Strike"],"picked":"Backflip","floor":3.0},{"not_picked":["Acrobatics","Bouncing Flask"],"picked":"Dagger Throw","floor":5.0},{"not_picked":["Sucker Punch","Backflip"],"picked":"Acrobatics","floor":8.0},{"not_picked":["Dagger Throw","PiercingWail"],"picked":"Die Die Die","floor":11.0},{"not_picked":["Deadly Poison","Bouncing Flask"],"picked":"Tactician","floor":14.0},{"not_picked":["Die Die Die","After Image"],"picked":"Grand Finale","floor":16.0},{"not_picked":["Finisher","All Out Attack"],"picked":"Quick Slash+1","floor":18.0},{"not_picked":["Dodge and Roll","Caltrops"],"picked":"Reflex","floor":19.0},{"not_picked":["Heel Hook","Underhanded Strike","Skewer"],"picked":"SKIP","floor":20.0},{"not_picked":["Poisoned Stab","Bullet Time","Dagger Throw"],"picked":"SKIP","floor":22.0},{"not_picked":["Leg Sweep+1","Choke","Riddle With Holes"],"picked":"SKIP","floor":24.0},{"not_picked":["Dash","Sucker Punch","Quick Slash"],"picked":"SKIP","floor":27.0},{"not_picked":["Calculated Gamble","Outmaneuver","Underhanded Strike"],"picked":"SKIP","floor":28.0},{"not_picked":["Poisoned Stab","Slice","Sucker Punch"],"picked":"SKIP","floor":29.0}],"player_experience":763481,"relics_obtained":[{"floor":8.0,"key":"Oddly Smooth Stone"},{"floor":9.0,"key":"Bag of Marbles"},{"floor":24.0,"key":"The Courier"},{"floor":26.0,"key":"Pen Nib"}],"event_choices":[{"damage_healed":0.0,"max_hp_gain":0.0,"max_hp_loss":6.0,"gold_gain":0.0,"event_name":"Golden Idol","player_choice":"Lose Max HP","floor":2.0,"gold_loss":0.0,"damage_taken":0.0,"relics_obtained":["Golden Idol"]},{"damage_healed":0.0,"max_hp_gain":0.0,"max_hp_loss":0.0,"gold_gain":0.0,"event_name":"Scrap Ooze","player_choice":"Fled","floor":10.0,"gold_loss":0.0,"damage_taken":0.0},{"damage_healed":0.0,"max_hp_gain":0.0,"max_hp_loss":0.0,"gold_gain":0.0,"event_name":"Ghosts","player_choice":"Ignored","floor":30.0,"gold_loss":0.0,"damage_taken":0.0}],"is_beta":false,"boss_relics":[{"not_picked":["Calling Bell","Ectoplasm"],"picked":"HoveringKite"}],"items_purged_floors":[13,21],"is_endless":false,"potions_floor_spawned":[1,16,19,22,28,29],"killed_by":"Shelled Parasite and Fungi","ascension_level":20}}