{"host":"mydft8i2zzydgggw","time":1610293164,"event":{"mods":["AchievementEnabler","BaseMod","BetterRewards","Colored Map","Colored Powertips","DeckTracker","Keyboard Shortcuts","Minty Spire (QoL Compilation)","Quick Restart","Rare Cards Sparkle","StSLib","SuperFastMode","The Poker Player","everything is the same but u backflip on backflip"],"gold_per_floor":[112,112,125,144,158,158,173,173,248,323,355,355,399,418,418,522,522,532,13,22,46,69,102,102,2,2,2,28,28,42,70,70,174,174,187,0,0,21,33,33,66,66,75,75,105,123,143,169,169,169],"floor_reached":51,"playtime":959,"items_purged":["Strike_R","Strike_R"],"score":1202,"play_id":"67715918-6bfb-492f-8e23-9bd45235e06b","local_time":"20210111003924","is_ascension_mode":true,"campfire_choices":[{"data":"Pommel Strike","floor":6.0,"key":"SMITH"},{"data":"Armaments","floor":8.0,"key":"SMITH"},{"floor":12.0,"key":"DIG"},{"floor":15.0,"key":"DIG"},{"floor":24.0,"key":"REST"},{"data":"Infernal Blade","floor":29.0,"key":"SMITH"},{"data":"Exhume","floor":32.0,"key":"SMITH"},{"floor":40.0,"key":"DIG"},{"data":"Immolate","floor":42.0,"key":"SMITH"},{"floor":44.0,"key":"DIG"},{"floor":49,"key":"REST"}],"circlet_count":0,"master_deck":["Strike_R","Strike_R","Strike_R","Defend_R","Defend_R","Defend_R+1","Defend_R+1","Bash","Rupture","Demon Form","Pommel Strike+1","Armaments+1","Immolate+1","Spot Weakness","Exhume+1","Necronomicurse","Infernal Blade+1","Shrug It Off+1","Offering","Impervious","Shame","Dropkick"],"relics":["Black Blood","War Paint","Gremlin Horn","Shovel","CeramicFish","Bag of Marbles","Toy Ornithopter","Bottled Lightning","Brimstone","Necronomicon","Blue Candle","Bottled Tornado","MutagenicStrength","StrikeDummy","Vajra","Cursed Key","Red Mask","PreservedInsect","Strawberry","Pantograph","Nunchaku","Calipers"],"acts_visited":["Exordium","TheCity","TheBeyond"],"potions_floor_usage":[45,45,50,50],"damage_taken":[{"damage":4.0,"enemies":"Jaw Worm","floor":1.0,"turns":3.0},{"damage":6.0,"enemies":"Cultist","floor":3.0,"turns":3.0},{"damage":5.0,"enemies":"2 Louse","floor":4.0,"turns":2.0},{"damage":16.0,"enemies":"Exordium Thugs","floor":5.0,"turns":5.0},{"damage":5.0,"enemies":"Large Slime","floor":7.0,"turns":4.0},{"damage":12.0,"enemies":"Lagavulin","floor":11.0,"turns":5.0},{"damage":1.0,"enemies":"Gremlin Nob","floor":13.0,"turns":3.0},{"damage":0.0,"enemies":"3 Louse","floor":14.0,"turns":1.0},{"damage":60.0,"enemies":"Hexaghost","floor":16.0,"turns":8.0},{"damage":36.0,"enemies":"2 Thieves","floor":18.0,"turns":4.0},{"damage":13.0,"enemies":"Spheric Guardian","floor":21.0,"turns":3.0},{"damage":0.0,"enemies":"3 Cultists","floor":22.0,"turns":1.0},{"damage":61.0,"enemies":"Gremlin Leader","floor":23.0,"turns":5.0},{"damage":0.0,"enemies":"Slavers","floor":28.0,"turns":1.0},{"damage":0.0,"enemies":"Chosen and Byrds","floor":30.0,"turns":1.0},{"damage":22.0,"enemies":"Gremlin Leader","floor":31.0,"turns":3.0},{"damage":25.0,"enemies":"Collector","floor":33.0,"turns":4.0},{"damage":19.0,"enemies":"Orb Walker","floor":35.0,"turns":2.0},{"damage":6.0,"enemies":"3 Darklings","floor":38.0,"turns":1.0},{"damage":0.0,"enemies":"Jaw Worm Horde","floor":39.0,"turns":1.0},{"damage":0.0,"enemies":"Reptomancer","floor":41.0,"turns":1.0},{"damage":30,"enemies":"Nemesis","floor":45,"turns":5},{"damage":24,"enemies":"Writhing Mass","floor":46,"turns":2},{"damage":36,"enemies":"Spire Growth","floor":47,"turns":3},{"damage":21,"enemies":"Transient","floor":48,"turns":5},{"damage":78,"enemies":"Awakened One","floor":50,"turns":4}],"seed_played":"2814034854101055763","potions_obtained":[{"floor":1.0,"key":"Swift Potion"},{"floor":3.0,"key":"SteroidPotion"},{"floor":4.0,"key":"BloodPotion"},{"floor":11.0,"key":"EssenceOfSteel"},{"floor":13.0,"key":"DistilledChaos"},{"floor":14.0,"key":"Energy Potion"},{"floor":21.0,"key":"Strength Potion"},{"floor":23.0,"key":"SkillPotion"},{"floor":28.0,"key":"BlessingOfTheForge"},{"floor":35.0,"key":"ColorlessPotion"},{"floor":41.0,"key":"EssenceOfSteel"},{"floor":46,"key":"LiquidBronze"},{"floor":48,"key":"BlessingOfTheForge"}],"is_trial":false,"path_per_floor":["M","?","M","M","M","R","M","R","T","?","E","R","E","M","R","B",null,"M","$","?","M","M","E","R","$","T","?","E","R","M","E","R","B",null,"M","?","?","M","M","R","E","R","T","R","E","M","M","M","R","B",null],"character_chosen":"IRONCLAD","items_purchased":["Bottled Lightning","Brimstone","BloodPotion"],"campfire_rested":2,"item_purchase_floors":[19,19,19],"current_hp_per_floor":[80,80,80,80,70,70,71,71,71,60,54,54,59,65,65,37,80,56,56,40,39,77,28,52,52,52,52,64,64,76,70,70,57,80,73,73,73,76,76,76,83,83,83,83,65,53,29,20,44,13],"gold":169,"neow_bonus":"RANDOM_COMMON_RELIC","is_daily":false,"chose_seed":false,"campfire_upgraded":5,"win_rate":0.0,"timestamp":1610293164,"path_taken":["M","?","?","M","M","R","M","R","T","?","E","R","E","M","R","BOSS","M","$","?","M","M","E","R","?","T","?","E","R","M","E","R","BOSS","M","?","?","M","M","R","E","R","T","R","E","M","M","M","R","BOSS"],"items_purchased_type":["Relic","Relic","Potion"],"build_version":"2020-12-22","purchased_purges":2,"victory":true,"max_hp_per_floor":[80,80,80,80,80,80,80,80,80,80,80,80,80,80,80,80,80,80,80,80,80,80,80,80,80,80,80,80,80,80,80,80,80,80,80,80,76,76,76,76,83,83,83,83,83,83,83,83,83,83],"card_choices":[{"not_picked":["Iron Wave","Flex"],"picked":"Rupture","floor":1.0},{"not_picked":["Metallicize","Clothesline","Feel No Pain"],"picked":"SKIP","floor":3.0},{"not_picked":["Sword Boomerang","Clash","Body Slam"],"picked":"SKIP","floor":4.0},{"not_picked":["Entrench","True Grit"],"picked":"Pommel Strike","floor":5.0},{"not_picked":["Seeing Red","Flex"],"picked":"Armaments","floor":7.0},{"not_picked":["Headbutt","Body Slam"],"picked":"Immolate","floor":11.0},{"not_picked":["Dropkick","Havoc"],"picked":"Spot Weakness","floor":13.0},{"not_picked":["Wild Strike","Anger","Feel No Pain"],"picked":"SKIP","floor":14.0},{"not_picked":["Juggernaut","Demon Form"],"picked":"Exhume","floor":16.0},{"not_picked":["Blood for Blood","Wild Strike+1","Anger+1"],"picked":"SKIP","floor":18.0},{"not_picked":["Sword Boomerang","Whirlwind"],"picked":"Infernal Blade","floor":21.0},{"not_picked":["Thunderclap","Warcry"],"picked":"Shrug It Off+1","floor":22.0},{"not_picked":["Sentinel","Wild Strike+1","Body Slam"],"picked":"SKIP","floor":23.0},{"not_picked":["Shrug It Off","Spot Weakness","Exhume"],"picked":"SKIP","floor":28.0},{"not_picked":["Clothesline+1","Havoc+1","Feel No Pain"],"picked":"SKIP","floor":30.0},{"not_picked":["Rage","Perfected Strike+1","Reckless Charge"],"picked":"SKIP","floor":31.0},{"not_picked":["Double Tap","Immolate"],"picked":"Offering","floor":33.0},{"not_picked":["Pommel Strike","Thunderclap","Inflame+1"],"picked":"SKIP","floor":35.0},{"not_picked":["Thunderclap","Havoc"],"picked":"Impervious","floor":38.0},{"not_picked":["Armaments","Clash+1","Body Slam"],"picked":"SKIP","floor":39.0},{"not_picked":["Infernal Blade","Body Slam","Anger"],"picked":"SKIP","floor":41.0},{"not_picked":["Cleave","Sword Boomerang","Headbutt"],"picked":"SKIP","floor":45},{"not_picked":["Flex+1","Rampage+1","Perfected Strike+1"],"picked":"SKIP","floor":46},{"not_picked":["Flex","Barricade","Anger+1"],"picked":"SKIP","floor":47},{"not_picked":["Flex+1","Cleave"],"picked":"Dropkick","floor":48}],"player_experience":166573,"relics_obtained":[{"floor":9.0,"key":"Gremlin Horn"},{"floor":11.0,"key":"Shovel"},{"floor":12.0,"key":"CeramicFish"},{"floor":13.0,"key":"Bag of Marbles"},{"floor":15.0,"key":"Toy Ornithopter"},{"floor":20.0,"key":"Necronomicon"},{"floor":23.0,"key":"Blue Candle"},{"floor":26.0,"key":"Bottled Tornado"},{"floor":28.0,"key":"StrikeDummy"},{"floor":31.0,"key":"Vajra"},{"floor":40.0,"key":"PreservedInsect"},{"floor":41.0,"key":"Strawberry"},{"floor":43.0,"key":"Pantograph"},{"floor":44.0,"key":"Nunchaku"},{"floor":45,"key":"Calipers"}],"event_choices":[{"damage_healed":0.0,"max_hp_gain":0.0,"max_hp_loss":0.0,"gold_gain":0.0,"event_name":"Match and Keep!","player_choice":"1 cards matched","floor":2.0,"gold_loss":0.0,"damage_taken":0.0,"cards_obtained":["Demon Form"]},{"damage_healed":0.0,"max_hp_gain":0.0,"max_hp_loss":0.0,"gold_gain":75.0,"event_name":"World of Goop","player_choice":"Gather Gold","floor":10.0,"gold_loss":0.0,"damage_taken":11.0},{"damage_healed":0.0,"max_hp_gain":0.0,"max_hp_loss":0.0,"gold_gain":0.0,"event_name":"Cursed Tome","player_choice":"Obtained Book","floor":20.0,"gold_loss":0.0,"damage_taken":16.0},{"damage_healed":0.0,"max_hp_gain":0.0,"max_hp_loss":0.0,"gold_gain":0.0,"event_name":"Drug Dealer","player_choice":"Inject Mutagens","floor":27.0,"gold_loss":0.0,"damage_taken":0.0,"relics_obtained":["MutagenicStrength"]},{"damage_healed":0.0,"max_hp_gain":0.0,"max_hp_loss":0.0,"gold_gain":0.0,"event_name":"Tomb of Lord Red Mask","player_choice":"Paid","floor":36.0,"gold_loss":187.0,"damage_taken":0.0,"relics_obtained":["Red Mask"]},{"damage_healed":0.0,"max_hp_gain":0.0,"max_hp_loss":4.0,"gold_gain":0.0,"event_name":"Winding Halls","player_choice":"Max HP","floor":37.0,"gold_loss":0.0,"damage_taken":0.0}],"is_beta":false,"boss_relics":[{"not_picked":["Pandora\u0027s Box","Velvet Choker"],"picked":"Black Blood"},{"not_picked":["Runic Dome","Philosopher\u0027s Stone"],"picked":"Cursed Key"}],"items_purged_floors":[19,25],"is_endless":false,"potions_floor_spawned":[1,3,4,11,13,14,21,23,28,35,41,46,48],"ascension_level":4}}