{"host":"c97twqu0op5dg8i4","time":1610246479,"event":{"mods":["BaseMod","Minty Spire (QoL Compilation)","Permanent Neow"],"gold_per_floor":[10,22,22,39,58,58,89,89,89,103,103,103,113,123,123,224,274,274,274,274,284,284,284],"floor_reached":22,"playtime":633,"items_purged":[],"score":226,"play_id":"a26145a4-17df-4796-9795-91bd583a8bc2","local_time":"20210109214119","is_ascension_mode":true,"campfire_choices":[{"data":"FlurryOfBlows","floor":6,"key":"SMITH"},{"data":"WindmillStrike","floor":11,"key":"SMITH"},{"data":"Halt","floor":15,"key":"SMITH"}],"circlet_count":0,"master_deck":["Strike_P","Strike_P+1","Strike_P","Strike_P","Defend_P+1","Defend_P","Defend_P+1","Defend_P+1","Eruption+1","Vigilance","FlurryOfBlows+1","Protect","WindmillStrike+1","Halt+1","EmptyBody","LessonLearned","Wallop","SashWhip"],"relics":["PureWater","Thread and Needle","Smiling Mask","Boot","Tiny House","MutagenicStrength","FaceOfCleric"],"acts_visited":["Exordium","TheCity"],"potions_floor_usage":[7,16,18],"damage_taken":[{"damage":0,"enemies":"Jaw Worm","floor":1,"turns":3},{"damage":0,"enemies":"2 Louse","floor":2,"turns":2},{"damage":0,"enemies":"Small Slimes","floor":4,"turns":2},{"damage":0,"enemies":"Exordium Wildlife","floor":5,"turns":3},{"damage":12,"enemies":"Gremlin Nob","floor":7,"turns":3},{"damage":8,"enemies":"Lots of Slimes","floor":10,"turns":3},{"damage":0,"enemies":"Looter","floor":13,"turns":3},{"damage":0,"enemies":"Large Slime","floor":14,"turns":2},{"damage":30,"enemies":"The Guardian","floor":16,"turns":11},{"damage":11,"enemies":"3 Byrds","floor":18,"turns":6},{"damage":18,"enemies":"Spheric Guardian","floor":21,"turns":3},{"damage":0,"enemies":"Snake Plant","floor":22,"turns":1}],"seed_played":"4395882604458275446","potions_obtained":[{"floor":1,"key":"BlessingOfTheForge"},{"floor":4,"key":"SpeedPotion"},{"floor":5,"key":"LiquidMemories"},{"floor":10,"key":"SpeedPotion"},{"floor":17,"key":"SmokeBomb"},{"floor":21,"key":"BlessingOfTheForge"}],"is_trial":false,"path_per_floor":["M","M","?","M","M","R","E","?","T","M","R","?","M","M","R","B",null,"M","?","?","M","M"],"character_chosen":"WATCHER","items_purchased":[],"campfire_rested":0,"item_purchase_floors":[],"current_hp_per_floor":[72,72,72,72,72,72,60,60,60,52,52,38,38,38,38,8,77,66,66,66,49,49,49],"gold":284,"neow_bonus":"ONE_RARE_RELIC","is_daily":false,"chose_seed":false,"campfire_upgraded":3,"win_rate":0.0,"timestamp":1610246479,"path_taken":["M","M","?","M","M","R","E","?","T","M","R","?","M","M","R","BOSS","M","?","?","?","M"],"items_purchased_type":[],"build_version":"2020-12-22","purchased_purges":0,"victory":false,"max_hp_per_floor":[72,72,72,72,72,72,72,72,72,72,72,72,72,72,72,72,77,77,77,77,78,78,78],"card_choices":[{"not_picked":["Worship","Evaluate","SignatureMove"],"picked":"SKIP","floor":1},{"not_picked":["Crescendo","ClearTheMind","Weave"],"picked":"SKIP","floor":2},{"not_picked":["Prostrate","Sanctity"],"picked":"FlurryOfBlows","floor":4},{"not_picked":["Evaluate","EmptyBody"],"picked":"Protect","floor":5},{"not_picked":["Perseverance","Pray"],"picked":"WindmillStrike","floor":7},{"not_picked":["DeceiveReality","Crescendo"],"picked":"Halt","floor":10},{"not_picked":["EmptyMind","Meditate","Sanctity"],"picked":"SKIP","floor":13},{"not_picked":["SashWhip","Protect"],"picked":"EmptyBody","floor":14},{"not_picked":["Vault","Wish"],"picked":"LessonLearned","floor":16},{"not_picked":["WindmillStrike","TalkToTheHand"],"picked":"Wallop","floor":17},{"not_picked":["Meditate","CrushJoints"],"picked":"SashWhip","floor":21}],"player_experience":277899,"relics_obtained":[{"floor":7,"key":"Smiling Mask"},{"floor":9,"key":"Boot"}],"event_choices":[{"damage_healed":0,"gold_gain":0,"player_choice":"Grow","damage_taken":0,"max_hp_gain":0,"max_hp_loss":0,"event_name":"Living Wall","floor":3,"gold_loss":0,"cards_upgraded":["Eruption"]},{"damage_healed":0,"gold_gain":0,"player_choice":"Ignored","damage_taken":0,"max_hp_gain":0,"max_hp_loss":0,"event_name":"Liars Game","floor":8,"gold_loss":0},{"damage_healed":0,"gold_gain":0,"player_choice":"Entered Light","damage_taken":14,"max_hp_gain":0,"max_hp_loss":0,"event_name":"Shining Light","floor":12,"gold_loss":0,"cards_upgraded":["Strike_P","Defend_P"]},{"damage_healed":0,"gold_gain":0,"player_choice":"Inject Mutagens","damage_taken":0,"relics_obtained":["MutagenicStrength"],"max_hp_gain":0,"max_hp_loss":0,"event_name":"Drug Dealer","floor":19,"gold_loss":0},{"damage_healed":0,"gold_gain":0,"player_choice":"Trade","damage_taken":0,"relics_obtained":["FaceOfCleric"],"max_hp_gain":0,"max_hp_loss":0,"event_name":"FaceTrader","floor":20,"gold_loss":0}],"is_beta":false,"boss_relics":[{"not_picked":["Cursed Key","Empty Cage"],"picked":"Tiny House"}],"items_purged_floors":[],"is_endless":false,"potions_floor_spawned":[1,4,5,10,14,18,21],"killed_by":"Snake Plant","ascension_level":4}}