{"host":"uflv0e3ja7hvnij7","time":1610294087,"event":{"mods":["BaseMod","Better Altar","Better Match","Better Note","Better Sensory Stone","Better Skull","Better Third Choice","Marisa????????","Minty Spire (QoL Compilation)","Permanent Neow","Replay The Spire","StSLib"],"gold_per_floor":[15,32,48,61,75,75,105,105,105,105,123,123,123,134,134,237,237,237,177,177,177,177,177,177,177,177,177,127,47,47,47,47,47,47,47,47,47,47,47,47,47,47,47,47,47,47,8,8,8,8],"floor_reached":51,"playtime":3212,"items_purged":["Injury","Parasite"],"score":1073,"play_id":"cd08aa33-b688-4dc3-9ed6-d44c0d4d3183","local_time":"20210110105447","is_ascension_mode":true,"campfire_choices":[{"data":"Replay:Bag of Tricks","floor":6,"key":"SMITH"},{"data":"Crippling Poison","floor":8,"key":"SMITH"},{"data":"Catalyst","floor":15,"key":"SMITH"},{"data":"Noxious Fumes","floor":24,"key":"SMITH"},{"floor":40,"key":"REST"},{"floor":45,"key":"REST"},{"floor":49,"key":"REST"}],"circlet_count":0,"master_deck":["Defend_G","Defend_G","Defend_G","Defend_G","Survivor","Neutralize","Replay:Bag of Tricks+1","Deadly Poison","Sneak Up","Deadly Poison","Crippling Poison+1","Noxious Fumes+1","Bane","PiercingWail+1","Catalyst+1","ReplayTheSpireMod:Necrosis","Slice+1","Toxin Wave+1","Deflect","Leg Sweep+1","Burst","Bane+1","Sneak Up","Catalyst"],"relics":["Ring of the Snake","The Courier","Replay:Mystery Machine","TungstenRod","Replay:Grab Bag","Ectoplasm","Kintsugi","Happy Flower","Garlic","Juzu Bracelet","Fusion Hammer","Mummified Hand","Prayer Wheel","CeramicFish","Oddly Smooth Stone","Snake Skull"],"acts_visited":["Exordium","TheCity","TheBeyond"],"potions_floor_usage":[13,23,23,30,44,50,50,50],"damage_taken":[{"damage":1,"enemies":"Jaw Worm","floor":1,"turns":5},{"damage":0,"enemies":"Cultist","floor":2,"turns":3},{"damage":0,"enemies":"Small Slimes","floor":3,"turns":3},{"damage":0,"enemies":"2 Fungi Beasts","floor":4,"turns":3},{"damage":2,"enemies":"3 Louse","floor":5,"turns":4},{"damage":6,"enemies":"Replay:BlueRogue","floor":7,"turns":5},{"damage":1,"enemies":"Red Slaver","floor":11,"turns":3},{"damage":0,"enemies":"Exordium Wildlife","floor":14,"turns":4},{"damage":0,"enemies":"Slime Boss","floor":16,"turns":6},{"damage":7,"enemies":"Spheric Guardian","floor":18,"turns":4},{"damage":0,"enemies":"Shell Parasite","floor":20,"turns":3},{"damage":0,"enemies":"Snake Plant","floor":22,"turns":3},{"damage":19,"enemies":"Book of Stabbing","floor":23,"turns":5},{"damage":14,"enemies":"Replay:Snechameleon","floor":25,"turns":4},{"damage":0,"enemies":"Centurion and Healer","floor":27,"turns":5},{"damage":5,"enemies":"3 Cultists","floor":30,"turns":3},{"damage":0,"enemies":"Snake Plant","floor":31,"turns":3},{"damage":53,"enemies":"Champ","floor":33,"turns":11},{"damage":2,"enemies":"3 Darklings","floor":35,"turns":4},{"damage":0,"enemies":"3 Shapes","floor":36,"turns":3},{"damage":0,"enemies":"Transient","floor":37,"turns":5},{"damage":11,"enemies":"Maw","floor":41,"turns":5},{"damage":10,"enemies":"R_Hoarder","floor":42,"turns":7},{"damage":19,"enemies":"Nemesis","floor":44,"turns":5},{"damage":0,"enemies":"Jaw Worm Horde","floor":46,"turns":3},{"damage":28,"enemies":"Awakened One","floor":50,"turns":12}],"seed_played":"-4746249663622290853","potions_obtained":[{"floor":2,"key":"Poison Potion"},{"floor":5,"key":"SteroidPotion"},{"floor":7,"key":"Venom Potion"},{"floor":13,"key":"Fruit Juice"},{"floor":13,"key":"FairyPotion"},{"floor":27,"key":"AttackPotion"},{"floor":35,"key":"Explosive Potion"},{"floor":36,"key":"Elixir"},{"floor":42,"key":"SpeedPotion"}],"is_trial":false,"path_per_floor":["M","M","M","M","M","R","E","R","T","?","M","T","?","M","R","B",null,"M","$","M","?","M","E","R","E","T","M","?","$","M","M","R","B",null,"M","M","M","?","?","R","M","E","T","E","R","M","$","T","R","B",null],"character_chosen":"THE_SILENT","items_purchased":["Swift Potion"],"campfire_rested":3,"item_purchase_floors":[47],"current_hp_per_floor":[62,62,62,62,60,60,54,54,54,54,53,53,58,58,58,58,71,64,64,64,68,68,49,49,35,35,35,35,35,30,30,51,21,59,57,57,57,57,57,72,61,51,51,32,53,53,53,53,72,44],"gold":8,"neow_bonus":"THREE_RARE_CARDS","is_daily":false,"chose_seed":false,"campfire_upgraded":4,"win_rate":0.0,"timestamp":1610294087,"path_taken":["M","M","M","M","M","R","E","R","T","?","?","?","?","M","R","BOSS","M","?","M","?","M","E","R","E","T","M","?","$","M","M","R","BOSS","M","M","M","?","?","R","M","E","T","E","R","M","?","?","R","BOSS"],"items_purchased_type":["Potion"],"build_version":"2020-12-22","purchased_purges":2,"victory":true,"max_hp_per_floor":[70,70,70,70,70,70,70,70,70,70,70,70,75,75,75,75,75,75,75,75,75,75,75,75,75,75,75,75,72,72,72,72,72,72,72,72,72,72,72,72,72,72,72,72,72,72,72,72,72,72],"card_choices":[{"not_picked":["Die Die Die","Burst"],"picked":"Replay:Bag of Tricks","floor":0},{"not_picked":["Dagger Throw","Acrobatics"],"picked":"Deadly Poison","floor":1},{"not_picked":["Sucker Punch","Choke"],"picked":"Sneak Up","floor":2},{"not_picked":["PiercingWail","Underhanded Strike"],"picked":"Deadly Poison","floor":3},{"not_picked":["Backstab","Flying Knee"],"picked":"Crippling Poison","floor":4},{"not_picked":["Acrobatics","Eviscerate"],"picked":"Noxious Fumes","floor":5},{"not_picked":["Acrobatics","Sucker Punch"],"picked":"Bane","floor":7},{"not_picked":["Infinite Blades","Prepared"],"picked":"PiercingWail","floor":11},{"not_picked":["ReplayTheSpireMod:Exploit Weakness","ReplayTheSpireMod:The Works"],"picked":"Catalyst","floor":14},{"not_picked":["After Image","Storm of Steel"],"picked":"ReplayTheSpireMod:Necrosis","floor":16},{"not_picked":["Endless Agony","Bane"],"picked":"Slice+1","floor":18},{"not_picked":["Endless Agony+1","Skewer","All Out Attack"],"picked":"SKIP","floor":20},{"not_picked":["Finisher","Bane","Blade Dance"],"picked":"SKIP","floor":22},{"not_picked":["Cloak And Dagger+1","Riddle With Holes+1","Slice"],"picked":"SKIP","floor":23},{"not_picked":["Acrobatics","Calculated Gamble"],"picked":"Toxin Wave+1","floor":25},{"not_picked":["Prepared","PiercingWail","Slice+1"],"picked":"SKIP","floor":27},{"not_picked":["Predator","Envenom"],"picked":"Deflect","floor":30},{"not_picked":["Toxin Wave","Slice+1"],"picked":"Leg Sweep+1","floor":31},{"not_picked":["After Image","Glass Knife"],"picked":"Burst","floor":33},{"not_picked":["Accuracy+1","Dagger Spray+1","Quick Slash"],"picked":"SKIP","floor":35},{"not_picked":["Sucker Punch+1","Tactician+1"],"picked":"Bane+1","floor":36},{"not_picked":["Slice+1","Blade Dance","Underhanded Strike+1"],"picked":"SKIP","floor":37},{"not_picked":["Replay:Poison Smokescreen","Hidden Blade"],"picked":"Sneak Up","floor":41},{"not_picked":["ReplayTheSpireMod:Exploit Weakness+1","Terror","Escape Plan"],"picked":"SKIP","floor":42},{"not_picked":["Sucker Punch","ReplayTheSpireMod:Necrosis"],"picked":"Catalyst","floor":44},{"not_picked":["Prepared","Acrobatics+1","Deflect"],"picked":"SKIP","floor":46},{"not_picked":["Quick Slash","Cloak And Dagger","Backflip+1"],"picked":"SKIP","floor":46}],"player_experience":533681,"relics_obtained":[{"floor":7,"key":"The Courier"},{"floor":9,"key":"Replay:Mystery Machine"},{"floor":12,"key":"TungstenRod"},{"floor":23,"key":"Happy Flower"},{"floor":25,"key":"Garlic"},{"floor":26,"key":"Juzu Bracelet"},{"floor":39,"key":"Mummified Hand"},{"floor":42,"key":"Prayer Wheel"},{"floor":43,"key":"CeramicFish"},{"floor":44,"key":"Oddly Smooth Stone"},{"floor":48,"key":"Snake Skull"}],"event_choices":[{"cards_removed":["Strike_G"],"damage_healed":0,"gold_gain":0,"player_choice":"Offered Basic","damage_taken":0,"max_hp_gain":0,"max_hp_loss":0,"event_name":"Bonfire Elementals","floor":10,"gold_loss":0},{"damage_healed":0,"gold_gain":0,"player_choice":"Got Potions","damage_taken":0,"max_hp_gain":0,"max_hp_loss":0,"event_name":"Lab","floor":13,"gold_loss":0},{"damage_healed":4,"gold_gain":0,"player_choice":"LEAVE ","damage_taken":0,"relics_obtained":[],"max_hp_gain":0,"max_hp_loss":0,"event_name":"betterSkull:BetterSkull","floor":21,"gold_loss":0,"cards_upgraded":[]},{"damage_healed":0,"gold_gain":100,"player_choice":"Bet on Murderer","damage_taken":0,"max_hp_gain":0,"max_hp_loss":0,"event_name":"The Joust","floor":28,"gold_loss":50},{"damage_healed":0,"gold_gain":0,"player_choice":"Ignored","damage_taken":0,"max_hp_gain":0,"max_hp_loss":0,"event_name":"Golden Shrine","floor":38,"gold_loss":0},{"damage_healed":0,"gold_gain":0,"player_choice":"Relic","damage_taken":0,"max_hp_gain":0,"max_hp_loss":0,"event_name":"Wheel of Change","floor":39,"gold_loss":0}],"is_beta":false,"boss_relics":[{"not_picked":["Replay:Drink Me","Coffee Dripper"],"picked":"Replay:Grab Bag"},{"not_picked":["ChewingGum","Cursed Key"],"picked":"Ectoplasm"},{"not_picked":["Pandora\u0027s Box","WristBlade"],"picked":"Kintsugi"},{"not_picked":["Runic Dome","Replay:Ancient Bell"],"picked":"Fusion Hammer"}],"items_purged_floors":[19,29],"is_endless":false,"potions_floor_spawned":[2,5,7,11,14,22,27,35,36,42],"ascension_level":7}}