{"host":"684z1xpuwaoqmmh1","time":1610282181,"event":{"mods":["Bard","BaseMod","Downfall","Hermit","Jorbs\u0027s Wanderer Trilogy","Marisa????????","Minty Spire (QoL Compilation)","Robot Space Explorer","Shade Mod","StSLib","The Hierophant","The Marked","The Mystic"],"gold_per_floor":[118,118,132,132,132,147,187,208,234,248,282,357,357,373,373,497,497,510,533,533,551,185,229,250,281,333,333,101,120,134,158,158,277,277,290,313,337,361,361,404,420,520,520,554,554,554,588,603,603,603,603],"floor_reached":50,"playtime":2574,"items_purged":["theMarked:Strike","theMarked:Strike"],"score":663,"play_id":"435cbc03-5b8c-4ed6-884e-c8e8c36e21bc","local_time":"20210110143621","is_ascension_mode":false,"campfire_choices":[{"data":"theMarked:Abjuration","floor":13,"key":"SMITH"},{"data":"theMarked:MaelstromOfLightning","floor":15,"key":"SMITH"},{"data":"theMarked:Improvise","floor":32,"key":"SMITH"},{"floor":46,"key":"REST"},{"floor":49,"key":"RECALL"}],"circlet_count":0,"master_deck":["theMarked:Strike","theMarked:Strike","theMarked:Strike","theMarked:Defend+1","theMarked:Defend","theMarked:Defend","theMarked:Defend","theMarked:SoldierOfQuellstein+1","theMarked:SwordAndMagic","theMarked:GodGivenPower","theMarked:RepellingDischarge","theMarked:SelfDefenseTraining","theMarked:ChainLightning","theMarked:MaelstromOfLightning+1","theMarked:Abjuration+1","theMarked:Improvise+1","theMarked:Abjuration","theMarked:RogueSparks","theMarked:SoldierForm","theMarked:WardOff","theMarked:Seal","theMarked:ContemptForTheProud+1","theMarked:SuspiciousRaven","theMarked:TwofoldDefense+1","theMarked:Abjuration","theMarked:Standoff+1","theMarked:ComboAttacks","Pain","theMarked:DispelDoubt","theMarked:ChannelForce","theMarked:BanishingStrike"],"relics":["theMarked:ArtifactOfAir","Golden Idol","Anchor","Bag of Preparation","theMarked:DemonDagger","Bag of Marbles","Black Star","Girya","Pen Nib","MealTicket","champ:DuelingGlove","The Courier","Guardian:PocketSentry","Sling","Sozu","WarpedTongs","Peace Pipe","Mummified Hand","Juzu Bracelet","Kunai","HornCleat","Frozen Egg 2"],"acts_visited":["Exordium","TheCity","TheBeyond"],"potions_floor_usage":[18,24,38],"damage_taken":[{"damage":0.0,"enemies":"2 Louse","floor":1.0,"turns":3.0},{"damage":1.0,"enemies":"Jaw Worm","floor":3.0,"turns":3.0},{"damage":0.0,"enemies":"Cultist","floor":6.0,"turns":3.0},{"damage":0.0,"enemies":"Gremlin Nob","floor":7.0,"turns":2.0},{"damage":2.0,"enemies":"3 Louse","floor":8.0,"turns":3.0},{"damage":0,"enemies":"Red Slaver","floor":10,"turns":2},{"damage":4,"enemies":"3 Sentries","floor":11,"turns":7},{"damage":0,"enemies":"Large Slime","floor":14,"turns":3},{"damage":6,"enemies":"Slime Boss","floor":16,"turns":7},{"damage":10,"enemies":"Spheric Guardian","floor":18,"turns":3},{"damage":0,"enemies":"Chosen","floor":19,"turns":3},{"damage":0,"enemies":"Centurion and Healer","floor":21,"turns":6},{"damage":20,"enemies":"Gremlin Leader","floor":23,"turns":5},{"damage":7,"enemies":"Snecko","floor":24,"turns":5},{"damage":6,"enemies":"Slavers","floor":25,"turns":5},{"damage":12,"enemies":"Cultist and Chosen","floor":29,"turns":5},{"damage":1,"enemies":"Snake Plant","floor":30,"turns":3},{"damage":0,"enemies":"Centurion and Healer","floor":31,"turns":5},{"damage":26,"enemies":"Automaton","floor":33,"turns":7},{"damage":0,"enemies":"Orb Walker","floor":35,"turns":2},{"damage":11,"enemies":"3 Shapes","floor":36,"turns":3},{"damage":0,"enemies":"3 Darklings","floor":37,"turns":6},{"damage":5,"enemies":"Transient","floor":38,"turns":5},{"damage":4,"enemies":"Reptomancer","floor":40,"turns":4},{"damage":2,"enemies":"Sphere and 2 Shapes","floor":41,"turns":4},{"damage":32,"enemies":"Giant Head","floor":44,"turns":6},{"damage":13,"enemies":"Reptomancer","floor":47,"turns":4},{"damage":0,"enemies":"Jaw Worm Horde","floor":48,"turns":3},{"damage":29,"enemies":"Awakened One","floor":50,"turns":4}],"seed_played":"1778179510531417984","potions_obtained":[{"floor":6.0,"key":"AttackPotion"},{"floor":7.0,"key":"Swift Potion"},{"floor":8.0,"key":"CultistPotion"},{"floor":14,"key":"FearPotion"},{"floor":19,"key":"FearPotion"},{"floor":23,"key":"LiquidMemories"},{"floor":29,"key":"Explosive Potion"}],"is_trial":false,"path_per_floor":["M","?","M","?","?","M","E","M","T","M","E","?","R","M","R","B",null,"M","M","?","M","$","E","M","E","T","?","$","M","M","M","R","B",null,"M","M","M","M","?","E","M","?","T","E","?","R","E","M","R","B"],"character_chosen":"THE_DEFAULT","items_purchased":["Girya","theMarked:Seal","Sling"],"campfire_rested":1,"item_purchase_floors":[22,28,28],"current_hp_per_floor":[77,62,61,61,49,49,49,47,47,47,43,32,32,32,32,26,71,61,61,61,61,61,41,34,28,28,28,43,31,30,30,30,4,71,71,60,60,55,55,51,49,49,49,17,17,38,25,25,25,0,0],"gold":603,"neow_bonus":"TEN_PERCENT_HP_BONUS","is_daily":false,"chose_seed":false,"campfire_upgraded":3,"win_rate":0.0,"timestamp":1610282181,"path_taken":["M","?","M","?","?","M","E","M","T","M","E","?","R","M","R","BOSS","M","M","?","M","$","E","M","E","T","?","$","M","M","M","R","BOSS","M","M","M","?","?","E","?","?","T","E","?","R","E","M","R","BOSS"],"items_purchased_type":["Relic","Card","Relic"],"build_version":"2020-12-22","purchased_purges":2,"victory":false,"max_hp_per_floor":[77,77,77,71,71,71,71,71,71,71,71,71,71,71,71,71,71,71,71,71,71,71,71,71,71,71,71,71,71,71,71,71,71,71,71,71,71,71,71,71,71,71,71,71,71,71,71,71,71,71,71],"card_choices":[{"not_picked":["theMarked:Aftermath","theMarked:Seal"],"picked":"theMarked:SwordAndMagic","floor":1.0},{"not_picked":["theMarked:Static","theMarked:EmpowerWeapon"],"picked":"theMarked:GodGivenPower","floor":3.0},{"not_picked":["theMarked:ContemptForTheProud","theMarked:SwordAndMagic"],"picked":"theMarked:RepellingDischarge","floor":6.0},{"not_picked":["theMarked:Reabsorb","theMarked:ElectricStrings"],"picked":"theMarked:SelfDefenseTraining","floor":7.0},{"not_picked":["theMarked:Polarize","theMarked:WastefulAttack"],"picked":"theMarked:ChainLightning","floor":8.0},{"not_picked":["theMarked:WastefulAttack","theMarked:Frustration"],"picked":"theMarked:MaelstromOfLightning","floor":10},{"not_picked":["theMarked:ShockingTouch","theMarked:ReduceFriction"],"picked":"theMarked:Abjuration","floor":11},{"not_picked":["theMarked:HeightenedSenses","theMarked:RepellingDischarge"],"picked":"theMarked:Improvise","floor":14},{"not_picked":["theMarked:SuspiciousRaven","theMarked:EternalStudent"],"picked":"theMarked:Abjuration","floor":16},{"not_picked":["theMarked:WastefulDefense+1","theMarked:ElectricStrings","theMarked:ChainLightning"],"picked":"SKIP","floor":18},{"not_picked":["theMarked:ReduceFriction+1","theMarked:ResourceFulStrike","theMarked:ShockingTouch"],"picked":"SKIP","floor":19},{"not_picked":["theMarked:ElementalBlade+1","theMarked:SwordAndMagic"],"picked":"theMarked:RogueSparks","floor":21},{"not_picked":["theMarked:EmpowerWeapon","theMarked:Static"],"picked":"theMarked:SoldierForm","floor":23},{"not_picked":["theMarked:ReduceFriction","theMarked:BanishingStrike"],"picked":"theMarked:WardOff","floor":24},{"not_picked":["theMarked:Panic","theMarked:Frustration+1","theMarked:HeightenedSenses"],"picked":"SKIP","floor":25},{"not_picked":["theMarked:Static+1","theMarked:ElectricStrings"],"picked":"theMarked:ContemptForTheProud+1","floor":29},{"not_picked":["theMarked:WardOff","theMarked:Convert"],"picked":"theMarked:SuspiciousRaven","floor":30},{"not_picked":["theMarked:ElementalBlade","theMarked:Frustration+1"],"picked":"theMarked:TwofoldDefense+1","floor":31},{"not_picked":["theMarked:ChannelForce","theMarked:Snap"],"picked":"theMarked:Abjuration","floor":33},{"not_picked":["theMarked:ResourceFulStrike","theMarked:Panic"],"picked":"theMarked:Standoff+1","floor":35},{"not_picked":["theMarked:EmpowerWeapon+1","theMarked:Reabsorb+1"],"picked":"theMarked:ComboAttacks","floor":36},{"not_picked":["theMarked:Frustration+1","theMarked:KeepCalmAndFightOn+1","theMarked:WastefulDefense+1"],"picked":"SKIP","floor":37},{"not_picked":["theMarked:ResourceFulStrike","theMarked:WastefulAttack+1","theMarked:Static+1"],"picked":"SKIP","floor":38},{"not_picked":["theMarked:TunnelVision+1","theMarked:BanishingStrike+1"],"picked":"theMarked:DispelDoubt","floor":40},{"not_picked":["theMarked:Parkour+1","theMarked:HeightenedSenses","theMarked:WastefulAttack"],"picked":"SKIP","floor":41},{"not_picked":["theMarked:Improvise","theMarked:PowerFlow","theMarked:Aftermath+1"],"picked":"SKIP","floor":44},{"not_picked":["theMarked:Parkour+1","theMarked:ChainLightning+1"],"picked":"theMarked:ChannelForce","floor":47},{"not_picked":["theMarked:TunnelVision+1","theMarked:Electrify+1"],"picked":"theMarked:BanishingStrike","floor":48}],"player_experience":2458813,"relics_obtained":[{"floor":7.0,"key":"Bag of Preparation"},{"floor":9.0,"key":"theMarked:DemonDagger"},{"floor":11,"key":"Bag of Marbles"},{"floor":23,"key":"Pen Nib"},{"floor":23,"key":"MealTicket"},{"floor":25,"key":"champ:DuelingGlove"},{"floor":25,"key":"The Courier"},{"floor":26,"key":"Guardian:PocketSentry"},{"floor":40,"key":"Peace Pipe"},{"floor":40,"key":"Mummified Hand"},{"floor":44,"key":"Juzu Bracelet"},{"floor":44,"key":"Kunai"},{"floor":47,"key":"HornCleat"},{"floor":47,"key":"Frozen Egg 2"}],"event_choices":[{"damage_healed":0.0,"max_hp_gain":0.0,"max_hp_loss":0.0,"gold_gain":0.0,"event_name":"Shining Light","player_choice":"Entered Light","floor":2.0,"gold_loss":0.0,"damage_taken":15.0,"cards_upgraded":["theMarked:SoldierOfQuellstein","theMarked:Defend"]},{"damage_healed":0.0,"max_hp_gain":0.0,"max_hp_loss":6.0,"gold_gain":0.0,"event_name":"Golden Idol","player_choice":"Lose Max HP","floor":4.0,"gold_loss":0.0,"damage_taken":0.0,"relics_obtained":["Golden Idol"]},{"damage_healed":0.0,"max_hp_gain":0.0,"max_hp_loss":0.0,"gold_gain":0.0,"event_name":"Scrap Ooze","player_choice":"Success","floor":5.0,"gold_loss":0.0,"damage_taken":12.0,"relics_obtained":["Anchor"]},{"damage_healed":0,"gold_gain":75,"player_choice":"Gather Gold","damage_taken":11,"max_hp_gain":0,"max_hp_loss":0,"event_name":"World of Goop","floor":12,"gold_loss":0},{"damage_healed":0,"gold_gain":0,"player_choice":"Ignored","damage_taken":0,"max_hp_gain":0,"max_hp_loss":0,"event_name":"Ghosts","floor":20,"gold_loss":0},{"damage_healed":0,"gold_gain":0,"player_choice":"Ignored","damage_taken":0,"max_hp_gain":0,"max_hp_loss":0,"event_name":"NoteForYourself","floor":27,"gold_loss":0},{"damage_healed":0,"gold_gain":0,"player_choice":"Rummage","damage_taken":0,"relics_obtained":["WarpedTongs"],"max_hp_gain":0,"max_hp_loss":0,"event_name":"Accursed Blacksmith","floor":39,"gold_loss":0,"cards_obtained":["Pain"]},{"damage_healed":0,"gold_gain":100,"player_choice":"Pray","damage_taken":0,"max_hp_gain":0,"max_hp_loss":0,"event_name":"Golden Shrine","floor":42,"gold_loss":0},{"damage_healed":0,"gold_gain":0,"player_choice":"Ignored","damage_taken":0,"max_hp_gain":0,"max_hp_loss":0,"event_name":"SecretPortal","floor":45,"gold_loss":0}],"is_beta":false,"boss_relics":[{"not_picked":["Tiny House","theMarked:BronzeBlade"],"picked":"Black Star"},{"not_picked":["Runic Pyramid","Astrolabe"],"picked":"Sozu"}],"items_purged_floors":[22,28],"is_endless":false,"potions_floor_spawned":[6,7,8,14,19,23,29,30,33,36,38,48],"killed_by":"Awakened One","ascension_level":0}}