{"host":"4rvakrj1idbgia3f","time":1610318426,"event":{"mods":["BaseMod","Colored Map","Colored Powertips","DeckTracker","Highlight Path","Minty Spire (QoL Compilation)","Random Character Button","StSLib"],"gold_per_floor":[114,114,128,13,13,13,46,46,46,77,77,88,88,104,104,182,182,202,221,136,136,136],"floor_reached":21,"playtime":897,"items_purged":["Defend_G"],"score":374,"play_id":"b248494a-c4b6-4bec-a8a5-dc2153cd52d6","local_time":"20210111074026","is_ascension_mode":true,"campfire_choices":[{"data":"Dagger Throw","floor":6,"key":"SMITH"},{"data":"Underhanded Strike","floor":8,"key":"SMITH"},{"data":"Backstab","floor":13,"key":"SMITH"},{"data":"Infinite Blades","floor":15,"key":"SMITH"}],"circlet_count":0,"master_deck":["AscendersBane","Strike_G","Strike_G","Strike_G","Strike_G","Strike_G","Defend_G","Defend_G","Defend_G","Defend_G","Survivor","Neutralize+1","Underhanded Strike+1","Dagger Throw+1","Infinite Blades+1","Backstab+1","Backflip","Backflip","Backstab","Phantasmal Killer","PiercingWail","Prepared"],"relics":["Ring of the Snake","Akabeko","Meat on the Bone","Potion Belt","Ornamental Fan","Coffee Dripper","Bird Faced Urn"],"acts_visited":["Exordium","TheCity"],"potions_floor_usage":[16],"damage_taken":[{"damage":1,"enemies":"Small Slimes","floor":1,"turns":4},{"damage":0,"enemies":"2 Louse","floor":3,"turns":5},{"damage":65,"enemies":"3 Sentries","floor":7,"turns":14},{"damage":12,"enemies":"Lagavulin","floor":10,"turns":5},{"damage":0,"enemies":"Jaw Worm","floor":12,"turns":1},{"damage":0,"enemies":"Blue Slaver","floor":14,"turns":3},{"damage":33,"enemies":"Slime Boss","floor":16,"turns":8},{"damage":8,"enemies":"3 Byrds","floor":18,"turns":6},{"damage":10,"enemies":"Shell Parasite","floor":19,"turns":4},{"damage":17,"enemies":"Cultist and Chosen","floor":21,"turns":6}],"seed_played":"-6615179642773119262","potions_obtained":[{"floor":1,"key":"FairyPotion"},{"floor":14,"key":"ColorlessPotion"},{"floor":19,"key":"EssenceOfSteel"}],"is_trial":false,"path_per_floor":["M","?","M","$","?","R","E","R","T","E","T","M","R","M","R","B",null,"M","M","?","M"],"character_chosen":"THE_SILENT","items_purchased":["Infinite Blades"],"campfire_rested":0,"item_purchase_floors":[4],"current_hp_per_floor":[58,63,63,63,63,63,21,21,21,21,21,33,33,45,45,24,59,51,41,41,26,26],"gold":136,"neow_bonus":"UPGRADE_CARD","is_daily":false,"chose_seed":false,"campfire_upgraded":4,"win_rate":0.0,"timestamp":1610318426,"path_taken":["M","?","M","$","?","R","E","R","T","E","?","M","R","M","R","BOSS","M","M","?","M"],"items_purchased_type":["Card"],"build_version":"2020-12-22","purchased_purges":1,"victory":false,"max_hp_per_floor":[66,71,71,71,71,71,71,71,71,71,71,71,71,71,71,71,71,71,71,71,71,71],"card_choices":[{"not_picked":["Well Laid Plans","Sucker Punch"],"picked":"Underhanded Strike","floor":1},{"not_picked":["Riddle With Holes","Expertise"],"picked":"Dagger Throw","floor":3},{"not_picked":["Caltrops","Catalyst"],"picked":"Backstab","floor":7},{"not_picked":["Acrobatics","Flechettes"],"picked":"Backflip","floor":10},{"not_picked":["Expertise","Skewer"],"picked":"Backflip","floor":12},{"not_picked":["Outmaneuver","Cloak And Dagger"],"picked":"Backstab","floor":14},{"not_picked":["Adrenaline","Venomology"],"picked":"Phantasmal Killer","floor":16},{"not_picked":["Dagger Throw","Acrobatics+1"],"picked":"PiercingWail","floor":18},{"not_picked":["Deadly Poison","Flying Knee"],"picked":"Prepared","floor":19}],"player_experience":2000804,"relics_obtained":[{"floor":7,"key":"Akabeko"},{"floor":9,"key":"Meat on the Bone"},{"floor":10,"key":"Potion Belt"},{"floor":11,"key":"Ornamental Fan"}],"event_choices":[{"damage_healed":0,"gold_gain":0,"player_choice":"Donut","damage_taken":0,"max_hp_gain":5,"max_hp_loss":0,"event_name":"Big Fish","floor":2,"gold_loss":0},{"damage_healed":0,"gold_gain":0,"player_choice":"Ignored","damage_taken":0,"max_hp_gain":0,"max_hp_loss":0,"event_name":"Liars Game","floor":5,"gold_loss":0},{"damage_healed":0,"gold_gain":0,"player_choice":"Obtained Relic","damage_taken":0,"relics_obtained":["Bird Faced Urn"],"max_hp_gain":0,"max_hp_loss":0,"event_name":"Addict","floor":20,"gold_loss":85}],"is_beta":false,"boss_relics":[{"not_picked":["Ectoplasm","Snecko Eye"],"picked":"Coffee Dripper"}],"items_purged_floors":[4],"is_endless":false,"potions_floor_spawned":[1,14,19],"killed_by":"Cultist and Chosen","ascension_level":20}}