{"host":"ig7tc0uedzltt2sr","time":1610264722,"event":{"mods":["BaseMod","Better Twitch Integration","Block Reminder","Colored Map","Colored Powertips","Communication Mod","Current Relic Mod","GifTheSpireLib","HexUI Lib","Minty Spire (QoL Compilation)","Quick Restart","Random Character Button","Rare Cards Sparkle","Relic Sorter","Relic Stats","Slay the Relics Exporter","StSLib","SuperFastMode","Synergy Search","Twitch Decklist","Twitch Utils","everything is the same but u backflip on backflip","slay the spire mod where everything is the same but ironclad has a cowboy hat"],"gold_per_floor":[110,120,120,138,152,152,152],"floor_reached":6,"playtime":32,"items_purged":[],"score":38,"play_id":"df3dfef7-6cdc-48a0-a038-4a70e3d28f1d","local_time":"20210109234522","is_ascension_mode":false,"campfire_choices":[],"circlet_count":0,"master_deck":["Strike_R","Strike_R","Strike_R","Strike_R","Strike_R","Defend_R","Defend_R","Defend_R","Defend_R","Bash"],"relics":["Burning Blood","NeowsBlessing","Paper Frog"],"acts_visited":["Exordium"],"potions_floor_usage":[],"damage_taken":[{"damage":0,"enemies":"Cultist","floor":1,"turns":1},{"damage":0,"enemies":"Small Slimes","floor":2,"turns":1},{"damage":6,"enemies":"2 Louse","floor":4,"turns":2},{"damage":18,"enemies":"2 Fungi Beasts","floor":5,"turns":3},{"damage":72,"enemies":"3 Sentries","floor":6,"turns":6}],"seed_played":"-5774830861600401945","potions_obtained":[{"floor":1,"key":"CultistPotion"},{"floor":4,"key":"Explosive Potion"}],"is_trial":false,"path_per_floor":["M","M","T","M","M","E"],"character_chosen":"IRONCLAD","items_purchased":[],"campfire_rested":0,"item_purchase_floors":[],"current_hp_per_floor":[80,80,80,80,68,0,0],"gold":152,"neow_bonus":"THREE_ENEMY_KILL","is_daily":false,"chose_seed":false,"campfire_upgraded":0,"win_rate":0.0,"timestamp":1610264722,"path_taken":["M","M","?","M","M","E"],"items_purchased_type":[],"build_version":"2020-12-22","purchased_purges":0,"victory":false,"max_hp_per_floor":[80,80,80,80,80,80,80],"relic_stats":{"counters":[5,13],"obtain_stats":[{"NeowsBlessing":0,"Burning Blood":0,"Paper Frog":3},{"NeowsBlessing":0,"Burning Blood":0,"Paper Frog":2},{"NeowsBlessing":0,"Burning Blood":0,"Paper Frog":2}],"Burning Blood":12},"card_choices":[{"not_picked":["Hemokinesis","Cleave","Uppercut"],"picked":"SKIP","floor":1},{"not_picked":["Shrug It Off","Havoc","Warcry"],"picked":"SKIP","floor":2},{"not_picked":["Evolve","Blood for Blood","Armaments"],"picked":"SKIP","floor":4},{"not_picked":["Havoc","Iron Wave","Seeing Red"],"picked":"SKIP","floor":5}],"player_experience":1499618,"relics_obtained":[{"floor":3,"key":"Paper Frog"}],"event_choices":[],"is_beta":false,"boss_relics":[],"items_purged_floors":[],"is_endless":false,"potions_floor_spawned":[1,4],"killed_by":"3 Sentries","ascension_level":0}}