{"host":"xnrw1j8ho83czkv7","time":1610321084,"event":{"mods":["AchievementEnabler","BaseMod","Colored Map","Colored Powertips","Minty Spire (QoL Compilation)","Quick Restart","StSLib"],"gold_per_floor":[110,110,127,127,145,145,172,172,221,247,270,345,270,285,285,387,387,374,392,392,405,305,305,305],"floor_reached":23,"playtime":1248,"items_purged":["Strike_G","Strike_G"],"score":219,"play_id":"5858b04f-27f7-4548-b86c-1bd4c22e7eb7","local_time":"20210110232444","is_ascension_mode":true,"campfire_choices":[{"data":"Bouncing Flask","floor":6,"key":"SMITH"},{"data":"Neutralize","floor":8,"key":"SMITH"},{"data":"Blur","floor":15,"key":"SMITH"}],"circlet_count":0,"master_deck":["Strike_G","Strike_G","Defend_G","Defend_G","Defend_G","Defend_G","Defend_G","Survivor","Neutralize+1","PiercingWail","Bouncing Flask+1","Blur","Blur+1","Burst","Well Laid Plans+1"],"relics":["Ring of the Snake","NeowsBlessing","Centennial Puzzle","Anchor","Odd Mushroom","Philosopher\u0027s Stone","Nilry\u0027s Codex"],"acts_visited":["Exordium","TheCity"],"potions_floor_usage":[10,11],"damage_taken":[{"damage":0,"enemies":"2 Louse","floor":1,"turns":1},{"damage":0,"enemies":"Cultist","floor":3,"turns":1},{"damage":0,"enemies":"Small Slimes","floor":5,"turns":1},{"damage":21,"enemies":"Lagavulin","floor":7,"turns":8},{"damage":7,"enemies":"3 Sentries","floor":10,"turns":8},{"damage":0,"enemies":"The Mushroom Lair","floor":11,"turns":4},{"damage":0,"enemies":"Blue Slaver","floor":14,"turns":3},{"damage":1,"enemies":"The Guardian","floor":16,"turns":10},{"damage":20,"enemies":"2 Thieves","floor":18,"turns":4},{"damage":0,"enemies":"Spheric Guardian","floor":19,"turns":3},{"damage":2,"enemies":"Snake Plant","floor":21,"turns":5},{"damage":44,"enemies":"Gremlin Leader","floor":23,"turns":9}],"seed_played":"1977221949785262339","potions_obtained":[{"floor":7,"key":"LiquidMemories"},{"floor":10,"key":"Fire Potion"},{"floor":16,"key":"CultistPotion"},{"floor":21,"key":"SmokeBomb"}],"is_trial":false,"path_per_floor":["M","?","M","?","M","R","E","R","T","E","?","?","$","M","R","B",null,"M","M","?","M","$","E"],"character_chosen":"THE_SILENT","items_purchased":[],"campfire_rested":0,"item_purchase_floors":[],"current_hp_per_floor":[70,70,70,75,75,75,54,54,54,47,47,40,40,40,40,39,75,55,55,39,37,37,0,0],"gold":305,"neow_bonus":"THREE_ENEMY_KILL","is_daily":false,"chose_seed":false,"campfire_upgraded":3,"win_rate":0.0,"timestamp":1610321084,"path_taken":["M","?","?","?","M","R","E","R","T","E","?","?","$","M","R","BOSS","M","?","?","M","$","E"],"items_purchased_type":[],"build_version":"2020-12-22","purchased_purges":2,"victory":false,"max_hp_per_floor":[70,70,70,75,75,75,75,75,75,75,75,75,75,75,75,75,75,75,75,75,75,75,75,75],"card_choices":[{"not_picked":["Dodge and Roll","Deflect","Quick Slash"],"picked":"SKIP","floor":1},{"not_picked":["Blade Dance","Calculated Gamble","Masterful Stab"],"picked":"SKIP","floor":3},{"not_picked":["Backflip","Deflect"],"picked":"Bouncing Flask","floor":5},{"not_picked":["Cloak And Dagger","Acrobatics","Calculated Gamble"],"picked":"SKIP","floor":7},{"not_picked":["Envenom","Backflip"],"picked":"Blur","floor":10},{"not_picked":["Acrobatics","Dagger Spray"],"picked":"Blur","floor":11},{"not_picked":["Cloak And Dagger","Flying Knee","Slice"],"picked":"SKIP","floor":14},{"not_picked":["Doppelganger","Envenom"],"picked":"Burst","floor":16},{"not_picked":["Sucker Punch","Bane","Dagger Spray"],"picked":"SKIP","floor":18},{"not_picked":["Deadly Poison","Bane+1","PiercingWail"],"picked":"SKIP","floor":19},{"not_picked":["Dagger Throw","Eviscerate"],"picked":"Well Laid Plans+1","floor":21}],"player_experience":28681,"relics_obtained":[{"floor":7,"key":"Centennial Puzzle"},{"floor":10,"key":"Anchor"},{"floor":11,"key":"Odd Mushroom"},{"floor":20,"key":"Nilry\u0027s Codex"}],"event_choices":[{"damage_healed":0,"gold_gain":0,"cards_transformed":["Strike_G"],"player_choice":"Transformed","damage_taken":0,"max_hp_gain":0,"max_hp_loss":0,"event_name":"Transmorgrifier","floor":2,"gold_loss":0,"cards_obtained":["PiercingWail"]},{"damage_healed":0,"gold_gain":0,"player_choice":"Donut","damage_taken":0,"max_hp_gain":5,"max_hp_loss":0,"event_name":"Big Fish","floor":4,"gold_loss":0},{"damage_healed":0,"gold_gain":0,"player_choice":"Fought Mushrooms","damage_taken":0,"max_hp_gain":0,"max_hp_loss":0,"event_name":"Mushrooms","floor":11,"gold_loss":0},{"damage_healed":0,"gold_gain":75,"player_choice":"Touch","damage_taken":7,"max_hp_gain":0,"max_hp_loss":0,"event_name":"FaceTrader","floor":12,"gold_loss":0},{"damage_healed":0,"gold_gain":0,"player_choice":"Obtained Book","damage_taken":16,"max_hp_gain":0,"max_hp_loss":0,"event_name":"Cursed Tome","floor":20,"gold_loss":0}],"is_beta":false,"boss_relics":[{"not_picked":["Black Star","Cursed Key"],"picked":"Philosopher\u0027s Stone"}],"items_purged_floors":[13,22],"is_endless":false,"potions_floor_spawned":[7,10,16,21],"killed_by":"Gremlin Leader","ascension_level":2}}