{"host":"vpaavrwbmey593fx","time":1610254692,"event":{"mods":["AchievementEnabler","BaseMod","Colored Map","Colored Powertips","DeckTracker","Minty Spire (QoL Compilation)","Relic Sorter"],"gold_per_floor":[215,230,246,171,171,171,181,199,199,199,214,214,249,269,269,366,366,381,391,406,416,416,416,416,416],"floor_reached":24,"playtime":3165,"items_purged":["Strike_R"],"score":257,"play_id":"7a6afb92-bbe7-4d91-9376-0ee605b768a2","local_time":"20210109205812","is_ascension_mode":true,"campfire_choices":[{"data":"True Grit","floor":6.0,"key":"SMITH"},{"data":"Flame Barrier","floor":10.0,"key":"SMITH"},{"floor":15.0,"key":"REST"},{"data":"Body Slam","floor":23,"key":"SMITH"}],"circlet_count":0,"master_deck":["Defend_R","Defend_R","Defend_R","Defend_R","Bash","Flame Barrier+1","True Grit+1","Wild Strike","Berserk","Body Slam+1","Clothesline","Bite","Bite","Bite","Bite","Bite"],"relics":["Burning Blood","Peace Pipe","Letter Opener","Cursed Key"],"acts_visited":["Exordium","TheCity"],"potions_floor_usage":[],"damage_taken":[{"damage":1.0,"enemies":"Cultist","floor":1.0,"turns":4.0},{"damage":9.0,"enemies":"Small Slimes","floor":2.0,"turns":4.0},{"damage":9.0,"enemies":"2 Louse","floor":3.0,"turns":3.0},{"damage":32.0,"enemies":"Large Slime","floor":7.0,"turns":12.0},{"damage":11.0,"enemies":"Blue Slaver","floor":8.0,"turns":4.0},{"damage":7.0,"enemies":"Lots of Slimes","floor":11.0,"turns":4.0},{"damage":24.0,"enemies":"3 Sentries","floor":13.0,"turns":12.0},{"damage":4.0,"enemies":"Red Slaver","floor":14.0,"turns":5.0},{"damage":52.0,"enemies":"Hexaghost","floor":16.0,"turns":12.0},{"damage":12.0,"enemies":"Chosen","floor":18.0,"turns":5.0},{"damage":2.0,"enemies":"3 Byrds","floor":19.0,"turns":4.0},{"damage":20.0,"enemies":"Centurion and Healer","floor":20.0,"turns":11.0},{"damage":33,"enemies":"Snake Plant","floor":21,"turns":5},{"damage":81,"enemies":"Gremlin Leader","floor":24,"turns":9}],"seed_played":"3521536700768657933","potions_obtained":[{"floor":2.0,"key":"BloodPotion"},{"floor":3.0,"key":"SpeedPotion"},{"floor":11.0,"key":"EssenceOfSteel"},{"floor":14.0,"key":"GamblersBrew"},{"floor":16.0,"key":"SkillPotion"}],"is_trial":false,"path_per_floor":["M","M","M","$","?","R","M","M","T","R","M","?","E","M","R","B",null,"M","M","M","M","?","R","E"],"character_chosen":"IRONCLAD","items_purchased":[],"campfire_rested":1,"item_purchase_floors":[],"current_hp_per_floor":[80,77,74,74,79,79,53,48,48,48,47,47,29,31,56,10,85,79,83,69,42,42,42,0,0],"gold":416,"neow_bonus":"HUNDRED_GOLD","is_daily":false,"chose_seed":false,"campfire_upgraded":3,"win_rate":0.0,"timestamp":1610254692,"path_taken":["M","M","M","?","?","R","M","M","T","R","M","?","E","M","R","BOSS","M","M","M","M","?","R","E"],"items_purchased_type":[],"build_version":"2020-12-22","purchased_purges":1,"victory":false,"max_hp_per_floor":[80,80,80,80,85,85,85,85,85,85,85,85,85,85,85,85,85,85,85,85,85,59,59,59,59],"card_choices":[{"not_picked":["Thunderclap","Twin Strike"],"picked":"Flame Barrier","floor":1.0},{"not_picked":["Dropkick","Second Wind"],"picked":"True Grit","floor":2.0},{"not_picked":["Iron Wave","Uppercut","Flex"],"picked":"SKIP","floor":3.0},{"not_picked":["Warcry","Rupture"],"picked":"Wild Strike","floor":7.0},{"not_picked":["Thunderclap","Carnage","Reaper"],"picked":"SKIP","floor":8.0},{"not_picked":["Headbutt","Burning Pact","Heavy Blade"],"picked":"SKIP","floor":11.0},{"not_picked":["Perfected Strike","Iron Wave","Twin Strike"],"picked":"SKIP","floor":13.0},{"not_picked":["Twin Strike","Iron Wave","Second Wind"],"picked":"SKIP","floor":14.0},{"not_picked":["Double Tap","Juggernaut"],"picked":"Berserk","floor":16.0},{"not_picked":["Twin Strike","Pummel","Perfected Strike"],"picked":"SKIP","floor":18.0},{"not_picked":["Ghostly Armor+1","Shockwave"],"picked":"Body Slam","floor":19.0},{"not_picked":["Shrug It Off+1","Flex"],"picked":"Clothesline","floor":20.0},{"not_picked":["Dual Wield+1","Cleave+1","Berserk"],"picked":"SKIP","floor":21}],"player_experience":152306,"relics_obtained":[{"floor":9.0,"key":"Peace Pipe"},{"floor":13.0,"key":"Letter Opener"}],"event_choices":[{"damage_healed":0.0,"max_hp_gain":5.0,"max_hp_loss":0.0,"gold_gain":0.0,"event_name":"Big Fish","player_choice":"Donut","floor":5.0,"gold_loss":0.0,"damage_taken":0.0},{"damage_healed":0.0,"max_hp_gain":0.0,"max_hp_loss":0.0,"gold_gain":0.0,"event_name":"Shining Light","player_choice":"Ignored","floor":12.0,"gold_loss":0.0,"damage_taken":0.0},{"damage_healed":0,"gold_gain":0,"player_choice":"Became a vampire","damage_taken":0,"max_hp_gain":0,"max_hp_loss":26,"event_name":"Vampires","floor":22,"gold_loss":0,"cards_obtained":["Bite","Bite","Bite","Bite","Bite"]}],"is_beta":false,"boss_relics":[{"not_picked":["Black Blood","SlaversCollar"],"picked":"Cursed Key"}],"items_purged_floors":[4],"is_endless":false,"potions_floor_spawned":[2,3,11,14,16],"killed_by":"Gremlin Leader","ascension_level":3}}