{"host":"ciw4wxyov9rhjbai","time":1610284875,"event":{"mods":["AchievementEnabler","Act Like it!","Aspiration","BaseMod","Better Third Choice","BetterRewards","Block Reminder","ChefMod","Minty Spire (QoL Compilation)","Quick Restart","Spicy Shops","StSLib","The Blue Laboratory"],"gold_per_floor":[115,115,115,135,135,163,0,13,13,90,90,118,118,149,149,245,245,260,232,24,35,52,52,71,71,71],"floor_reached":25,"playtime":1400,"items_purged":[],"score":246,"play_id":"db0533d9-d947-49b8-831f-10333252fcdf","local_time":"20210110212115","is_ascension_mode":false,"campfire_choices":[{"data":"chefmod:DinoKale","floor":11,"key":"SMITH"},{"data":"chefmod:Puree","floor":13,"key":"SMITH"},{"data":"chefmod:TodaysSpecial","floor":15,"key":"SMITH"},{"floor":23,"key":"REST"}],"circlet_count":0,"master_deck":["chefmod:Strike","chefmod:Strike","chefmod:Strike","chefmod:Strike","chefmod:QuickThaw","chefmod:Defend","chefmod:Defend","chefmod:Defend","chefmod:Defend","chefmod:TodaysSpecial+1","chefmod:IcePick","chefmod:HotSoup","chefmod:BleedOut","Enlightenment","chefmod:DinoKale+1","chefmod:Puree+1","chefmod:ColdSteel","chefmod:SushiPlatter+1","chefmod:DinoKale+1","chefmod:Ratatouille","chefmod:Escargot+1","chefmod:SushiPlatter+1","chefmod:SliceAndDice+1"],"relics":["chefmod:TrustyPot","NeowsBlessing","HornCleat","Frozen Egg 2","Nunchaku","aspiration:ChemicalBlood","SlaversCollar"],"acts_visited":["Exordium","TheCity"],"potions_floor_usage":[14,14,18,18,19,19,22,22,22,25,25],"damage_taken":[{"damage":0,"enemies":"Cultist","floor":1,"turns":1},{"damage":0,"enemies":"Jaw Worm","floor":4,"turns":1},{"damage":0,"enemies":"3 Sentries","floor":6,"turns":1},{"damage":0,"enemies":"2 Louse","floor":8,"turns":3},{"damage":14,"enemies":"Gremlin Nob","floor":12,"turns":5},{"damage":3,"enemies":"3 Sentries","floor":14,"turns":8},{"damage":23,"enemies":"Hexaghost","floor":16,"turns":12},{"damage":20,"enemies":"Spheric Guardian","floor":18,"turns":4},{"damage":20,"enemies":"2 Thieves","floor":19,"turns":5},{"damage":14,"enemies":"Centurion and Healer","floor":21,"turns":11},{"damage":74,"enemies":"Cultist and Chosen","floor":22,"turns":13},{"damage":15,"enemies":"Snecko","floor":24,"turns":7},{"damage":23,"enemies":"Chosen and Byrds","floor":25,"turns":8}],"seed_played":"6762924714864125714","potions_obtained":[{"floor":1,"key":"blueLaboratory:LouseDecoction"},{"floor":4,"key":"Ancient Potion"},{"floor":12,"key":"PowerPotion"},{"floor":16,"key":"blueLaboratory:TrueEctoplasm"},{"floor":19,"key":"blueLaboratory:FruitPunch"},{"floor":24,"key":"blueLaboratory:StoneskinPotion"}],"is_trial":false,"path_per_floor":["M","$","?","M","$","E","?","M","T","?","R","E","R","E","R","B",null,"M","M","$","M","M","R","M","M"],"character_chosen":"THE_CHEF","items_purchased":["chefmod:Escargot+1","FairyPotion"],"campfire_rested":1,"item_purchase_floors":[20,20],"current_hp_per_floor":[76,76,76,76,76,76,82,82,82,82,82,68,68,65,65,42,82,62,42,42,28,2,27,12,0,0],"gold":71,"neow_bonus":"THREE_ENEMY_KILL","is_daily":false,"chose_seed":false,"campfire_upgraded":3,"win_rate":0.0,"timestamp":1610284875,"path_taken":["M","$","?","?","?","E","?","M","T","?","R","E","R","E","R","BOSS","M","M","$","M","M","R","M","M"],"items_purchased_type":["Card","Potion"],"build_version":"2020-12-22","purchased_purges":0,"victory":false,"max_hp_per_floor":[76,76,76,76,76,76,82,82,82,82,82,82,82,82,82,82,82,82,82,82,82,86,86,86,86,86],"card_choices":[{"not_picked":["chefmod:SaveForLater","chefmod:NewMenu"],"picked":"chefmod:IcePick","floor":1},{"not_picked":["chefmod:Defrost","chefmod:Gelato"],"picked":"chefmod:HotSoup","floor":4},{"not_picked":["chefmod:Defrost","chefmod:Granita"],"picked":"chefmod:BleedOut","floor":6},{"not_picked":["chefmod:BaoBuns","chefmod:Defrost"],"picked":"chefmod:DinoKale","floor":8},{"not_picked":["chefmod:FireUp","chefmod:DinoKale"],"picked":"chefmod:Puree","floor":12},{"not_picked":["chefmod:FreshProduce+1","chefmod:OldCookbook"],"picked":"chefmod:ColdSteel","floor":14},{"not_picked":["chefmod:DeepFreeze","chefmod:RisingDough"],"picked":"chefmod:SushiPlatter+1","floor":16},{"not_picked":["chefmod:Sorbet","chefmod:VegetableTart"],"picked":"chefmod:DinoKale+1","floor":18},{"not_picked":["chefmod:Granita","chefmod:Chop"],"picked":"chefmod:Ratatouille","floor":19},{"not_picked":["chefmod:BaoBuns","chefmod:IcePick","chefmod:HotSoup"],"picked":"SKIP","floor":21},{"not_picked":["chefmod:Sorbet","chefmod:FryPan"],"picked":"chefmod:SushiPlatter+1","floor":22},{"not_picked":["chefmod:BaoBuns","chefmod:IcePick"],"picked":"chefmod:SliceAndDice+1","floor":24}],"player_experience":82927,"relics_obtained":[{"floor":6,"key":"HornCleat"},{"floor":9,"key":"Frozen Egg 2"},{"floor":12,"key":"Nunchaku"},{"floor":14,"key":"aspiration:ChemicalBlood"}],"event_choices":[{"damage_healed":0,"gold_gain":0,"player_choice":"Full Heal","damage_taken":0,"max_hp_gain":0,"max_hp_loss":0,"event_name":"Wheel of Change","floor":3,"gold_loss":0},{"damage_healed":0,"gold_gain":0,"player_choice":"RENOUNCE","damage_taken":163,"max_hp_gain":0,"max_hp_loss":0,"event_name":"betterThird:BetterSerpent","floor":7,"gold_loss":163,"cards_obtained":["Enlightenment"]},{"damage_healed":0,"gold_gain":77,"player_choice":"Gained Gold","damage_taken":0,"max_hp_gain":0,"max_hp_loss":0,"event_name":"Golden Wing","floor":10,"gold_loss":0}],"is_beta":false,"boss_relics":[{"not_picked":["aspiration:SecretTechniqueScroll","Runic Pyramid"],"picked":"SlaversCollar"}],"items_purged_floors":[],"is_endless":false,"potions_floor_spawned":[1,4,12,16,19,24],"killed_by":"Chosen and Byrds","ascension_level":0}}