{"host":"i98650m3tufgrrto","time":1610243356,"event":{"mods":["Act Like it!","BaseMod","CapriCore","KomeijiMod","Marisa£®ÏF”Í°°ƒß¿Ì…≥£©","Minty Spire (QoL Compilation)","Reimu£®≤©¿ˆ¡È√Œ£©","Remilia£®¿Ÿ√◊¿Ú—«£©","StSLib","The Immortal","The Servant 0.9.4","Yakumo Yukari mod","Youmu£®ªÍ∆«—˝√Œ£©"],"gold_per_floor":[178,178,192,206,281,281,310,323,368,368,383,393,424,424,424,528,528,548,488,498,509,434,462,462,475,525,536,536,547,573,588,588,685,685,697,709,781,1453,1353,1353,1378,1378,1378,1378,948,948,961,981,981,981,981,981,2,31,31],"floor_reached":56,"playtime":2534,"items_purged":["Strike_Remiria","Defend_Remirira","Defend_Remirira","Defend_Remirira"],"score":1354,"play_id":"227b30cf-4cfc-482f-aa4a-7688119717e6","local_time":"20210110094916","is_ascension_mode":false,"campfire_choices":[{"data":"PainBurst","floor":6.0,"key":"SMITH"},{"data":"HeartBreak_Remiria","floor":15.0,"key":"SMITH"},{"data":"Absorbed","floor":28.0,"key":"SMITH"},{"data":"DemonLordWalk","floor":32.0,"key":"SMITH"},{"data":"DoubleEdge","floor":40.0,"key":"SMITH"},{"floor":42.0,"key":"RECALL"},{"data":"Deep Breath","floor":49,"key":"SMITH"},{"data":"Paradox","floor":52,"key":"SMITH"}],"circlet_count":0,"master_deck":["Absorbed+1","Scratch+1","PainBurst+1","DemonLordWalk+1","Paradox+1","DoubleEdge+1","HeartBreak_Remiria+1","QueenOfMidnight+1","BloodCoagulation+1","BloodySuit+1","Culling+1","BodyStrengthen+1","ThePrice+1","BathedInBlood+1","Deep Breath+1","FateMeister+1","PartStrengthen+1","DamonLordCradle_Remiria+1","Master of Strategy","Paradox"],"relics":["ThirstyCrossSpe","Bottled Flame","Nunchaku","Mercury Hourglass","Omamori","Frozen Egg 2","Coffee Dripper","Potion Belt","Mastiff:ReiMu","Gambling Chip","The Courier","Singing Bowl","Happy Flower","Sling","Pear","Oddly Smooth Stone","KyoryuNoHagoromo","Whetstone"],"acts_visited":["Exordium","TheCity","TheBeyond","TheEnding"],"potions_floor_usage":[55,55,55,55,55],"damage_taken":[{"damage":0.0,"enemies":"Jaw Worm","floor":1.0,"turns":3.0},{"damage":0.0,"enemies":"Cultist","floor":3.0,"turns":4.0},{"damage":0.0,"enemies":"2 Louse","floor":4.0,"turns":2.0},{"damage":14.0,"enemies":"Gremlin Nob","floor":7.0,"turns":3.0},{"damage":0.0,"enemies":"Blue Slaver","floor":8.0,"turns":4.0},{"damage":13.0,"enemies":"Red Slaver","floor":11.0,"turns":2.0},{"damage":0.0,"enemies":"Gremlin Gang","floor":12.0,"turns":1.0},{"damage":0.0,"enemies":"3 Sentries","floor":13.0,"turns":3.0},{"damage":15.0,"enemies":"Slime Boss","floor":16.0,"turns":6.0},{"damage":12.0,"enemies":"Spheric Guardian","floor":18.0,"turns":4.0},{"damage":0.0,"enemies":"3 Byrds","floor":20.0,"turns":2.0},{"damage":11.0,"enemies":"Centurion and Healer","floor":21.0,"turns":5.0},{"damage":23.0,"enemies":"Gremlin Leader","floor":23.0,"turns":6.0},{"damage":22.0,"enemies":"Snake Plant","floor":25.0,"turns":4.0},{"damage":29.0,"enemies":"Snecko","floor":27.0,"turns":5.0},{"damage":0.0,"enemies":"Centurion and Healer","floor":29.0,"turns":5.0},{"damage":0.0,"enemies":"Slavers","floor":30.0,"turns":1.0},{"damage":22.0,"enemies":"Snake Plant","floor":31.0,"turns":3.0},{"damage":27.0,"enemies":"Automaton","floor":33.0,"turns":7.0},{"damage":3.0,"enemies":"3 Shapes","floor":35.0,"turns":2.0},{"damage":1.0,"enemies":"Orb Walker","floor":36.0,"turns":5.0},{"damage":12.0,"enemies":"Nemesis","floor":41.0,"turns":5.0},{"damage":7,"enemies":"3 Darklings","floor":47,"turns":5},{"damage":15,"enemies":"4 Shapes","floor":48,"turns":4},{"damage":92,"enemies":"Awakened One","floor":50,"turns":9},{"damage":17,"enemies":"Shield and Spear","floor":54,"turns":4},{"damage":20,"enemies":"The Heart","floor":55,"turns":5}],"seed_played":"8708114229139499923","potions_obtained":[{"floor":4.0,"key":"SteroidPotion"},{"floor":11.0,"key":"SteroidPotion"},{"floor":12.0,"key":"GamblersBrew"},{"floor":13.0,"key":"LiquidBronze"},{"floor":18.0,"key":"ZuzhouPotion:ReiMu"},{"floor":21.0,"key":"BlessingOfTheForge"},{"floor":29.0,"key":"Dexterity Potion"},{"floor":30.0,"key":"Ancient Potion"},{"floor":35.0,"key":"Block Potion"}],"is_trial":false,"path_per_floor":["M","?","M","M","?","R","E","M","T","T","M","M","E","?","R","B",null,"M","?","M","M","$","E","?","M","T","M","R","M","E","M","R","B",null,"M","M","T","?","$","R","E","R","T","?","$","?","M","M","R","B",null,"R","$","E","B",null],"character_chosen":"RemiriaScarlet","items_purchased":["FateMeister+1","PartStrengthen+1","Happy Flower","Sling","Master of Strategy","Pear","Oddly Smooth Stone","KyoryuNoHagoromo","PowerPotion","LiquidBronze","Energy Potion"],"campfire_rested":0,"item_purchase_floors":[45,45,45,45,53,53,53,53,53,53,53],"current_hp_per_floor":[100,100,100,100,89,89,75,75,75,75,62,62,62,50,50,37,100,88,88,88,77,77,55,110,88,88,59,59,59,82,60,60,48,110,107,106,106,106,106,106,100,100,100,100,100,100,104,94,94,88,112,112,122,113,122],"gold":31,"neow_bonus":"THREE_CARDS","is_daily":false,"chose_seed":false,"campfire_upgraded":7,"win_rate":0.0,"timestamp":1610243356,"path_taken":["M","?","M","M","?","R","E","?","T","?","M","M","E","?","R","BOSS","M","?","?","?","$","E","?","M","T","?","R","M","E","M","R","BOSS","M","M","?","?","$","R","E","R","T","?","$","?","?","M","R","BOSS","R","$","E","BOSS"],"items_purchased_type":["Card","Card","Relic","Relic","Card","Relic","Relic","Relic","Potion","Potion","Potion"],"build_version":"2020-12-22","purchased_purges":4,"victory":true,"max_hp_per_floor":[100,100,100,100,100,100,100,100,100,100,100,100,100,100,100,100,100,100,100,100,100,100,100,110,110,110,110,110,110,110,110,110,110,110,110,110,110,110,110,110,110,110,110,110,110,110,110,112,112,112,112,112,122,122,122],"card_choices":[{"not_picked":["Warpath","FateMeister"],"picked":"PainBurst","floor":0.0},{"not_picked":["BloodCollect","NaturallyHealing"],"picked":"DemonLordWalk","floor":1.0},{"not_picked":["Cripple","RocketKickup","Rewrite"],"picked":"SKIP","floor":3.0},{"not_picked":["BodyStrengthen","FateMeister","Rewrite"],"picked":"SKIP","floor":4.0},{"not_picked":["Rewrite","VampirishNight"],"picked":"Paradox","floor":7.0},{"not_picked":["TricksterDevil","RocketKickup","BodyStrengthen"],"picked":"SKIP","floor":8.0},{"not_picked":["SeparateFleshBlood","FastHealing"],"picked":"DoubleEdge","floor":11.0},{"not_picked":["Paradox","DamonLordCradle_Remiria"],"picked":"HeartBreak_Remiria","floor":12.0},{"not_picked":["BloodPact","RocketKickup","CurseofVladTepes"],"picked":"SKIP","floor":13.0},{"not_picked":["AllTheWorldInNightmare","ScarletDestiny"],"picked":"MiserableFate_Remiria+1","floor":16.0},{"not_picked":["TricksterDevil+1","BloodySuit","Tepes"],"picked":"SKIP","floor":18.0},{"not_picked":["StigmaNizer+1","BloodPact","CurseofVladTepes+1"],"picked":"SKIP","floor":20.0},{"not_picked":["BodyStrengthen","Feint+1","RocketKickup"],"picked":"SKIP","floor":21.0},{"not_picked":["BloodCleaner","ServantFlier","BloodySuit+1"],"picked":"SKIP","floor":23.0},{"not_picked":["BloodCleaner","ServantFlier","BloodySuit+1"],"picked":"SKIP","floor":23.0},{"not_picked":["BloodCollect","BloodCleaner","VampireClaw"],"picked":"SKIP","floor":25.0},{"not_picked":["FateMeister+1","BloodCollect","BloodySuit"],"picked":"SKIP","floor":27.0},{"not_picked":["TricksterDevil","BodyStrengthen"],"picked":"QueenOfMidnight+1","floor":29.0},{"not_picked":["FastHealing","AllTheWorldInNightmare"],"picked":"FateCollect","floor":30.0},{"not_picked":["BloodPact","DoubleEdge","BloodCleaner"],"picked":"SKIP","floor":31.0},{"not_picked":["MillenniumVampire+1","RemiliaStalker+1"],"picked":"BloodCoagulation+1","floor":33.0},{"not_picked":["Paradox+1","ScarletNetherworld"],"picked":"ThePrice+1","floor":35.0},{"not_picked":["TricksterDevil+1","LifeBreak","RocketKickup+1"],"picked":"SKIP","floor":36.0},{"not_picked":["RedtheNightlessCastle","FastHealing+1"],"picked":"BathedInBlood+1","floor":41.0},{"not_picked":["Swift Strike","Madness"],"picked":"Deep Breath","floor":44.0},{"not_picked":["StigmaNizer+1","Culling+1"],"picked":"DamonLordCradle_Remiria+1","floor":47},{"not_picked":["BodyStrengthen+1","Warpath","BloodyMagicSquare+1"],"picked":"Singing Bowl","floor":48},{"not_picked":["BloodySuit","SealingFear+1"],"picked":"Paradox","floor":54}],"player_experience":1195457,"relics_obtained":[{"floor":7.0,"key":"Bottled Flame"},{"floor":9.0,"key":"Nunchaku"},{"floor":10.0,"key":"Mercury Hourglass"},{"floor":13.0,"key":"Omamori"},{"floor":23.0,"key":"Potion Belt"},{"floor":26.0,"key":"Mastiff:ReiMu"},{"floor":30.0,"key":"Gambling Chip"},{"floor":41.0,"key":"The Courier"},{"floor":43.0,"key":"Singing Bowl"},{"floor":54,"key":"Whetstone"}],"event_choices":[{"damage_healed":0.0,"max_hp_gain":0.0,"max_hp_loss":0.0,"gold_gain":75.0,"event_name":"World of Goop","player_choice":"Gather Gold","floor":5.0,"gold_loss":0.0,"damage_taken":11.0},{"damage_healed":0.0,"max_hp_gain":0.0,"max_hp_loss":0.0,"gold_gain":0.0,"event_name":"Scrap Ooze","player_choice":"Success","floor":14.0,"gold_loss":0.0,"damage_taken":12.0,"relics_obtained":["Frozen Egg 2"]},{"cards_removed":["Strike_Remiria"],"damage_healed":0.0,"max_hp_gain":0.0,"max_hp_loss":0.0,"gold_gain":0.0,"event_name":"Designer","player_choice":"Single Remove","floor":19.0,"gold_loss":60.0,"damage_taken":0.0},{"cards_removed":["MiserableFate_Remiria"],"damage_healed":45.0,"max_hp_gain":10.0,"max_hp_loss":0.0,"gold_gain":0.0,"event_name":"Bonfire Elementals","player_choice":"Offered Rare","floor":24.0,"gold_loss":0.0,"damage_taken":0.0},{"damage_healed":0.0,"max_hp_gain":0.0,"max_hp_loss":0.0,"gold_gain":0.0,"event_name":"SensoryStone","player_choice":"Memory 1","floor":44.0,"gold_loss":0.0,"damage_taken":0.0},{"cards_removed":["Defend_Remirira"],"damage_healed":0,"gold_gain":0,"player_choice":"Removed Skill","damage_taken":0,"max_hp_gain":0,"max_hp_loss":0,"event_name":"Falling","floor":46,"gold_loss":0}],"is_beta":false,"boss_relics":[{"not_picked":["UnsealingCross","Fusion Hammer"],"picked":"Coffee Dripper"},{"not_picked":["Velvet Choker","Sozu"],"picked":"Astrolabe"}],"items_purged_floors":[22,39,45,53],"is_endless":false,"potions_floor_spawned":[4,11,12,13,18,21,29,30,35],"ascension_level":0}}