{"host":"8xi53560pl5zaoq2","time":1610239938,"event":{"mods":["BaseMod","Colored Map","Highlight Path","Minty Spire (QoL Compilation)","StSLib","Synergy Search"],"gold_per_floor":[111,111,130,130,130,130,158,171,196,196,8,8,38,38,38,112,112,123,137,137,137,137,137,2,2,2,2,2,21,21,21,21],"floor_reached":31,"playtime":961,"items_purged":["Strike_B","Decay"],"score":459,"play_id":"87029ea5-c841-473c-8063-e2bbb7f5aabf","local_time":"20210109175218","is_ascension_mode":true,"campfire_choices":[{"data":"Zap","floor":6,"key":"SMITH"},{"data":"Glacier","floor":10,"key":"SMITH"},{"data":"Leap","floor":12,"key":"SMITH"},{"data":"Conserve Battery","floor":15,"key":"SMITH"},{"floor":23,"key":"REST"},{"data":"Consume","floor":28,"key":"SMITH"}],"circlet_count":0,"master_deck":["AscendersBane","Strike_B+1","Strike_B+1","Strike_B+1","Defend_B+1","Defend_B+1","Defend_B+1","Zap+1","Hologram+1","White Noise","Gash","Glacier+1","Finesse","Leap+1","Conserve Battery+1","Electrodynamics","Consume+1","White Noise","Defragment","White Noise","Creative AI","Coolheaded"],"relics":["Cracked Core","NeowsBlessing","Bronze Scales","Oddly Smooth Stone","Prayer Wheel","Sozu","Nilry\u0027s Codex","Dead Branch","White Beast Statue"],"acts_visited":["Exordium","TheCity"],"potions_floor_usage":[16],"damage_taken":[{"damage":0,"enemies":"Cultist","floor":1,"turns":1},{"damage":0,"enemies":"2 Louse","floor":3,"turns":1},{"damage":0,"enemies":"Gremlin Nob","floor":7,"turns":1},{"damage":12,"enemies":"Jaw Worm","floor":8,"turns":2},{"damage":2,"enemies":"Lagavulin","floor":13,"turns":9},{"damage":8,"enemies":"Hexaghost","floor":16,"turns":13},{"damage":19,"enemies":"2 Thieves","floor":18,"turns":3},{"damage":0,"enemies":"3 Byrds","floor":19,"turns":2},{"damage":3,"enemies":"Snake Plant","floor":29,"turns":4},{"damage":44,"enemies":"Gremlin Leader","floor":31,"turns":4}],"seed_played":"-3553305998301728440","potions_obtained":[{"floor":1,"key":"Block Potion"},{"floor":3,"key":"AttackPotion"}],"is_trial":false,"path_per_floor":["M","?","M","?","?","R","E","M","T","R","$","R","E","$","R","B",null,"M","M","?","?","?","R","$","?","T","?","R","M","T","E"],"character_chosen":"DEFECT","items_purchased":["Finesse","Leap","Defragment"],"campfire_rested":1,"item_purchase_floors":[11,11,24],"current_hp_per_floor":[64,69,69,46,42,42,42,30,30,30,30,30,28,28,28,20,62,43,43,22,22,22,44,44,44,44,44,44,41,41,0,0],"gold":21,"neow_bonus":"THREE_ENEMY_KILL","is_daily":false,"chose_seed":false,"campfire_upgraded":5,"win_rate":0.0,"timestamp":1610239938,"path_taken":["M","?","M","?","?","R","E","?","T","R","$","R","E","?","R","BOSS","M","M","?","?","?","R","$","?","T","?","R","M","?","E"],"items_purchased_type":["Card","Card","Card"],"build_version":"2020-12-22","purchased_purges":2,"victory":false,"max_hp_per_floor":[71,76,76,76,76,76,76,76,76,76,76,76,76,76,76,76,76,76,76,76,76,76,76,76,76,76,76,76,76,76,76,76],"card_choices":[{"not_picked":["Reinforced Body","Skim"],"picked":"Hologram","floor":1},{"not_picked":["Hologram","Rebound"],"picked":"White Noise","floor":3},{"not_picked":["Hello World","Stack"],"picked":"Gash","floor":7},{"not_picked":["Tempest","Ball Lightning"],"picked":"Glacier","floor":8},{"not_picked":["Streamline","Go for the Eyes"],"picked":"Conserve Battery","floor":13},{"not_picked":["Biased Cognition","Multi-Cast"],"picked":"Electrodynamics","floor":16},{"not_picked":["BootSequence","Blizzard"],"picked":"Consume","floor":18},{"not_picked":["Leap","Steam"],"picked":"White Noise","floor":18},{"not_picked":["Steam","Melter","Genetic Algorithm+1"],"picked":"SKIP","floor":19},{"not_picked":["Stack","Barrage","Sweeping Beam"],"picked":"SKIP","floor":19},{"not_picked":["Heatsinks","Fusion"],"picked":"Coolheaded","floor":29},{"not_picked":["Heatsinks","Streamline+1","Skim+1"],"picked":"SKIP","floor":29}],"player_experience":1283460,"relics_obtained":[{"floor":7,"key":"Bronze Scales"},{"floor":9,"key":"Oddly Smooth Stone"},{"floor":13,"key":"Prayer Wheel"},{"floor":20,"key":"Nilry\u0027s Codex"},{"floor":26,"key":"Dead Branch"},{"floor":30,"key":"White Beast Statue"}],"event_choices":[{"damage_healed":0,"gold_gain":0,"player_choice":"Donut","damage_taken":0,"max_hp_gain":5,"max_hp_loss":0,"event_name":"Big Fish","floor":2,"gold_loss":0},{"damage_healed":0,"gold_gain":0,"player_choice":"Entered Light","damage_taken":23,"max_hp_gain":0,"max_hp_loss":0,"event_name":"Shining Light","floor":4,"gold_loss":0,"cards_upgraded":["Defend_B","Hologram"]},{"damage_healed":0,"gold_gain":0,"player_choice":"Bought 0 Potions","damage_taken":0,"max_hp_gain":0,"max_hp_loss":0,"event_name":"The Woman in Blue","floor":5,"gold_loss":0},{"damage_healed":0,"gold_gain":0,"player_choice":"Obtained Book","damage_taken":21,"max_hp_gain":0,"max_hp_loss":0,"event_name":"Cursed Tome","floor":20,"gold_loss":0},{"damage_healed":0,"gold_gain":0,"player_choice":"Simplicity","damage_taken":0,"max_hp_gain":0,"max_hp_loss":0,"event_name":"Back to Basics","floor":21,"gold_loss":0,"cards_upgraded":["Strike_B","Strike_B","Strike_B","Defend_B","Defend_B","Defend_B"]},{"damage_healed":0,"gold_gain":0,"player_choice":"Smashed Altar","damage_taken":0,"max_hp_gain":0,"max_hp_loss":0,"event_name":"Forgotten Altar","floor":22,"gold_loss":0,"cards_obtained":["Decay"]},{"damage_healed":0,"gold_gain":0,"player_choice":"Ignored","damage_taken":0,"max_hp_gain":0,"max_hp_loss":0,"event_name":"Vampires","floor":25,"gold_loss":0},{"damage_healed":0,"gold_gain":0,"cards_transformed":["Dualcast","Defend_B"],"player_choice":"Became Test Subject","damage_taken":0,"max_hp_gain":0,"max_hp_loss":0,"event_name":"Drug Dealer","floor":27,"gold_loss":0,"cards_obtained":["White Noise","Creative AI"]}],"is_beta":false,"boss_relics":[{"not_picked":["Ectoplasm","Coffee Dripper"],"picked":"Sozu"}],"items_purged_floors":[11,24],"is_endless":false,"potions_floor_spawned":[1,3,18,29],"killed_by":"Gremlin Leader","ascension_level":15}}