{"host":"l60rmjjsfi0fipmi","time":1610236835,"event":{"mods":["BaseMod","Colored Map","DeckTracker","Highlight Path","Minty Spire (QoL Compilation)"],"gold_per_floor":[111,123,100,177,191,191,216,216,216,216,245,170,170,189,189,285,285,268,268,280,29,45,45,45,79,156,169,169,169],"floor_reached":28,"playtime":1877,"items_purged":["Defend_R","Strike_R"],"score":271,"play_id":"9a239f75-2510-49e4-b5b0-f82e10410dff","local_time":"20210109190035","is_ascension_mode":true,"campfire_choices":[{"data":"Iron Wave","floor":6,"key":"SMITH"},{"data":"Armaments","floor":10,"key":"SMITH"},{"floor":15,"key":"REST"},{"data":"Anger","floor":23,"key":"SMITH"}],"circlet_count":0,"master_deck":["Strike_R","Strike_R","Strike_R+1","Defend_R","Defend_R","Defend_R","Bash","Iron Wave+1","Thunderclap","Shrug It Off","True Grit","Armaments+1","Anger+1","Sever Soul","Iron Wave","Limit Break+1","Headbutt+1","Warcry+1"],"relics":["Burning Blood","White Beast Statue","Blood Vial","Torii","Toxic Egg 2","Mummified Hand","Mark of Pain","Enchiridion","Juzu Bracelet","Whetstone","Frozen Egg 2"],"acts_visited":["Exordium","TheCity"],"potions_floor_usage":[14,16,22,25,25,27,27,28],"damage_taken":[{"damage":14,"enemies":"Cultist","floor":1,"turns":5},{"damage":9,"enemies":"Jaw Worm","floor":2,"turns":5},{"damage":3,"enemies":"Small Slimes","floor":5,"turns":5},{"damage":31,"enemies":"Gremlin Nob","floor":7,"turns":5},{"damage":25,"enemies":"3 Sentries","floor":11,"turns":8},{"damage":13,"enemies":"Exordium Thugs","floor":14,"turns":6},{"damage":37,"enemies":"Hexaghost","floor":16,"turns":12},{"damage":18,"enemies":"2 Thieves","floor":18,"turns":4},{"damage":1,"enemies":"3 Byrds","floor":20,"turns":6},{"damage":17,"enemies":"Snake Plant","floor":22,"turns":4},{"damage":33,"enemies":"Gremlin Leader","floor":25,"turns":11},{"damage":18,"enemies":"Cultist and Chosen","floor":27,"turns":8},{"damage":40,"enemies":"3 Cultists","floor":28,"turns":5}],"seed_played":"-1387627326986820267","potions_obtained":[{"floor":5,"key":"Ancient Potion"},{"floor":7,"key":"Weak Potion"},{"floor":11,"key":"Regen Potion"},{"floor":14,"key":"Explosive Potion"},{"floor":16,"key":"Block Potion"},{"floor":18,"key":"PowerPotion"},{"floor":22,"key":"CultistPotion"},{"floor":25,"key":"EssenceOfSteel"},{"floor":27,"key":"Block Potion"}],"is_trial":false,"path_per_floor":["M","M","$","T","M","R","E","?","T","R","E","$","?","M","R","B",null,"M","?","M","$","M","R","?","E","T","M","M"],"character_chosen":"IRONCLAD","items_purchased":["Shrug It Off","Juzu Bracelet"],"campfire_rested":1,"item_purchase_floors":[3,21],"current_hp_per_floor":[80,77,77,77,80,80,55,43,43,43,26,26,26,21,47,33,88,76,60,67,67,58,58,58,33,33,23,0,0],"gold":169,"neow_bonus":"TEN_PERCENT_HP_BONUS","is_daily":false,"chose_seed":false,"campfire_upgraded":3,"win_rate":0.0,"timestamp":1610236835,"path_taken":["M","M","$","?","M","R","E","?","T","R","E","$","?","M","R","BOSS","M","?","M","$","M","R","?","E","T","M","M"],"items_purchased_type":["Card","Relic"],"build_version":"2020-12-22","purchased_purges":2,"victory":false,"max_hp_per_floor":[88,88,88,88,88,88,88,88,88,88,88,88,88,88,88,88,88,88,88,88,88,88,88,88,88,88,88,88,88],"card_choices":[{"not_picked":["Heavy Blade","Second Wind"],"picked":"Iron Wave","floor":1},{"not_picked":["Twin Strike","Entrench"],"picked":"Thunderclap","floor":2},{"not_picked":["Shrug It Off","Demon Form"],"picked":"True Grit","floor":5},{"not_picked":["Cleave","Double Tap"],"picked":"Armaments","floor":7},{"not_picked":["Blood for Blood","Combust"],"picked":"Anger","floor":11},{"not_picked":["Clash","Corruption"],"picked":"Iron Wave","floor":14},{"not_picked":["Berserk","Demon Form"],"picked":"Limit Break+1","floor":16},{"not_picked":["Fire Breathing+1","Entrench+1"],"picked":"Headbutt","floor":18},{"not_picked":["True Grit+1","Shrug It Off+1"],"picked":"Warcry+1","floor":20},{"not_picked":["Perfected Strike","Warcry+1","Clothesline+1"],"picked":"SKIP","floor":22},{"not_picked":["Combust","Reckless Charge","Heavy Blade"],"picked":"SKIP","floor":25},{"not_picked":["Wild Strike","Thunderclap","Pommel Strike"],"picked":"SKIP","floor":27}],"player_experience":309802,"relics_obtained":[{"floor":4,"key":"White Beast Statue"},{"floor":7,"key":"Blood Vial"},{"floor":9,"key":"Toxic Egg 2"},{"floor":11,"key":"Mummified Hand"},{"floor":19,"key":"Enchiridion"},{"floor":25,"key":"Whetstone"},{"floor":26,"key":"Frozen Egg 2"}],"event_choices":[{"damage_healed":0,"gold_gain":0,"player_choice":"Success","damage_taken":12,"relics_obtained":["Torii"],"max_hp_gain":0,"max_hp_loss":0,"event_name":"Scrap Ooze","floor":8,"gold_loss":0},{"damage_healed":0,"gold_gain":0,"cards_transformed":["Strike_R"],"player_choice":"Transformed","damage_taken":0,"max_hp_gain":0,"max_hp_loss":0,"event_name":"Transmorgrifier","floor":13,"gold_loss":0,"cards_obtained":["Sever Soul"]},{"damage_healed":0,"gold_gain":0,"player_choice":"Obtained Book","damage_taken":16,"max_hp_gain":0,"max_hp_loss":0,"event_name":"Cursed Tome","floor":19,"gold_loss":0},{"damage_healed":0,"gold_gain":0,"player_choice":"Ignored","damage_taken":0,"max_hp_gain":0,"max_hp_loss":0,"event_name":"The Mausoleum","floor":24,"gold_loss":0}],"is_beta":false,"boss_relics":[{"not_picked":["Fusion Hammer","Ectoplasm"],"picked":"Mark of Pain"}],"items_purged_floors":[12,21],"is_endless":false,"potions_floor_spawned":[5,7,11,14,16,18,20,22,25,27],"killed_by":"3 Cultists","ascension_level":2}}