{"host":"x205naxbihvu3p76","time":1610285600,"event":{"mods":["AchievementEnabler","BaseMod","Minty Spire (QoL Compilation)","StSLib","SuperFastMode"],"gold_per_floor":[109,121,136,152,171,171,202,215,215,215,215,55,72,97,97,174,174,187,198,198,210,135,135,147,165,190,190,5,0,0,10,10,81,81,91,106,106,30,30,59,59,59,59,59,76,90,90,116,128,140],"floor_reached":51,"playtime":1211,"items_purged":["Strike_B","Strike_B"],"score":1329,"play_id":"4cc5f7a0-aa93-493b-9319-542a7ea83df4","local_time":"20210110223320","is_ascension_mode":true,"campfire_choices":[{"data":"Zap","floor":6,"key":"SMITH"},{"floor":11,"key":"REST"},{"floor":15,"key":"DIG"},{"data":"Defragment","floor":27,"key":"SMITH"},{"data":"Buffer","floor":32,"key":"SMITH"},{"floor":42,"key":"DIG"},{"floor":44,"key":"DIG"},{"floor":47,"key":"DIG"},{"floor":49,"key":"DIG"}],"circlet_count":0,"master_deck":["AscendersBane","Strike_B","Defend_B+1","Defend_B","Defend_B","Defend_B","Zap+1","Dualcast","Electrodynamics","Glacier","Cold Snap","Ball Lightning","Conserve Battery","Leap","Seek","Defragment+1","FTL","Self Repair","Turbo","Defragment","Buffer+1","Multi-Cast","Storm","Core Surge","Finesse","Ball Lightning","Glacier+1"],"relics":["Cracked Core","Shovel","HornCleat","Nunchaku","DataDisk","Lantern","Ancient Tea Set","Runic Pyramid","Juzu Bracelet","Fusion Hammer","Matryoshka","Pen Nib","Gremlin Horn","Question Card","Bag of Marbles","MawBank","War Paint"],"acts_visited":["Exordium","TheCity","TheBeyond"],"potions_floor_usage":[7,33,33,50,50],"damage_taken":[{"damage":1,"enemies":"Cultist","floor":1,"turns":3},{"damage":4,"enemies":"Jaw Worm","floor":2,"turns":4},{"damage":7,"enemies":"Small Slimes","floor":3,"turns":3},{"damage":6,"enemies":"Looter","floor":4,"turns":3},{"damage":2,"enemies":"Blue Slaver","floor":5,"turns":4},{"damage":14,"enemies":"3 Sentries","floor":7,"turns":4},{"damage":12,"enemies":"2 Fungi Beasts","floor":8,"turns":2},{"damage":1,"enemies":"Exordium Thugs","floor":13,"turns":2},{"damage":17,"enemies":"The Guardian","floor":16,"turns":16},{"damage":6,"enemies":"2 Thieves","floor":18,"turns":3},{"damage":0,"enemies":"3 Byrds","floor":19,"turns":4},{"damage":14,"enemies":"Snake Plant","floor":21,"turns":4},{"damage":1,"enemies":"Chosen and Byrds","floor":24,"turns":4},{"damage":0,"enemies":"Cultist and Chosen","floor":25,"turns":5},{"damage":0,"enemies":"Snake Plant","floor":31,"turns":5},{"damage":49,"enemies":"Champ","floor":33,"turns":22},{"damage":1,"enemies":"Orb Walker","floor":35,"turns":7},{"damage":8,"enemies":"3 Darklings","floor":36,"turns":5},{"damage":0,"enemies":"Reptomancer","floor":40,"turns":6},{"damage":0,"enemies":"4 Shapes","floor":45,"turns":4},{"damage":0,"enemies":"Spire Growth","floor":46,"turns":4},{"damage":0,"enemies":"Sphere and 2 Shapes","floor":48,"turns":3},{"damage":49,"enemies":"Donu and Deca","floor":50,"turns":12}],"seed_played":"-4186623872964087629","potions_obtained":[{"floor":4,"key":"SpeedPotion"},{"floor":5,"key":"FocusPotion"},{"floor":7,"key":"SkillPotion"},{"floor":24,"key":"EssenceOfDarkness"},{"floor":33,"key":"DuplicationPotion"},{"floor":40,"key":"ColorlessPotion"}],"is_trial":false,"path_per_floor":["M","M","M","M","M","R","E","M","T","?","R","$","M","T","R","B",null,"M","M","?","M","$","?","M","M","T","R","$","?","$","M","R","B",null,"M","M","?","$","$","E","?","R","T","R","M","M","R","M","R","B",null],"character_chosen":"DEFECT","items_purchased":["DataDisk","Defragment","Storm"],"campfire_rested":1,"item_purchase_floors":[12,28,38],"current_hp_per_floor":[63,59,52,46,44,44,30,18,18,18,39,39,38,38,38,21,59,53,53,53,39,39,39,38,45,45,45,45,45,45,52,52,10,56,62,61,71,71,71,71,71,71,71,71,71,71,71,71,71,29],"gold":152,"neow_bonus":"ONE_RANDOM_RARE_CARD","is_daily":false,"chose_seed":false,"campfire_upgraded":3,"win_rate":0.0,"timestamp":1610285600,"path_taken":["M","?","M","M","M","R","E","M","T","?","R","$","?","?","R","BOSS","M","M","?","M","$","?","M","M","T","R","$","?","$","M","R","BOSS","M","M","?","?","$","E","?","R","T","R","M","M","R","M","R","BOSS"],"items_purchased_type":["Relic","Card","Card"],"build_version":"2020-12-22","purchased_purges":2,"victory":true,"max_hp_per_floor":[71,71,71,71,71,71,71,71,71,71,71,71,71,71,71,71,71,71,71,71,71,71,71,71,71,71,71,71,71,71,71,71,71,71,71,71,71,71,71,71,71,71,71,71,71,71,71,71,71,71],"card_choices":[{"not_picked":["Rebound","Compile Driver","Steam Power"],"picked":"SKIP","floor":1},{"not_picked":["Darkness","Skim"],"picked":"Glacier","floor":2},{"not_picked":["Hologram","Sweeping Beam","Barrage"],"picked":"SKIP","floor":3},{"not_picked":["Turbo","Leap"],"picked":"Cold Snap","floor":4},{"not_picked":["Tempest","Redo","Beam Cell"],"picked":"SKIP","floor":5},{"not_picked":["Rebound","Multi-Cast"],"picked":"Ball Lightning","floor":7},{"not_picked":["Skim","Compile Driver"],"picked":"Conserve Battery","floor":8},{"not_picked":["Blizzard","Hologram"],"picked":"Leap","floor":13},{"not_picked":["Machine Learning","Buffer"],"picked":"Seek","floor":16},{"not_picked":["Gash","Streamline","Scrape"],"picked":"SKIP","floor":18},{"not_picked":["Steam Power","Chaos"],"picked":"Defragment","floor":19},{"not_picked":["Conserve Battery","Hologram"],"picked":"FTL","floor":21},{"not_picked":["Hologram","Genetic Algorithm"],"picked":"Self Repair","floor":24},{"not_picked":["Fusion","Steam"],"picked":"Turbo","floor":25},{"not_picked":["Double Energy+1","Heatsinks"],"picked":"Buffer","floor":31},{"not_picked":["Machine Learning","Rainbow"],"picked":"Multi-Cast","floor":33},{"not_picked":["Skim+1","Steam+1","Gash"],"picked":"SKIP","floor":35},{"not_picked":["Static Discharge","Stack+1","Go for the Eyes"],"picked":"SKIP","floor":36},{"not_picked":["Conserve Battery","Rip and Tear"],"picked":"Core Surge","floor":40},{"not_picked":["HandOfGreed","Transmutation"],"picked":"Finesse","floor":41},{"not_picked":["Sweeping Beam","Melter+1","Coolheaded"],"picked":"Ball Lightning","floor":45},{"not_picked":["Aggregate+1","Coolheaded","Auto Shields","Redo"],"picked":"SKIP","floor":46},{"not_picked":["Leap","Streamline","Go for the Eyes+1"],"picked":"Glacier","floor":48}],"player_experience":962497,"relics_obtained":[{"floor":7,"key":"Shovel"},{"floor":9,"key":"HornCleat"},{"floor":14,"key":"Lantern"},{"floor":15,"key":"Ancient Tea Set"},{"floor":26,"key":"Juzu Bracelet"},{"floor":40,"key":"Matryoshka"},{"floor":42,"key":"Pen Nib"},{"floor":43,"key":"Gremlin Horn"},{"floor":43,"key":"Question Card"},{"floor":44,"key":"Bag of Marbles"},{"floor":47,"key":"MawBank"},{"floor":49,"key":"War Paint"}],"event_choices":[{"damage_healed":0,"gold_gain":0,"player_choice":"Gave Potion","damage_taken":0,"relics_obtained":["Nunchaku"],"max_hp_gain":0,"max_hp_loss":0,"event_name":"WeMeetAgain","floor":10,"gold_loss":0},{"cards_removed":["Strike_B"],"damage_healed":0,"gold_gain":0,"player_choice":"Elegance","damage_taken":0,"max_hp_gain":0,"max_hp_loss":0,"event_name":"Back to Basics","floor":20,"gold_loss":0},{"damage_healed":0,"gold_gain":0,"player_choice":"Ignored","damage_taken":0,"max_hp_gain":0,"max_hp_loss":0,"event_name":"The Mausoleum","floor":23,"gold_loss":0},{"damage_healed":0,"gold_gain":0,"player_choice":"Paid Fearfully","damage_taken":0,"max_hp_gain":0,"max_hp_loss":0,"event_name":"Masked Bandits","floor":29,"gold_loss":5},{"damage_healed":10,"gold_gain":0,"player_choice":"Full Heal","damage_taken":0,"max_hp_gain":0,"max_hp_loss":0,"event_name":"Wheel of Change","floor":37,"gold_loss":0},{"damage_healed":0,"gold_gain":0,"player_choice":"Memory 1","damage_taken":0,"max_hp_gain":0,"max_hp_loss":0,"event_name":"SensoryStone","floor":41,"gold_loss":0}],"is_beta":false,"boss_relics":[{"not_picked":["Tiny House","Black Star"],"picked":"Runic Pyramid"},{"not_picked":["FrozenCore","Inserter"],"picked":"Fusion Hammer"}],"items_purged_floors":[22,28],"is_endless":false,"potions_floor_spawned":[4,5,7,24,25,33,40,48],"ascension_level":19}}