{"host":"z9mq1tf06lkrncmk","time":1610247827,"event":{"mods":["Aspiration","BaseMod","Conspire","GifTheSpireLib","Hermit","Hubris","Minty Spire (QoL Compilation)","RatMod","Remilia??????","Replay The Spire","Robot Space Explorer","Shade Mod","StSLib","Td1madao Mod","The Cursed","The Disciple","The Dragon Tamer","The Hierophant","The Jungle","The Marked","The Necromancer","The Senshi","The Servant 0.9.4"],"gold_per_floor":[112,130,146,346,306,306,326,326,326,326,276,306,229,245,245,348,448,463,481,510,510,522,522,549,549,549],"floor_reached":25,"playtime":965,"items_purged":[],"score":221,"play_id":"09a43d5a-21ce-4ad6-a8c3-f4f8b57bd8b4","local_time":"20210109220347","is_ascension_mode":false,"campfire_choices":[{"floor":6,"key":"REST"},{"data":"theMarked:RogueSparks","floor":8,"key":"SMITH"},{"data":"theMarked:SwordAndMagic","floor":10,"key":"SMITH"},{"floor":15,"key":"REST"},{"floor":23,"key":"REST"}],"circlet_count":0,"master_deck":["theMarked:Strike","theMarked:Strike","theMarked:Strike","theMarked:Strike","theMarked:Defend","theMarked:Defend","theMarked:Defend","theMarked:Defend","theMarked:SoldierOfQuellstein","theMarked:RogueSparks+1","theMarked:WardOff","theMarked:SwordAndMagic+1","theMarked:ResourceFulStrike","theMarked:MysticalArsenal","theMarked:Opportunist","theMarked:RogueSparks","theMarked:BindingBlade","theMarked:Improvise","theMarked:HeritageOfTheMarked"],"relics":["theMarked:ArtifactOfAir","conspire:BottledYoYo","Toy Ornithopter","Replay:Wanted Poster","ReplayTheSpireMod:TigerMarble","hubris:FunFungus"],"acts_visited":["Exordium","TheCity"],"potions_floor_usage":[7,16,19,24,24],"damage_taken":[{"damage":0,"enemies":"Small Slimes","floor":1,"turns":4},{"damage":0,"enemies":"2 Louse","floor":2,"turns":3},{"damage":2,"enemies":"Jaw Worm","floor":3,"turns":5},{"damage":1,"enemies":"Large Slime","floor":7,"turns":4},{"damage":13,"enemies":"Lagavulin","floor":12,"turns":5},{"damage":9,"enemies":"3 Louse","floor":14,"turns":3},{"damage":44,"enemies":"Hexaghost","floor":16,"turns":8},{"damage":12,"enemies":"Shell Parasite","floor":18,"turns":4},{"damage":28,"enemies":"2 Thieves","floor":19,"turns":4},{"damage":19,"enemies":"conspire:MimicChest","floor":20,"turns":6},{"damage":8,"enemies":"Snake Plant","floor":22,"turns":2},{"damage":33,"enemies":"Book of Stabbing","floor":24,"turns":5},{"damage":21,"enemies":"Centurion and Healer","floor":25,"turns":2}],"seed_played":"8517921631093944507","potions_obtained":[{"floor":1,"key":"Energy Potion"},{"floor":2,"key":"Reflective Coating"},{"floor":14,"key":"theMarked:ChargePotion"},{"floor":16,"key":"Cursed Concoction"},{"floor":19,"key":"Dexterity Potion"},{"floor":20,"key":"conspire:TimeTravelPotion"}],"is_trial":false,"path_per_floor":["M","M","M","?","?","R","M","R","T","R","?","E","$","M","R","B",null,"M","M","?","?","M","R","E","M"],"character_chosen":"THE_DEFAULT","items_purchased":["theMarked:Opportunist"],"campfire_rested":3,"item_purchase_floors":[13],"current_hp_per_floor":[77,77,75,45,45,68,67,67,67,67,67,54,54,45,68,29,77,65,42,23,23,15,38,15,0,0],"gold":549,"neow_bonus":"TEN_PERCENT_HP_BONUS","is_daily":false,"chose_seed":false,"campfire_upgraded":2,"win_rate":0.0,"timestamp":1610247827,"path_taken":["M","M","M","?","?","R","M","R","T","R","?","E","$","M","R","BOSS","M","M","?","?","M","R","E","?"],"items_purchased_type":["Card"],"build_version":"2020-12-22","purchased_purges":0,"victory":false,"max_hp_per_floor":[77,77,77,77,77,77,77,77,77,77,77,77,77,77,77,77,77,77,77,77,77,77,77,77,77,77],"card_choices":[{"not_picked":["theMarked:ContemptForTheProud","theMarked:Parry","theMarked:RepellingDischarge"],"picked":"SKIP","floor":1},{"not_picked":["theMarked:EmpowerWeapon","theMarked:ReduceFriction"],"picked":"theMarked:RogueSparks","floor":2},{"not_picked":["theMarked:Indomitable","theMarked:HeightenedSenses"],"picked":"theMarked:WardOff","floor":3},{"not_picked":["theMarked:Aftermath","theMarked:AttractMetal"],"picked":"theMarked:SwordAndMagic","floor":4},{"not_picked":["theMarked:HeightenedSenses","theMarked:TwofoldDefense"],"picked":"theMarked:ResourceFulStrike","floor":7},{"not_picked":["theMarked:ChannelForce","theMarked:ElectricStrings"],"picked":"theMarked:MysticalArsenal","floor":12},{"not_picked":["theMarked:Improvise","theMarked:HeightenedSenses"],"picked":"theMarked:RogueSparks","floor":14},{"not_picked":["theMarked:FavorableWinds","theMarked:SuspiciousRaven"],"picked":"theMarked:BindingBlade","floor":16},{"not_picked":["theMarked:WastefulDefense","theMarked:Standoff","theMarked:Aftermath"],"picked":"SKIP","floor":18},{"not_picked":["theMarked:Parry","theMarked:WastefulAttack","theMarked:Overthink+1"],"picked":"SKIP","floor":19},{"not_picked":["theMarked:Static","theMarked:WastefulDefense"],"picked":"theMarked:Improvise","floor":20},{"not_picked":["theMarked:ChainLightning","theMarked:StartUp","theMarked:RepellingDischarge+1"],"picked":"SKIP","floor":22},{"not_picked":["theMarked:MaelstromOfLightning","theMarked:WastefulAttack+1"],"picked":"theMarked:HeritageOfTheMarked","floor":24}],"player_experience":410783,"relics_obtained":[{"floor":9,"key":"conspire:BottledYoYo"},{"floor":12,"key":"Toy Ornithopter"},{"floor":20,"key":"ReplayTheSpireMod:TigerMarble"},{"floor":24,"key":"hubris:FunFungus"}],"event_choices":[{"damage_healed":0,"gold_gain":0,"player_choice":"Left Gold","damage_taken":0,"max_hp_gain":0,"max_hp_loss":0,"event_name":"World of Goop","floor":5,"gold_loss":40},{"cards_removed":["theMarked:Strike"],"damage_healed":0,"gold_gain":0,"player_choice":"Card Removal","damage_taken":0,"max_hp_gain":0,"max_hp_loss":0,"event_name":"The Cleric","floor":11,"gold_loss":50},{"damage_healed":0,"gold_gain":0,"player_choice":"Leave","damage_taken":0,"max_hp_gain":0,"max_hp_loss":0,"event_name":"FaceTrader","floor":21,"gold_loss":0}],"is_beta":false,"boss_relics":[{"not_picked":["conspire:SeveredTorchhead","conspire:SlowCooker"],"picked":"Replay:Wanted Poster"}],"items_purged_floors":[],"is_endless":false,"potions_floor_spawned":[1,2,14,16,19,20],"killed_by":"Centurion and Healer","ascension_level":0}}