{"host":"vpaavrwbmey593fx","time":1610250315,"event":{"mods":["AchievementEnabler","BaseMod","Colored Map","Colored Powertips","DeckTracker","Minty Spire (QoL Compilation)","Relic Sorter"],"gold_per_floor":[360,373,172,186,203,203,236,251,277,277,277,232,251,266,266,366,366,380,455,473,493,508,508,508,508],"floor_reached":24,"playtime":2954,"items_purged":["Doubt"],"score":232,"play_id":"84d13deb-c8b7-438d-9f20-7115a21b86fe","local_time":"20210109194515","is_ascension_mode":true,"campfire_choices":[{"data":"Searing Blow","floor":6.0,"key":"SMITH"},{"data":"Searing Blow+1","floor":10.0,"key":"SMITH"},{"data":"Armaments","floor":15.0,"key":"SMITH"},{"floor":23,"key":"REST"}],"circlet_count":0,"master_deck":["Strike_R","Strike_R","Strike_R","Strike_R","Strike_R","Defend_R","Defend_R","Defend_R","Defend_R","Bash","Shrug It Off","Hemokinesis","Shrug It Off","Disarm","Searing Blow+3","Armaments+1","Burning Pact"],"relics":["Black Blood","Centennial Puzzle","Bag of Marbles"],"acts_visited":["Exordium","TheCity"],"potions_floor_usage":[22,22,24,24],"damage_taken":[{"damage":11.0,"enemies":"Cultist","floor":1.0,"turns":5.0},{"damage":11.0,"enemies":"2 Louse","floor":2.0,"turns":3.0},{"damage":4.0,"enemies":"Small Slimes","floor":4.0,"turns":4.0},{"damage":11.0,"enemies":"Exordium Wildlife","floor":5.0,"turns":4.0},{"damage":47.0,"enemies":"Gremlin Nob","floor":7.0,"turns":5.0},{"damage":4.0,"enemies":"3 Louse","floor":8.0,"turns":4.0},{"damage":7.0,"enemies":"Lots of Slimes","floor":13.0,"turns":6.0},{"damage":3.0,"enemies":"Blue Slaver","floor":14.0,"turns":4.0},{"damage":26.0,"enemies":"Hexaghost","floor":16.0,"turns":12.0},{"damage":5.0,"enemies":"Spheric Guardian","floor":18.0,"turns":3.0},{"damage":32.0,"enemies":"Shell Parasite","floor":20.0,"turns":11.0},{"damage":67.0,"enemies":"Cultist and Chosen","floor":21.0,"turns":8.0},{"damage":45,"enemies":"Chosen and Byrds","floor":22,"turns":9},{"damage":46,"enemies":"Slavers","floor":24,"turns":4}],"seed_played":"1738154553492778588","potions_obtained":[{"floor":2.0,"key":"FairyPotion"},{"floor":14.0,"key":"BloodPotion"},{"floor":20.0,"key":"Dexterity Potion"},{"floor":21.0,"key":"Block Potion"},{"floor":22,"key":"CultistPotion"}],"is_trial":false,"path_per_floor":["M","M","$","M","M","R","E","M","T","R","?","?","M","M","R","B",null,"M","?","M","M","M","R","E"],"character_chosen":"IRONCLAD","items_purchased":["Hemokinesis","Shrug It Off"],"campfire_rested":1,"item_purchase_floors":[3,3],"current_hp_per_floor":[75,70,70,72,67,67,26,28,28,28,28,28,27,30,30,10,80,80,72,52,34,17,41,0,0],"gold":508,"neow_bonus":"TWO_FIFTY_GOLD","is_daily":false,"chose_seed":false,"campfire_upgraded":3,"win_rate":0.0,"timestamp":1610250315,"path_taken":["M","M","?","M","M","R","E","M","T","R","?","?","M","?","R","BOSS","M","?","M","M","M","R","E"],"items_purchased_type":["Card","Card"],"build_version":"2020-12-22","purchased_purges":1,"victory":false,"max_hp_per_floor":[80,80,80,80,80,80,80,80,80,80,80,80,80,80,80,80,80,80,80,80,80,80,80,80,80],"card_choices":[{"not_picked":["Dark Embrace","Second Wind","Twin Strike"],"picked":"SKIP","floor":1.0},{"not_picked":["Warcry","Carnage"],"picked":"Shrug It Off","floor":2.0},{"not_picked":["Pommel Strike","Infernal Blade"],"picked":"Disarm","floor":4.0},{"not_picked":["Headbutt","Clash"],"picked":"Searing Blow","floor":5.0},{"not_picked":["Sentinel","Sword Boomerang","Wild Strike"],"picked":"SKIP","floor":7.0},{"not_picked":["Thunderclap","Clothesline","Carnage"],"picked":"SKIP","floor":8.0},{"not_picked":["Anger","Cleave","Havoc"],"picked":"SKIP","floor":13.0},{"not_picked":["Seeing Red","Disarm"],"picked":"Armaments","floor":14.0},{"not_picked":["Warcry","Headbutt"],"picked":"Burning Pact","floor":18.0},{"not_picked":["Dual Wield","Pommel Strike","Wild Strike"],"picked":"SKIP","floor":20.0},{"not_picked":["Armaments","Metallicize","Bloodletting"],"picked":"SKIP","floor":21.0},{"not_picked":["Clothesline","Clash","Combust"],"picked":"SKIP","floor":22}],"player_experience":149352,"relics_obtained":[{"floor":7.0,"key":"Centennial Puzzle"},{"floor":9.0,"key":"Bag of Marbles"}],"event_choices":[{"damage_healed":0.0,"max_hp_gain":0.0,"max_hp_loss":0.0,"gold_gain":0.0,"event_name":"Living Wall","player_choice":"Grow","floor":11.0,"gold_loss":0.0,"damage_taken":0.0,"cards_upgraded":["Searing Blow"]},{"damage_healed":0.0,"max_hp_gain":0.0,"max_hp_loss":0.0,"gold_gain":0.0,"event_name":"World of Goop","player_choice":"Left Gold","floor":12.0,"gold_loss":45.0,"damage_taken":0.0},{"damage_healed":0.0,"max_hp_gain":0.0,"max_hp_loss":0.0,"gold_gain":75.0,"event_name":"FaceTrader","player_choice":"Touch","floor":19.0,"gold_loss":0.0,"damage_taken":8.0}],"is_beta":false,"boss_relics":[{"not_picked":["Runic Pyramid","Busted Crown"],"picked":"Black Blood"}],"items_purged_floors":[3],"is_endless":false,"potions_floor_spawned":[2,14,20,21,22],"killed_by":"Slavers","ascension_level":3}}