{"host":"cv77zuuuekizn3ic","time":1610269907,"event":{"mods":["AchievementEnabler","BaseMod","Marisa£®ÏF”Í°°ƒß¿Ì…≥£©","Minty Spire (QoL Compilation)","StSLib","Waifu the Spire","everything is the same but u backflip on backflip","slay the spire mod where everything is the same but ironclad has a cowboy hat"],"gold_per_floor":[110,128,128,128,3,34,70,82,94,117,159,191,228,251,263,275,275],"floor_reached":16,"playtime":820,"items_purged":["Defend_R"],"score":240,"play_id":"ea2bd87f-96ff-496e-899e-fc0e4ae76bae","local_time":"20210110171147","is_ascension_mode":true,"campfire_choices":[{"data":"Pommel Strike","floor":8.0,"key":"SMITH"},{"data":"Havoc","floor":15.0,"key":"SMITH"}],"circlet_count":0,"master_deck":["AscendersBane","Strike_R","Strike_R","Strike_R","Defend_R","Defend_R","Bash","Rage","Cleave","Searing Blow","Feel No Pain","Pommel Strike+1","Body Slam","Feel No Pain+1","Havoc+1","Barricade+1"],"relics":["Burning Blood","MawBank","Art of War","Frozen Egg 2","Ginger","Blue Candle"],"acts_visited":["Exordium"],"potions_floor_usage":[16],"damage_taken":[{"damage":5.0,"enemies":"Cultist","floor":1.0,"turns":4.0},{"damage":2.0,"enemies":"2 Louse","floor":2.0,"turns":3.0},{"damage":14.0,"enemies":"3 Sentries","floor":6.0,"turns":9.0},{"damage":5.0,"enemies":"Jaw Worm","floor":10.0,"turns":4.0},{"damage":40.0,"enemies":"Lagavulin","floor":11.0,"turns":7.0},{"damage":16.0,"enemies":"Looter","floor":12.0,"turns":3.0},{"damage":2.0,"enemies":"Gremlin Nob","floor":13.0,"turns":3.0},{"damage":22.0,"enemies":"Exordium Thugs","floor":14.0,"turns":4.0},{"damage":18,"enemies":"The Guardian","floor":16,"turns":4}],"seed_played":"-3575007277131350674","potions_obtained":[{"floor":2.0,"key":"BloodPotion"},{"floor":11.0,"key":"Energy Potion"},{"floor":12.0,"key":"Strength Potion"},{"floor":14.0,"key":"Strength Potion"}],"is_trial":false,"path_per_floor":["M","M","?","?","$","E","T","R","T","M","E","M","E","M","R","B"],"character_chosen":"IRONCLAD","items_purchased":["Pommel Strike"],"campfire_rested":0,"item_purchase_floors":[5],"current_hp_per_floor":[51,55,55,60,60,52,52,52,52,53,19,25,29,13,13,0,0],"gold":275,"neow_bonus":"TRANSFORM_TWO_CARDS","is_daily":false,"chose_seed":false,"campfire_upgraded":2,"win_rate":0.0,"timestamp":1610269907,"path_taken":["M","?","?","?","$","E","?","R","T","M","E","M","E","M","R","BOSS"],"items_purchased_type":["Card"],"build_version":"2020-12-22","purchased_purges":1,"victory":false,"max_hp_per_floor":[75,75,75,80,80,80,80,80,80,80,80,80,80,80,80,80,80],"card_choices":[{"not_picked":["Body Slam","Dropkick"],"picked":"Searing Blow","floor":1.0},{"not_picked":["True Grit","Metallicize"],"picked":"Feel No Pain","floor":2.0},{"not_picked":["Reaper","Sword Boomerang"],"picked":"Body Slam","floor":6.0},{"not_picked":["Heavy Blade","Cleave","Flex"],"picked":"SKIP","floor":10.0},{"not_picked":["Searing Blow","Limit Break"],"picked":"Feel No Pain+1","floor":11.0},{"not_picked":["Clothesline","Intimidate"],"picked":"Havoc","floor":12.0},{"not_picked":["Havoc","Pommel Strike"],"picked":"Barricade+1","floor":13.0},{"not_picked":["Headbutt","Dual Wield","Sword Boomerang"],"picked":"SKIP","floor":14.0}],"player_experience":828342,"relics_obtained":[{"floor":6.0,"key":"MawBank"},{"floor":7.0,"key":"Art of War"},{"floor":9.0,"key":"Frozen Egg 2"},{"floor":11.0,"key":"Ginger"},{"floor":13.0,"key":"Blue Candle"}],"event_choices":[{"cards_removed":["Defend_R"],"damage_healed":0.0,"max_hp_gain":0.0,"max_hp_loss":0.0,"gold_gain":0.0,"event_name":"Living Wall","player_choice":"Forget","floor":3.0,"gold_loss":0.0,"damage_taken":0.0},{"damage_healed":0.0,"max_hp_gain":5.0,"max_hp_loss":0.0,"gold_gain":0.0,"event_name":"Big Fish","player_choice":"Donut","floor":4.0,"gold_loss":0.0,"damage_taken":0.0}],"is_beta":false,"boss_relics":[],"items_purged_floors":[5],"is_endless":false,"potions_floor_spawned":[2,11,12,14],"killed_by":"The Guardian","ascension_level":20}}