{"host":"lsq35p0sdkx2xifo","time":1610283651,"event":{"mods":["AchievementEnabler","BaseMod","Highlight Path","Minty Spire (QoL Compilation)","StSLib","The Senshi"],"gold_per_floor":[116,19,39,50,50,50,62,100,123,34,63,63,88,122,122,208,208,230,249,64,86,86,86],"floor_reached":22,"playtime":1197,"items_purged":[],"score":327,"play_id":"9034f22b-9c78-4582-a7c5-214dabc2e101","local_time":"20210110050051","is_ascension_mode":true,"campfire_choices":[{"data":"Neutralize","floor":6,"key":"SMITH"},{"floor":12,"key":"REST"},{"floor":15,"key":"REST"}],"circlet_count":0,"master_deck":["AscendersBane","Strike_G+1","Strike_G","Strike_G","Strike_G","Strike_G+1","Defend_G","Defend_G","Defend_G","Defend_G","Defend_G","Survivor","Neutralize+1","Footwork","Quick Slash","Blind+1","Flying Knee","Dagger Spray","Bouncing Flask","Deadly Poison","Envenom","Flying Knee","Cloak And Dagger","Cloak And Dagger","Deflect","Corpse Explosion","Concentrate+1","Footwork","Apotheosis","Prepared"],"relics":["Ring of the Snake","CeramicFish","MawBank","Whetstone","SlaversCollar"],"acts_visited":["Exordium","TheCity"],"potions_floor_usage":[8,13,16,19,22],"damage_taken":[{"damage":3,"enemies":"Cultist","floor":1,"turns":4},{"damage":4,"enemies":"Small Slimes","floor":3,"turns":4},{"damage":6,"enemies":"2 Louse","floor":4,"turns":4},{"damage":3,"enemies":"Blue Slaver","floor":7,"turns":4},{"damage":16,"enemies":"Lagavulin","floor":8,"turns":5},{"damage":13,"enemies":"Exordium Wildlife","floor":11,"turns":4},{"damage":0,"enemies":"2 Fungi Beasts","floor":13,"turns":2},{"damage":19,"enemies":"3 Sentries","floor":14,"turns":8},{"damage":17,"enemies":"Hexaghost","floor":16,"turns":9},{"damage":24,"enemies":"Shell Parasite","floor":18,"turns":9},{"damage":3,"enemies":"Chosen","floor":19,"turns":5},{"damage":30,"enemies":"Snake Plant","floor":21,"turns":4},{"damage":4,"enemies":"Sentry and Sphere","floor":22,"turns":2}],"seed_played":"8156388360795179249","potions_obtained":[{"floor":7,"key":"PowerPotion"},{"floor":8,"key":"Ancient Potion"},{"floor":11,"key":"Fire Potion"},{"floor":14,"key":"LiquidBronze"},{"floor":19,"key":"Weak Potion"}],"is_trial":false,"path_per_floor":["M","$","M","M","?","R","M","E","T","$","M","R","M","E","R","B",null,"M","M","$","M","M"],"character_chosen":"THE_SILENT","items_purchased":["Blind","Envenom","Flying Knee","Apotheosis"],"campfire_rested":2,"item_purchase_floors":[2,10,10,20],"current_hp_per_floor":[60,60,56,50,50,50,47,31,31,31,18,39,39,20,41,24,59,35,32,32,2,0,0],"gold":86,"neow_bonus":"THREE_CARDS","is_daily":false,"chose_seed":false,"campfire_upgraded":1,"win_rate":0.0,"timestamp":1610283651,"path_taken":["M","$","M","?","?","R","M","E","T","$","M","R","M","E","R","BOSS","M","M","$","M","M"],"items_purchased_type":["Card","Card","Card","Card"],"build_version":"2020-12-22","purchased_purges":0,"victory":false,"max_hp_per_floor":[70,70,70,70,70,70,70,70,70,70,70,70,70,70,70,70,70,70,70,70,70,70,70],"card_choices":[{"not_picked":["Acrobatics","Dagger Spray"],"picked":"Footwork","floor":0},{"not_picked":["Prepared","Underhanded Strike"],"picked":"Quick Slash","floor":1},{"not_picked":["Bouncing Flask","Expertise"],"picked":"Flying Knee","floor":3},{"not_picked":["Underhanded Strike","All Out Attack"],"picked":"Dagger Spray","floor":4},{"not_picked":["Expertise","Finisher"],"picked":"Bouncing Flask","floor":7},{"not_picked":["Reflex","Dagger Throw"],"picked":"Deadly Poison","floor":8},{"not_picked":["Tactician","Deadly Poison"],"picked":"Cloak And Dagger","floor":11},{"not_picked":["Outmaneuver","Quick Slash"],"picked":"Cloak And Dagger","floor":13},{"not_picked":["Prepared","All Out Attack"],"picked":"Deflect","floor":14},{"not_picked":["Bullet Time","Phantasmal Killer"],"picked":"Corpse Explosion","floor":16},{"not_picked":["Deadly Poison","Flying Knee"],"picked":"Concentrate+1","floor":18},{"not_picked":["Terror+1","Dagger Throw"],"picked":"Footwork","floor":19},{"not_picked":["Bane","Sucker Punch"],"picked":"Prepared","floor":21}],"player_experience":1329634,"relics_obtained":[{"floor":8,"key":"CeramicFish"},{"floor":9,"key":"MawBank"},{"floor":14,"key":"Whetstone"}],"event_choices":[{"damage_healed":0,"gold_gain":0,"player_choice":"Grow","damage_taken":0,"max_hp_gain":0,"max_hp_loss":0,"event_name":"Living Wall","floor":5,"gold_loss":0,"cards_upgraded":["Blind"]}],"is_beta":false,"boss_relics":[{"not_picked":["Astrolabe","Calling Bell"],"picked":"SlaversCollar"}],"items_purged_floors":[],"is_endless":false,"potions_floor_spawned":[7,8,11,14,19],"killed_by":"Sentry and Sphere","ascension_level":13}}