{"host":"u7y6mp3waw4jt65j","time":1610244859,"event":{"mods":["ATMod(阿瑾Mod)","Aspiration","BaseMod","Minty Spire (QoL Compilation)","Replay The Spire","StSLib","TestMod","【功能Mod】聪明的最终Boss","【遗物卡牌】REMEMod"],"gold_per_floor":[110,122,122,122,137,137,150,177,253,283,300,300,312,277,277,380,380,398,398,415,415,415,415,447,447,495,495,512,512,316,332,332,332,332],"floor_reached":33,"playtime":1268,"items_purged":[],"score":435,"play_id":"88ad66f2-4e58-4e05-8a33-eafb9ffd9215","local_time":"20210110101419","is_ascension_mode":true,"campfire_choices":[{"data":"AT_DrawKnifeCut","floor":6,"key":"SMITH"},{"data":"ReplayTheSpireMod:Limb From Limb","floor":12,"key":"SMITH"},{"floor":23,"key":"REST"},{"floor":25,"key":"REST"},{"data":"Sword Boomerang","floor":27,"key":"SMITH"},{"data":"Armaments","floor":32,"key":"SMITH"}],"circlet_count":0,"master_deck":["Strike_R+1","Strike_R","Strike_R","Strike_R+1","Strike_R","Defend_R","Defend_R","Defend_R","Defend_R","Bash","AT_DrawKnifeCut+1","Sword Boomerang+1","ReplayTheSpireMod:Limb From Limb+1","Replay:Undeath\u0027s Touch","Heavy Blade","Cleave","Limit Break","Burning Pact+1","Ghostly Armor+1","Berserk+1","ReplayTheSpireMod:Strike From Hell","Anger","Twin Strike","Pommel Strike","Perfected Strike","Armaments+1","Flex+1","Anger","Replay:Undeath\u0027s Touch","Evolve","Wild Strike"],"relics":["Burning Blood","AT_ATBox","REME_ComplimentaryCards","testmod-TestBox","testmod-LifeArmor","Juzu Bracelet","Ancient Tea Set","Blue Candle","TungstenRod","ReplayTheSpireMod:TigerMarble","Astrolabe","MutagenicStrength","AT_BladeRuinedKing","AT_SpeedBoots","BargainBundle"],"acts_visited":["Exordium","TheCity"],"potions_floor_usage":[10,30,33],"damage_taken":[{"damage":0,"enemies":"Jaw Worm","floor":1,"turns":1},{"damage":0,"enemies":"2 Louse","floor":2,"turns":1},{"damage":10,"enemies":"Small Slimes","floor":5,"turns":2},{"damage":16,"enemies":"2 Fungi Beasts","floor":7,"turns":3},{"damage":0,"enemies":"Gremlin Nob","floor":8,"turns":2},{"damage":29,"enemies":"3 Sentries","floor":10,"turns":6},{"damage":0,"enemies":"3 Louse","floor":11,"turns":1},{"damage":7,"enemies":"Large Slime","floor":13,"turns":3},{"damage":22,"enemies":"Slime Boss","floor":16,"turns":11},{"damage":20,"enemies":"Spheric Guardian","floor":18,"turns":4},{"damage":38,"enemies":"Shell Parasite","floor":20,"turns":5},{"damage":24,"enemies":"Slavers","floor":24,"turns":4},{"damage":8,"enemies":"Shelled Parasite and Fungi","floor":28,"turns":3},{"damage":5,"enemies":"3 Cultists","floor":31,"turns":3},{"damage":86,"enemies":"Automaton","floor":33,"turns":6}],"seed_played":"-3642363300032104745","potions_obtained":[{"floor":2,"key":"Elixir"},{"floor":8,"key":"BloodPotion"},{"floor":10,"key":"Milkshake"},{"floor":20,"key":"DuplicationPotion"}],"is_trial":false,"path_per_floor":["M","M","?","?","M","R","M","E","T","E","M","R","M","?","R","B",null,"M","?","M","?","?","R","E","R","T","R","M","?","$","M","R","B"],"character_chosen":"IRONCLAD","items_purchased":["BargainBundle","Armaments","Flex+1","Anger","Replay:Undeath\u0027s Touch","Evolve","BloodPotion","Explosive Potion"],"campfire_rested":2,"item_purchase_floors":[30,30,30,30,30,30,30,30],"current_hp_per_floor":[78,80,80,64,60,60,50,56,56,49,55,55,54,74,74,58,75,61,61,29,29,29,53,35,59,59,59,57,57,73,74,74,0,0],"gold":332,"neow_bonus":"THREE_ENEMY_KILL","is_daily":false,"chose_seed":false,"campfire_upgraded":4,"win_rate":0.0,"timestamp":1610244859,"path_taken":["M","M","?","?","M","R","M","E","T","E","M","R","M","?","R","BOSS","M","?","M","?","?","R","E","R","T","R","M","?","$","M","R","BOSS"],"items_purchased_type":["Relic","Card","Card","Card","Card","Card","Potion","Potion"],"build_version":"2020-12-22","purchased_purges":0,"victory":false,"max_hp_per_floor":[80,80,80,80,80,80,80,80,80,80,80,80,80,80,80,80,80,80,80,80,80,80,80,80,80,80,80,80,80,80,80,80,80,80],"card_choices":[{"not_picked":["Clothesline","Body Slam"],"picked":"Sword Boomerang","floor":1},{"not_picked":["ReplayTheSpireMod:LeadingStrike","Sever Soul"],"picked":"ReplayTheSpireMod:Limb From Limb","floor":2},{"not_picked":["Pummel","Battle Trance"],"picked":"Replay:Undeath\u0027s Touch","floor":5},{"not_picked":["Abandon","Corruption"],"picked":"Run Through","floor":7},{"not_picked":["Feel No Pain","Carnage"],"picked":"Heavy Blade","floor":8},{"not_picked":["Iron Wave","Wild Strike"],"picked":"Cleave","floor":10},{"not_picked":["AT_BodySlamDance","Exhume","Disarm"],"picked":"SKIP","floor":11},{"not_picked":["Wild Strike","AT_BodySlamDance"],"picked":"Shrug It Off","floor":13},{"not_picked":["Exhume","Hemogenesis"],"picked":"Limit Break","floor":16},{"not_picked":["Heavy Blade","Body Slam"],"picked":"ReplayTheSpireMod:Strike From Hell","floor":18},{"not_picked":["Sever Soul","Metallicize"],"picked":"Anger","floor":20},{"not_picked":["Battle Trance","AT_CaressingTears"],"picked":"Twin Strike","floor":24},{"not_picked":["ReplayTheSpireMod:Strike From Hell+1","Anger"],"picked":"Pommel Strike","floor":28},{"not_picked":["Life Link","REME_Cut"],"picked":"Wild Strike","floor":31}],"player_experience":110171,"relics_obtained":[{"floor":8,"key":"Ancient Tea Set"},{"floor":9,"key":"Blue Candle"},{"floor":10,"key":"TungstenRod"},{"floor":24,"key":"AT_BladeRuinedKing"},{"floor":26,"key":"AT_SpeedBoots"}],"event_choices":[{"damage_healed":0,"gold_gain":0,"player_choice":"Swap Relic","damage_taken":0,"relics_obtained":["Juzu Bracelet"],"max_hp_gain":0,"max_hp_loss":0,"event_name":"给自己的盒子","floor":3,"relics_lost":["NeowsBlessing"],"gold_loss":0},{"damage_healed":0,"gold_gain":0,"player_choice":"Entered Light","damage_taken":16,"max_hp_gain":0,"max_hp_loss":0,"event_name":"Shining Light","floor":4,"gold_loss":0,"cards_upgraded":["Strike_R","Strike_R"]},{"damage_healed":20,"gold_gain":0,"player_choice":"Healed","damage_taken":0,"max_hp_gain":0,"max_hp_loss":0,"event_name":"The Cleric","floor":14,"gold_loss":35},{"damage_healed":0,"gold_gain":0,"player_choice":"Box","damage_taken":0,"relics_obtained":["ReplayTheSpireMod:TigerMarble"],"max_hp_gain":0,"max_hp_loss":0,"event_name":"Big Fish","floor":15,"gold_loss":0,"cards_obtained":["Regret"]},{"damage_healed":0,"gold_gain":0,"player_choice":"Inject Mutagens","damage_taken":0,"relics_obtained":["MutagenicStrength"],"max_hp_gain":0,"max_hp_loss":0,"event_name":"Drug Dealer","floor":19,"gold_loss":0},{"damage_healed":0,"gold_gain":0,"player_choice":"Ignored","damage_taken":0,"max_hp_gain":0,"max_hp_loss":0,"event_name":"Beggar","floor":21,"gold_loss":0},{"cards_removed":["Regret"],"damage_healed":0,"gold_gain":0,"player_choice":"Removed Curses","damage_taken":0,"max_hp_gain":0,"max_hp_loss":0,"event_name":"Fountain of Cleansing","floor":22,"gold_loss":0},{"damage_healed":0,"gold_gain":0,"player_choice":"Read","damage_taken":0,"max_hp_gain":0,"max_hp_loss":0,"event_name":"The Library","floor":29,"gold_loss":0,"cards_obtained":["Perfected Strike"]}],"is_beta":false,"boss_relics":[{"not_picked":["testmod-NegativeEmotionEnhancer","Philosopher\u0027s Stone"],"picked":"Astrolabe"}],"items_purged_floors":[],"is_endless":false,"potions_floor_spawned":[2,8,10,20,24],"killed_by":"Automaton","ascension_level":9}}