{"host":"3zhcrllo23fhqv4x","time":1610295334,"event":{"mods":["AchievementEnabler","BaseMod","Downfall","Duelist Mod","Hermit","Jorbs\u0027s Wanderer Trilogy","Marisa????????","Minty Spire (QoL Compilation)","StSLib","The Cursed","The Hierophant","The Servant 0.9.4"],"gold_per_floor":[99,99,99,99,399,399,399,417,417,267,5,18,37,22,34,130,130,130,130,130,147,159,173,173,8,8,0,0,35,35,238,254,254,254,254],"floor_reached":33,"playtime":1597,"items_purged":["Slimebound:Icky","Regret"],"score":251,"play_id":"3ecd8eff-b49e-411b-bb6d-131e7574b7de","local_time":"20210110111534","is_ascension_mode":false,"campfire_choices":[{"floor":1,"key":"RECALL"},{"data":"Guardian:VentSteam","floor":10,"key":"SMITH"},{"data":"Guardian:TwinSlam","floor":18,"key":"SMITH"},{"floor":26,"key":"REST"},{"floor":30,"key":"REST"}],"circlet_count":0,"master_deck":["Guardian:Strike_Guardian","Guardian:Strike_Guardian","Guardian:Strike_Guardian+1","Guardian:Strike_Guardian+1","Guardian:Defend_Guardian","Guardian:Defend_Guardian","Guardian:Defend_Guardian","Guardian:Defend_Guardian+1","Guardian:CurlUp","Guardian:TwinSlam+1","Guardian:VentSteam+1","Guardian:CrystalBeam","Slimebound:Icky","Guardian:CrystalBeam","Guardian:PrismaticBarrier","Guardian:BronzeOrb","Guardian:Reroute","Guardian:StasisField","Guardian:ChargeUp","Guardian:HyperBeam_Guardian","Guardian:GuardianWhirl","Guardian:SpikerProtocol+1","Guardian:EvasiveProtocol","Guardian:CrystalBeam+1","Guardian:PrimingBeam+1","Guardian:ArmoredProtocol","Guardian:Gem_Purple","Guardian:WalkerClaw","Guardian:Incinerate"],"relics":["Guardian:ModeShifter","downfall:HeartsMalice","downfall:HeartBlessingRed","downfall:HeartBlessingBlue","Membership Card","Guardian:StasisSlotReductionRelic","downfall:RedIOU","Anchor","Bottled Tornado","Unceasing Top"],"acts_visited":["Exordium","TheCity"],"potions_floor_usage":[16,16,16,29,31,33,33],"damage_taken":[{"damage":0,"enemies":"Small Slimes","floor":3,"turns":1},{"damage":0,"enemies":"2 Louse","floor":4,"turns":1},{"damage":0,"enemies":"Jaw Worm","floor":6,"turns":1},{"damage":21,"enemies":"Blue Slaver","floor":8,"turns":5},{"damage":7,"enemies":"downfall:FleeingMerchant","floor":11,"turns":4},{"damage":13,"enemies":"Gremlin Gang","floor":12,"turns":5},{"damage":12,"enemies":"Large Slime","floor":13,"turns":6},{"damage":12,"enemies":"downfall:FleeingMerchant","floor":14,"turns":4},{"damage":2,"enemies":"Blue Slaver","floor":15,"turns":3},{"damage":25,"enemies":"downfall:Watcher","floor":16,"turns":8},{"damage":8,"enemies":"Spheric Guardian","floor":21,"turns":3},{"damage":11,"enemies":"Chosen","floor":22,"turns":6},{"damage":15,"enemies":"Sentry and Sphere","floor":23,"turns":5},{"damage":22,"enemies":"downfall:FleeingMerchant","floor":25,"turns":4},{"damage":19,"enemies":"downfall:FleeingMerchant","floor":27,"turns":4},{"damage":29,"enemies":"Gremlin Leader","floor":29,"turns":5},{"damage":14,"enemies":"downfall:FleeingMerchant","floor":31,"turns":3},{"damage":11,"enemies":"Snecko","floor":32,"turns":4},{"damage":34,"enemies":"downfall:Ironclad","floor":33,"turns":4}],"seed_played":"-3662119070291252951","potions_obtained":[{"floor":8,"key":"Guardian:BlockOnCardUsePotion"},{"floor":12,"key":"Block Potion"},{"floor":15,"key":"Explosive Potion"},{"floor":16,"key":"champ:CounterPotion"},{"floor":19,"key":"CultistPotion"},{"floor":21,"key":"Weak Potion"},{"floor":23,"key":"LiquidMemories"},{"floor":29,"key":"sneckomod:MuddlingPotion"}],"is_trial":false,"path_per_floor":["R","?","M","M","?","M","T","M","T","R","$","M","M","$","M","B",null,"R","?","?","M","M","M","T","$","R","$","?","E","R","$","M","B"],"character_chosen":"GUARDIAN","items_purchased":["Membership Card","Guardian:BronzeOrb","Guardian:Gem_Fragmented","Bottled Tornado","Guardian:EvasiveProtocol","Guardian:Gem_Purple","LiquidBronze","Guardian:WalkerClaw"],"campfire_rested":2,"item_purchase_floors":[11,11,11,25,25,31,31,31],"current_hp_per_floor":[80,80,80,80,80,80,80,59,59,69,62,49,37,25,23,23,90,90,90,90,82,71,56,56,34,61,42,42,13,40,26,15,0,0,0],"gold":254,"neow_bonus":"THREE_ENEMY_KILL","is_daily":false,"chose_seed":false,"campfire_upgraded":2,"win_rate":0.0,"timestamp":1610295334,"path_taken":["R","?","M","M","?","M","T","M","?","R","?","M","?","$","M","BOSS","R","?","?","M","?","M","T","$","R","$","?","E","R","?","M","BOSS"],"items_purchased_type":["Relic","Card","Card","Relic","Card","Card","Potion","Card"],"build_version":"2020-12-22","purchased_purges":2,"victory":false,"max_hp_per_floor":[80,80,80,80,80,80,80,80,80,90,90,90,90,90,90,90,90,90,90,90,90,90,90,90,90,90,90,90,90,90,90,90,90,90,90],"card_choices":[{"not_picked":["Guardian:Reroute","Guardian:Gem_Cyan"],"picked":"Guardian:VentSteam","floor":3},{"not_picked":["Guardian:TemporalShield","Guardian:Gem_Green"],"picked":"Guardian:CrystalBeam","floor":4},{"not_picked":["Guardian:ChargeCore","Guardian:PrimingBeam"],"picked":"Guardian:CrystalBeam","floor":6},{"not_picked":["Guardian:Reroute","Guardian:WalkerClaw"],"picked":"Guardian:Gem_Crimson","floor":8},{"not_picked":["Guardian:BronzeOrb","Guardian:SphericShield"],"picked":"Guardian:PrismaticBarrier","floor":11},{"not_picked":["Guardian:Reroute","Guardian:PrimingBeam"],"picked":"Guardian:Gem_Cyan","floor":12},{"not_picked":["Guardian:Planning","Guardian:ChargeCore"],"picked":"Guardian:Reroute","floor":13},{"not_picked":["Guardian:Repulse","Guardian:PrismaticBarrier"],"picked":"Guardian:StasisField","floor":14},{"not_picked":["Guardian:VentSteam","Guardian:Suspension"],"picked":"Guardian:ChargeUp","floor":15},{"not_picked":["Guardian:ExploitGems","Guardian:StasisField"],"picked":"Guardian:HyperBeam_Guardian","floor":16},{"not_picked":["Guardian:ChargeUp+1","Guardian:PrimingBeam"],"picked":"Guardian:GuardianWhirl","floor":21},{"not_picked":["Guardian:Suspension","Guardian:PrimingBeam"],"picked":"Guardian:SpikerProtocol+1","floor":22},{"not_picked":["Guardian:VentSteam","Guardian:ChargeCore"],"picked":"Guardian:Gem_Cyan","floor":23},{"not_picked":["Guardian:FloatingOrbs+1","Guardian:ExploitGems"],"picked":"Guardian:Gem_Purple","floor":25},{"not_picked":["Guardian:SentryBeam","Guardian:Reroute"],"picked":"Guardian:CrystalBeam+1","floor":27},{"not_picked":["Guardian:PiercingHide","Guardian:Planning"],"picked":"Guardian:PrimingBeam+1","floor":29},{"not_picked":["Guardian:Clone+1","Guardian:SentryBeam"],"picked":"Guardian:ArmoredProtocol","floor":31},{"not_picked":["Guardian:DecasProtection","Guardian:Gem_Blue"],"picked":"Guardian:Incinerate","floor":32}],"player_experience":278536,"relics_obtained":[{"floor":9,"key":"Pantograph"},{"floor":24,"key":"Anchor"},{"floor":29,"key":"Unceasing Top"}],"event_choices":[{"damage_healed":0,"gold_gain":0,"player_choice":"Ignored","damage_taken":0,"max_hp_gain":0,"max_hp_loss":0,"event_name":"Vampires","floor":28,"gold_loss":0}],"is_beta":false,"boss_relics":[{"not_picked":["Philosopher\u0027s Stone","Calling Bell"],"picked":"Guardian:StasisSlotReductionRelic"}],"items_purged_floors":[11,31],"is_endless":false,"potions_floor_spawned":[8,12,15,16,21,22,23,29],"killed_by":"downfall:Ironclad","ascension_level":0}}