{"host":"627up2rvtmm0cf0r","time":1610283876,"event":{"mods":["ATMod(°¢èªMod)","Act Like it!","BaseMod","Better Vampires","CapriCore","Card Filter","Card Forge","Colored Powertips","DeckTracker","Dota2Spire","Friendly Minions","Highlight Path","Infinite Spire","Jedi Mod","Marked Mod","Mimic Mod","Minty Spire (QoL Compilation)","MostiFishMod","Permanent Neow","Practice Mode","Quick Restart","Relic Stats","Shop Mod","Spicy Shops","StSLib","SuperFastMode","TestMod","The Marked","¡¾ÒÅÎï¿¨ÅÆ¡¿REMEMod","²ÐÁôÖ®Îï","óô»ðÖ¸ÄÏ"],"gold_per_floor":[117,117,132,57,97,130,130,130,168,168,182,194,49,77,77,179,179,193,118,134,134,152,152],"floor_reached":22,"playtime":1081,"items_purged":["testmod-Dream"],"score":398,"play_id":"a7066cc1-3b00-46a2-9c1d-59b45058fd4a","local_time":"20210110210436","is_ascension_mode":true,"campfire_choices":[{"data":"AT_ArcaneSupremacy","floor":7.0,"key":"SMITH"},{"floor":15.0,"key":"RECALL"}],"circlet_count":0,"master_deck":["Strike_G","Strike_G","Strike_G","Defend_G","Defend_G","Defend_G","Defend_G","Defend_G","Survivor","Neutralize","AT_ArcaneSupremacy+1","Escape Plan+1","Well Laid Plans+1"],"relics":["Ring of the Snake","Hammer of Thor","Seething Fire","Anvil of the Gods","DaveBox","testmod-TestBox","REME_ComplimentaryCards","AT_ATBox","NeowsBlessing","testmod-Nyarlathotep","FeatherPendant","SynthV:TestCard","Frozen Egg 2","Blood Vial","Regal Pillow","testmod-BlackFramedGlasses","Bag of Preparation","Dota2Spire:Bloodstone"],"acts_visited":["Exordium","TheCity"],"potions_floor_usage":[],"damage_taken":[{"damage":0.0,"enemies":"Cultist","floor":1.0,"turns":1.0},{"damage":0.0,"enemies":"2 Louse","floor":3.0,"turns":1.0},{"damage":0.0,"enemies":"Small Slimes","floor":5.0,"turns":3.0},{"damage":0.0,"enemies":"Gremlin Nob","floor":6.0,"turns":2.0},{"damage":0.0,"enemies":"3 Louse","floor":9.0,"turns":6.0},{"damage":0.0,"enemies":"3 Louse","floor":11.0,"turns":1.0},{"damage":0.0,"enemies":"2 Fungi Beasts","floor":12.0,"turns":4.0},{"damage":6.0,"enemies":"3 Sentries","floor":14.0,"turns":2.0},{"damage":12.0,"enemies":"The Guardian","floor":16.0,"turns":5.0},{"damage":3.0,"enemies":"3 Byrds","floor":18.0,"turns":5.0},{"damage":0.0,"enemies":"Shell Parasite","floor":20.0,"turns":4.0},{"damage":1.0,"enemies":"Centurion and Healer","floor":22.0,"turns":4.0}],"seed_played":"-5233333963597671015","potions_obtained":[{"floor":1.0,"key":"Dexterity Potion"},{"floor":5.0,"key":"Dexterity Potion"},{"floor":11.0,"key":"Swift Potion"},{"floor":16.0,"key":"Weak Potion"}],"is_trial":false,"path_per_floor":["M","?","M","$","M","E","R","?","MIM","?","M","M","R","E","R","B",null,"M","?","M","?","M"],"character_chosen":"THE_SILENT","items_purchased":["Regal Pillow","testmod-BlackFramedGlasses"],"campfire_rested":0,"item_purchase_floors":[13,13],"current_hp_per_floor":[70,70,70,70,70,70,70,63,63,46,48,50,50,54,54,49,70,70,70,70,70,70,70],"gold":152,"neow_bonus":"THREE_ENEMY_KILL","is_daily":false,"chose_seed":false,"campfire_upgraded":1,"win_rate":0.0,"timestamp":1610283876,"path_taken":["M","?","?","$","M","E","R","?","MIM","?","M","M","R","E","R","BOSS","M","?","M","?","?"],"items_purchased_type":["Relic","Relic"],"build_version":"2020-12-22","purchased_purges":1,"victory":false,"max_hp_per_floor":[70,70,70,70,70,70,70,70,70,70,70,70,70,70,70,70,70,70,70,70,70,70,70],"relic_stats":{"Blood Vial":8,"Regal Pillow":0,"counters":[12,38],"Bag of Preparation":[8],"obtain_stats":[{"Regal Pillow":13,"testmod-TestBox":0,"AT_ATBox":0,"DaveBox":0,"NeowsBlessing":0,"Hammer of Thor":0,"Dota2Spire:Bloodstone":17,"Bag of Preparation":14,"Seething Fire":0,"testmod-Nyarlathotep":0,"Frozen Egg 2":6,"testmod-BlackFramedGlasses":13,"Blood Vial":9,"SynthV:TestCard":1,"Anvil of the Gods":0,"FeatherPendant":0,"Ring of the Snake":0,"REME_ComplimentaryCards":0},{"Regal Pillow":7,"testmod-TestBox":0,"AT_ATBox":0,"DaveBox":0,"NeowsBlessing":0,"Hammer of Thor":0,"Dota2Spire:Bloodstone":9,"Bag of Preparation":8,"Seething Fire":0,"testmod-Nyarlathotep":0,"Frozen Egg 2":4,"testmod-BlackFramedGlasses":7,"Blood Vial":5,"SynthV:TestCard":1,"Anvil of the Gods":0,"FeatherPendant":0,"Ring of the Snake":0,"REME_ComplimentaryCards":0},{"Regal Pillow":18,"testmod-TestBox":0,"AT_ATBox":0,"DaveBox":0,"NeowsBlessing":0,"Hammer of Thor":0,"Dota2Spire:Bloodstone":25,"Bag of Preparation":20,"Seething Fire":0,"testmod-Nyarlathotep":0,"Frozen Egg 2":7,"testmod-BlackFramedGlasses":18,"Blood Vial":13,"SynthV:TestCard":1,"Anvil of the Gods":0,"FeatherPendant":0,"Ring of the Snake":0,"REME_ComplimentaryCards":0}],"Ring of the Snake":[24]},"card_choices":[{"not_picked":["Escape Plan","Prepared","jedi:poisonivy"],"picked":"SKIP","floor":1.0},{"not_picked":["Prepared","jedi:poisonivy"],"picked":"Escape Plan","floor":1.0},{"not_picked":["Dagger Spray","Choke","Catalyst","Dodge and Roll","Blade Dance"],"picked":"SKIP","floor":3.0},{"not_picked":["Dodge and Roll","Deadly Poison","Dagger Spray","AT_TinkerSharpsword","PiercingWail"],"picked":"SKIP","floor":5.0},{"not_picked":["Acrobatics","AT_WindFlip","Footwork+1","Distraction","jedi:collectorvenom"],"picked":"SKIP","floor":6.0},{"not_picked":["PiercingWail","Dagger Spray","Dash","Eviscerate"],"picked":"Well Laid Plans+1","floor":9.0},{"not_picked":["REME_ShadowForm+1","Blade Dance","Bane","AT_TwilightShroud","Flying Knee"],"picked":"SKIP","floor":11.0},{"not_picked":["Caltrops+1","MostiFishMod:InvigoratingSolution","Quick Slash","Skewer","Blur"],"picked":"SKIP","floor":12.0},{"not_picked":["Footwork+1","PiercingWail","Backflip","Sucker Punch","Outmaneuver"],"picked":"SKIP","floor":14.0},{"not_picked":["Quick Slash","Dodge and Roll","Outmaneuver","Riddle With Holes+1","Bane"],"picked":"SKIP","floor":18.0},{"not_picked":["AT_ShadowStep","Flying Knee","Die Die Die","Cloak And Dagger","Underhanded Strike"],"picked":"SKIP","floor":20.0}],"player_experience":83889,"relics_obtained":[{"floor":1.0,"key":"SynthV:TestCard"},{"floor":6.0,"key":"Frozen Egg 2"},{"floor":9.0,"key":"Blood Vial"},{"floor":14.0,"key":"Bag of Preparation"}],"event_choices":[{"damage_healed":0.0,"max_hp_gain":0.0,"max_hp_loss":0.0,"gold_gain":0.0,"event_name":"The Woman in Blue","player_choice":"Bought 0 Potions","floor":2.0,"gold_loss":0.0,"damage_taken":0.0},{"cards_removed":["Strike_G"],"damage_healed":0.0,"max_hp_gain":0.0,"max_hp_loss":0.0,"gold_gain":0.0,"event_name":"Golden Wing","player_choice":"Card Removal","floor":8.0,"gold_loss":0.0,"damage_taken":7.0},{"cards_removed":["Strike_G"],"damage_healed":0.0,"max_hp_gain":0.0,"max_hp_loss":0.0,"gold_gain":0.0,"event_name":"Beggar","player_choice":"Gave Gold","floor":19.0,"gold_loss":75.0,"damage_taken":0.0},{"damage_healed":0.0,"max_hp_gain":0.0,"max_hp_loss":0.0,"gold_gain":0.0,"event_name":"Upgrade Shrine","player_choice":"Upgraded","floor":21.0,"gold_loss":0.0,"damage_taken":0.0,"cards_upgraded":["Escape Plan"]}],"is_beta":false,"boss_relics":[{"not_picked":["ExusiaiGun","FixedStarFall"],"picked":"Dota2Spire:Bloodstone"}],"items_purged_floors":[4],"is_endless":false,"potions_floor_spawned":[1,5,11,16,18],"killed_by":"Centurion and Healer","ascension_level":3}}