{"host":"u7y9frlpoazak2mn","time":1610237875,"event":{"mods":["100% Spire Juice","2.2 Compatiblity","AchievementEnabler","Aspiration","BaseMod","Better Altar","Better Match","Better Note","Better Sensory Stone","Better Skull","Better Third Choice","CapriCore","Colored Powertips","Conspire","Downfall","Energized Spire","GifTheSpireLib","Halation","Hermit","Highlight Path","Hubris","Luminous","Marisa????????","Marked Mod","Mimic Mod","Minty Spire (QoL Compilation)","Permanent Neow","Rare Cards Sparkle","Relic Sorter","Remilia??????","Replay The Spire","Shade Mod","Somnambulant","Spikes Relics","StSLib","Stuff the Spire","Td1madao Mod","The Administrix","The Blue Laboratory","The Construct","The Cursed","The Forsaken","The Hierophant","The Immortal","The Judge","The Juggle","The Marked","The Mystic","The Necromancer","The Runesmith","The Senshi","The Servant 0.9.4","The Showman","TheBandit","TheFirefly","TheVacant","Transform Curses","Unceasing Turn Reminder","Waifu the Spire","Yakumo Yukari mod","Yuyuko","everything is the same but u backflip on backflip","slay the spire mod where everything is the same but ironclad has a cowboy hat","thorton"],"gold_per_floor":[119,139,139,149,3,3,3,3,35,62,62,62,62,78,78,78,78],"floor_reached":16,"playtime":1378,"items_purged":["theSenshi:SailorBlock"],"score":98,"play_id":"293c53ec-c878-4d09-b136-426444698bde","local_time":"20210109191755","is_ascension_mode":false,"campfire_choices":[{"data":"Echo Form","floor":6,"key":"SMITH"},{"floor":8,"key":"REST"},{"floor":13,"key":"REST"},{"floor":15,"key":"DIG"}],"circlet_count":0,"master_deck":["Strike_C","Strike_C","Strike_C","Strike_C","Defend_C","Defend_C","Defend_C","Defend_C","Knight Kick","Chip","WordoMod:StrikeCard","Magnetism","Transfer Energy","Echo Form+1","White Contract","Cooling Song","Provocative","Lore"],"relics":["Apod","halation:PinkSoulGem","conspire:InfiniteJournal","hubris:Towel","Runesmith:Locket"],"acts_visited":["Exordium"],"potions_floor_usage":[16,16,16],"damage_taken":[{"damage":0,"enemies":"Jaw Worm","floor":1,"turns":6},{"damage":4,"enemies":"Cultist","floor":2,"turns":6},{"damage":20,"enemies":"Small Slimes","floor":4,"turns":7},{"damage":3,"enemies":"Blue Slaver","floor":9,"turns":5},{"damage":28,"enemies":"Gremlin Nob","floor":10,"turns":7},{"damage":21,"enemies":"Blue Slaver","floor":14,"turns":4},{"damage":52,"enemies":"Fading Forest","floor":16,"turns":7}],"seed_played":"-4428842648223012076","potions_obtained":[{"floor":4,"key":"Adrenaline Potion"},{"floor":10,"key":"Strength Potion"}],"is_trial":false,"path_per_floor":["M","M","?","M","$","R","?","R","MIM","E","?","$","R","M","R","B"],"character_chosen":"TD1MADAO_CLASS","items_purchased":["Cooling Song"],"campfire_rested":2,"item_purchase_floors":[5],"current_hp_per_floor":[70,66,66,54,54,54,54,70,67,39,39,39,60,39,39,0,0],"gold":78,"neow_bonus":"RANDOM_COLORLESS_2","is_daily":false,"chose_seed":false,"campfire_upgraded":1,"win_rate":0.0,"timestamp":1610237875,"path_taken":["M","M","?","?","$","R","?","R","MIM","E","?","?","R","M","R","BOSS"],"items_purchased_type":["Card"],"build_version":"2020-12-22","purchased_purges":1,"victory":false,"max_hp_per_floor":[70,70,70,70,70,70,70,70,70,70,70,70,70,70,70,70,70],"card_choices":[{"not_picked":["Violence","Metamorphosis"],"picked":"Magnetism","floor":0},{"not_picked":["Black Hand","Fire Up"],"picked":"Transfer Energy","floor":1},{"not_picked":["Machining","Oblique Hack","Black Hand"],"picked":"SKIP","floor":2},{"not_picked":["Lunge","Floating Swing Kick"],"picked":"White Contract","floor":4},{"not_picked":["Pod Fire","Ruin Defend"],"picked":"Provocative","floor":9},{"not_picked":["Fixing","Recovery Mechanism"],"picked":"Lore","floor":10},{"not_picked":["Recovery Mechanism","Three Hit","Trader"],"picked":"SKIP","floor":14}],"player_experience":328474,"relics_obtained":[{"floor":10,"key":"conspire:InfiniteJournal"},{"floor":15,"key":"Runesmith:Locket"}],"event_choices":[{"cards_removed":["theSenshi:SailorBlock"],"damage_healed":0,"gold_gain":0,"player_choice":"Take \u0026 Give","damage_taken":0,"max_hp_gain":0,"max_hp_loss":0,"event_name":"betterNote:BetterNote","floor":3,"gold_loss":0,"cards_obtained":["Echo Form"]}],"is_beta":false,"boss_relics":[],"items_purged_floors":[5],"is_endless":false,"potions_floor_spawned":[4,10],"killed_by":"Fading Forest","ascension_level":0}}