{"host":"0c0tcjtxlzcpk4zv","time":1610321279,"event":{"mods":["BaseMod","BetterRewards","Custom Start","Highlight Path","Minty Spire (QoL Compilation)","Quick Restart","Shop Mod","StSLib","SuperFastMode","Transform Curses"],"gold_per_floor":[427,389,401,413,435,447,459,485,497,509,402,402,402,429,429,539,539,553,73,105,105,20,20,20,20,43,43,43,43,43,56,56,158,158,169,183,209,279,279,279,279,279,279,279,279,279,292,292,292,292],"floor_reached":51,"playtime":1510,"items_purged":[],"score":1060,"play_id":"ad03b4de-0b01-4d1f-84db-eb384ca043e8","local_time":"20210110182759","daily_mods":["Vintage","Flight"],"is_ascension_mode":false,"campfire_choices":[{"data":"1","floor":6,"key":"LIFT"},{"data":"2","floor":7,"key":"LIFT"},{"data":"3","floor":10,"key":"LIFT"},{"floor":13,"key":"DIG"},{"floor":15,"key":"DIG"},{"floor":23,"key":"DIG"},{"floor":24,"key":"DIG"},{"floor":25,"key":"DIG"},{"floor":28,"key":"DIG"},{"floor":29,"key":"DIG"},{"floor":32,"key":"DIG"},{"floor":40,"key":"DIG"},{"floor":41,"key":"DIG"},{"data":"Miracle+1","floor":46,"key":"PURGE"},{"floor":49,"key":"DIG"}],"circlet_count":11,"master_deck":["Finesse+1","Deep Breath+1","Master of Strategy+1","Mayhem+1","Omega+1","Footwork+1","Leg Sweep+1","Survivor+1","Poisoned Stab+1","Poisoned Stab+1","Outmaneuver+1","Backflip+1","Blade Dance+1","Blade Dance+1","Deadly Poison+1","Deadly Poison+1","Cloak And Dagger+1","Blur+1","Blur+1","Expertise+1","Catalyst+1","Bouncing Flask+1","Catalyst+1","Bouncing Flask+1","Leg Sweep+1","Crippling Poison+1","Phantasmal Killer+1","Venomology+1","Adrenaline+1","Burst+1","Burst+1","Corpse Explosion+1","Footwork+1","Accuracy+1","Infinite Blades+1","Noxious Fumes+1","Envenom+1","After Image+1","A Thousand Cuts+1","Wraith Form v2+1","Devotion+1","Catalyst+1"],"relics":["Ring of the Snake","WristBlade","WingedGreaves","White Beast Statue","Whetstone","War Paint","VioletLotus","Vajra","Unceasing Top","TwistedFunnel","TungstenRod","Toy Ornithopter","Toxic Egg 2","Tough Bandages","Torii","Toolbox","Tingsha","Thread and Needle","The Specimen","Boot","TheAbacus","Sundial","Strawberry","Strange Spoon","StoneCalendar","Snake Skull","Sling","SlaversCollar","Shuriken","Shovel","Self Forming Clay","SacredBark","Runic Pyramid","Runic Cube","Ring of the Snake","Regal Pillow","Red Skull","PureWater","PrismaticShard","PreservedInsect","Prayer Wheel","Potion Belt","Philosopher\u0027s Stone","Pen Nib","Pear","Peace Pipe","Paper Frog","Paper Crane","Pantograph","Ornamental Fan","Orichalcum","OrangePellets","Omamori","Old Coin","Oddly Smooth Stone","Nunchaku","Nuclear Battery","Ninja Scroll","Mummified Hand","Molten Egg 2","Mercury Hourglass","Membership Card","Medical Kit","Meat on the Bone","MealTicket","MawBank","Mango","Magic Flower","Lizard Tail","Letter Opener","Lee\u0027s Waffle","Lantern","Kunai","Inserter","InkBottle","Incense Burner","Ice Cream","HoveringKite","HornCleat","Happy Flower","HandDrill","Gremlin Horn","Girya","Ginger","Fusion Hammer","Frozen Eye","FossilizedHelix","Eternal Feather","Darkstone Periapt","Damaru","Cracked Core","Coffee Dripper","ClockworkSouvenir","Chemical X","Charon\u0027s Ashes","Champion Belt","Centennial Puzzle","Cauldron","Matryoshka","CeramicFish","Art of War","Ancient Tea Set","Frozen Egg 2","Bottled Lightning","Dream Catcher","Bottled Flame","The Courier","SlaversCollar","Anchor","Akabeko","Bird Faced Urn","Tiny Chest","Singing Bowl","Bag of Preparation","Bronze Scales","StrikeDummy","Blood Vial","Dead Branch","Question Card","Bottled Tornado","Du-Vu Doll","Pocketwatch","CaptainsWheel","Turnip","Calipers","Circlet","Sozu"],"acts_visited":["Exordium","TheCity","TheBeyond"],"potions_floor_usage":[33],"damage_taken":[{"damage":0,"enemies":"Jaw Worm","floor":1,"turns":1},{"damage":0,"enemies":"2 Louse","floor":5,"turns":1},{"damage":0,"enemies":"Small Slimes","floor":8,"turns":1},{"damage":0,"enemies":"3 Sentries","floor":14,"turns":1},{"damage":0,"enemies":"The Guardian","floor":16,"turns":2},{"damage":0,"enemies":"2 Thieves","floor":18,"turns":1},{"damage":0,"enemies":"Spheric Guardian","floor":20,"turns":1},{"damage":0,"enemies":"Snake Plant","floor":31,"turns":1},{"damage":0,"enemies":"Automaton","floor":33,"turns":1},{"damage":0,"enemies":"3 Shapes","floor":35,"turns":1},{"damage":0,"enemies":"Orb Walker","floor":36,"turns":1},{"damage":0,"enemies":"Writhing Mass","floor":47,"turns":1},{"damage":0,"enemies":"4 Shapes","floor":48,"turns":1},{"damage":0,"enemies":"Time Eater","floor":50,"turns":3}],"seed_played":"6203603905220492091","potions_obtained":[{"floor":0,"key":"Fruit Juice"},{"floor":0,"key":"GamblersBrew"},{"floor":0,"key":"Dexterity Potion"},{"floor":0,"key":"Dexterity Potion"},{"floor":0,"key":"FearPotion"}],"is_trial":true,"path_per_floor":["M","?","?","?","M","R","R","M","T","R","$","?","R","E","R","B",null,"M","$","M","?","?","R","R","R","T","T","R","R","?","M","R","B",null,"M","M","T","T","?","R","R","?","T","?","T","R","M","M","R","B",null],"character_chosen":"THE_SILENT","items_purchased":["Bottled Lightning","Akabeko","Bird Faced Urn","Tiny Chest","Singing Bowl","Bag of Preparation","Bronze Scales","Catalyst+1"],"campfire_rested":0,"item_purchase_floors":[11,19,19,19,19,19,19,19],"current_hp_per_floor":[108,108,113,113,113,113,113,113,113,113,113,113,113,113,113,113,113,113,113,113,91,91,115,118,118,118,118,118,118,118,118,118,120,120,120,120,120,120,114,114,114,111,111,111,111,120,120,120,120,120],"gold":292,"neow_bonus":"","is_daily":false,"chose_seed":false,"campfire_upgraded":0,"win_rate":0.0,"timestamp":1610321279,"path_taken":["M","?","?","?","M","R","R","M","T","R","$","?","R","E","R","BOSS","M","$","?","?","?","R","R","R","T","?","R","R","?","M","R","BOSS","M","?","?","?","?","R","R","?","T","?","?","R","?","M","R","BOSS"],"items_purchased_type":["Relic","Relic","Relic","Relic","Relic","Relic","Relic","Card"],"build_version":"2020-12-22","purchased_purges":0,"victory":true,"max_hp_per_floor":[108,108,113,113,113,113,113,113,113,113,113,113,113,113,113,113,113,113,113,113,118,118,118,118,118,118,118,118,118,118,118,118,120,120,120,120,120,120,114,114,114,120,120,120,120,120,120,120,120,120],"card_choices":[{"not_picked":["Leap+1","Acrobatics+1","Steam+1"],"picked":"SKIP","floor":14},{"not_picked":["All For One+1","Double Tap+1"],"picked":"Devotion+1","floor":16},{"not_picked":["The Bomb+1","Thinking Ahead+1","Impervious+1","Core Surge+1"],"picked":"Singing Bowl","floor":33},{"not_picked":["Good Instincts+1","Discovery+1","Dark Shackles+1","Jack Of All Trades+1"],"picked":"Singing Bowl","floor":42},{"not_picked":["Blind+1","The Bomb+1","Transmutation+1","Madness+1"],"picked":"Singing Bowl","floor":42},{"not_picked":["HandOfGreed+1","Trip+1","Swift Strike+1","Mayhem+1"],"picked":"Singing Bowl","floor":42}],"player_experience":30148,"relics_obtained":[{"floor":1,"key":"Matryoshka"},{"floor":5,"key":"CeramicFish"},{"floor":8,"key":"Art of War"},{"floor":9,"key":"Ancient Tea Set"},{"floor":9,"key":"Frozen Egg 2"},{"floor":13,"key":"Dream Catcher"},{"floor":14,"key":"Bottled Flame"},{"floor":15,"key":"The Courier"},{"floor":18,"key":"Anchor"},{"floor":20,"key":"StrikeDummy"},{"floor":23,"key":"Dead Branch"},{"floor":24,"key":"Question Card"},{"floor":25,"key":"Bottled Tornado"},{"floor":26,"key":"Du-Vu Doll"},{"floor":26,"key":"Pocketwatch"},{"floor":27,"key":"CaptainsWheel"},{"floor":28,"key":"Turnip"},{"floor":31,"key":"Calipers"},{"floor":32,"key":"Circlet"},{"floor":35,"key":"Circlet"},{"floor":36,"key":"Circlet"},{"floor":37,"key":"Circlet"},{"floor":38,"key":"Circlet"},{"floor":40,"key":"Circlet"},{"floor":43,"key":"Circlet"},{"floor":45,"key":"Circlet"},{"floor":47,"key":"Circlet"},{"floor":48,"key":"Circlet"},{"floor":49,"key":"Circlet"}],"event_choices":[{"cards_removed":["Panacea"],"damage_healed":0,"gold_gain":0,"player_choice":"Card Removal","damage_taken":0,"max_hp_gain":0,"max_hp_loss":0,"event_name":"The Cleric","floor":2,"gold_loss":50},{"damage_healed":0,"gold_gain":0,"player_choice":"Donut","damage_taken":0,"max_hp_gain":5,"max_hp_loss":0,"event_name":"Big Fish","floor":3,"gold_loss":0},{"damage_healed":0,"gold_gain":0,"player_choice":"Grow","damage_taken":0,"max_hp_gain":0,"max_hp_loss":0,"event_name":"Living Wall","floor":4,"gold_loss":0,"cards_upgraded":["Infinite Blades"]},{"damage_healed":0,"gold_gain":0,"player_choice":"Leave","damage_taken":0,"max_hp_gain":0,"max_hp_loss":0,"event_name":"FaceTrader","floor":12,"gold_loss":0},{"damage_healed":0,"gold_gain":0,"player_choice":"Shed Blood","damage_taken":28,"max_hp_gain":5,"max_hp_loss":0,"event_name":"Forgotten Altar","floor":21,"gold_loss":0},{"damage_healed":0,"gold_gain":0,"player_choice":"Obtained Relic","damage_taken":0,"relics_obtained":["Blood Vial"],"max_hp_gain":0,"max_hp_loss":0,"event_name":"Addict","floor":22,"gold_loss":85},{"damage_healed":0,"gold_gain":0,"player_choice":"Ignored","damage_taken":0,"max_hp_gain":0,"max_hp_loss":0,"event_name":"Transmorgrifier","floor":30,"gold_loss":0},{"damage_healed":0,"gold_gain":0,"player_choice":"Max HP","damage_taken":0,"max_hp_gain":0,"max_hp_loss":6,"event_name":"Winding Halls","floor":39,"gold_loss":0},{"damage_healed":0,"gold_gain":0,"player_choice":"Memory 3","damage_taken":10,"max_hp_gain":0,"max_hp_loss":0,"event_name":"SensoryStone","floor":42,"gold_loss":0},{"damage_healed":0,"gold_gain":0,"player_choice":"Ignored","damage_taken":0,"max_hp_gain":0,"max_hp_loss":0,"event_name":"Mysterious Sphere","floor":44,"gold_loss":0}],"is_beta":false,"boss_relics":[{"not_picked":["Calling Bell","Ectoplasm"],"picked":"SlaversCollar"},{"not_picked":["Fusion Hammer","Velvet Choker"],"picked":"Sozu"}],"items_purged_floors":[],"is_endless":false,"potions_floor_spawned":[1,5,8,14,16,18,20,31,33,35,36,47,48],"ascension_level":0}}