{"host":"nu52txkaz0lj0p7m","time":1610319552,"event":{"mods":["2.2 Compatiblity","AchievementEnabler","Arknights The Spire","Astrologer","BaseMod","Beaked The Cultist","Best Route Mod","BetterRewards","Colored Map","Colored Powertips","Conjunction","Custom Start","Downfall","Duelist Mod","Evolution","GifTheSpireLib","GungeonMod","Lobotomy","LobotomyExtend","Minty Spire (QoL Compilation)","Permanent Neow","Relic Filter","SIMod","Shade Mod","Small Relic Pack","StSLib","SuperFastMode","Synergy Search","The Dragon Tamer","The Fake Hero","TheFirefly"],"gold_per_floor":[0,20,31,46,65,65,90,105,136,61,61,86,11,66,85,189,239,239,256,271,271,271,288,336,261,273,273,285,285,285,195,210,305,305,305,321,332,350,143,153,178,104,104,104,115,148,148,158,172,172,172,172,204,2,2,2],"floor_reached":57,"playtime":5204,"items_purged":["Guardian:Strike_Guardian"],"score":1273,"play_id":"56a9948f-4391-4150-92de-d30f6a97ae74","local_time":"20210111065909","is_ascension_mode":false,"campfire_choices":[{"floor":1,"key":"RECALL"},{"data":"Guardian:PrismaticBeam","floor":10,"key":"SMITH"},{"floor":13,"key":"REST"},{"data":"Guardian:Harden","floor":25,"key":"SMITH"},{"data":"Guardian:MultiBeam","floor":27,"key":"SMITH"},{"data":"Guardian:Strike_Guardian","floor":30,"key":"PURGE"},{"data":"Guardian:Strike_Guardian","floor":35,"key":"PURGE"},{"data":"Guardian:Orbwalk","floor":44,"key":"SMITH"},{"data":"Guardian:PolyBeam","floor":47,"key":"SMITH"},{"data":"Guardian:StasisField","floor":55,"key":"SMITH"}],"circlet_count":0,"master_deck":["Guardian:Strike_Guardian+1","Guardian:Defend_Guardian","Guardian:Defend_Guardian","Guardian:Defend_Guardian","Guardian:Defend_Guardian","Guardian:CurlUp+1","Guardian:TwinSlam","Guardian:Reroute","Guardian:PrismaticBeam+1","Guardian:PrimingBeam","Guardian:PolyBeam+1","Guardian:Harden+1","Guardian:PolyBeam+1","Guardian:Orbwalk+1","Guardian:MultiBeam+1","Guardian:TemporalShield+1","Guardian:RevengeProtocol","Guardian:StasisField+1","Guardian:Recover+1","Guardian:SpikerProtocol+1","Guardian:PrismaticBeam+1","Parasite","Guardian:PolyBeam"],"relics":["Guardian:ModeShifter","EVO:Axolotl","Peace Pipe","LetterFromLob","Pyrelight","Bronze Scales","MealTicket","downfall:HeartBlessingRed","Guardian:PickAxe","Juzu Bracelet","downfall:HeartBlessingGreen","Strawberry","Tiny House","downfall:HeartBlessingBlue","DemoMod:RiddleOfLead","Guardian:BottledStasis","Lantern","DollysMirror","Mummified Hand","Regal Pillow","Du-Vu Doll","DemoMod:MeatBun"],"acts_visited":["Exordium","TheCity","TheBeyond","TheEnding"],"potions_floor_usage":[11,12,15,26,33,33,38,40,42,56,56],"damage_taken":[{"damage":1,"enemies":"Jaw Worm","floor":2,"turns":5},{"damage":0,"enemies":"2 Louse","floor":3,"turns":2},{"damage":3,"enemies":"Small Slimes","floor":4,"turns":4},{"damage":8,"enemies":"Red Slaver","floor":5,"turns":4},{"damage":0,"enemies":"3 Louse","floor":8,"turns":3},{"damage":18,"enemies":"3 Sentries","floor":9,"turns":8},{"damage":0,"enemies":"3 Sentries","floor":11,"turns":2},{"damage":28,"enemies":"Gremlin Nob","floor":12,"turns":3},{"damage":14,"enemies":"Lagavulin Event","floor":14,"turns":5},{"damage":0,"enemies":"Exordium Thugs","floor":15,"turns":3},{"damage":21,"enemies":"downfall:Ironclad","floor":16,"turns":6},{"damage":8,"enemies":"Spheric Guardian","floor":19,"turns":4},{"damage":1,"enemies":"3 Byrds","floor":20,"turns":4},{"damage":11,"enemies":"Cultist and Chosen","floor":23,"turns":4},{"damage":10,"enemies":"Sentry and Sphere","floor":26,"turns":5},{"damage":9,"enemies":"3 Cultists","floor":28,"turns":4},{"damage":0,"enemies":"downfall:FleeingMerchant","floor":31,"turns":4},{"damage":8,"enemies":"Centurion and Healer","floor":32,"turns":7},{"damage":7,"enemies":"downfall:Defect","floor":33,"turns":7},{"damage":4,"enemies":"3 Shapes","floor":36,"turns":3},{"damage":12,"enemies":"3 Darklings","floor":37,"turns":4},{"damage":0,"enemies":"Jaw Worm Horde","floor":38,"turns":1},{"damage":0,"enemies":"downfall:FleeingMerchant","floor":39,"turns":4},{"damage":8,"enemies":"4 Shapes","floor":40,"turns":5},{"damage":0,"enemies":"downfall:FleeingMerchant","floor":42,"turns":2},{"damage":0,"enemies":"Maw","floor":45,"turns":4},{"damage":0,"enemies":"Nemesis","floor":46,"turns":3},{"damage":0,"enemies":"Transient","floor":48,"turns":5},{"damage":0,"enemies":"Writhing Mass","floor":49,"turns":4},{"damage":0,"enemies":"downfall:Watcher","floor":50,"turns":5},{"damage":20,"enemies":"downfall:CharBossMerchant","floor":53,"turns":7},{"damage":50,"enemies":"downfall:NeowBoss","floor":56,"turns":23}],"seed_played":"-1326170097483444163","potions_obtained":[{"floor":4,"key":"Swift Potion"},{"floor":9,"key":"SteroidPotion"},{"floor":12,"key":"Ancient Potion"},{"floor":14,"key":"LiquidMemories"},{"floor":17,"key":"Guardian:AcceleratePotion"},{"floor":19,"key":"Strength Potion"},{"floor":26,"key":"hexamod:EctoCoolerPotion"},{"floor":28,"key":"SteroidPotion"},{"floor":33,"key":"Energy Potion"},{"floor":38,"key":"Explosive Potion"},{"floor":40,"key":"Fire Potion"},{"floor":46,"key":"DuplicationPotion"},{"floor":48,"key":"DemoMod:LeadSkinPotion"}],"is_trial":false,"path_per_floor":["R","M","M","M","M","?","T","M","E","R","?","E","R","?","M","B",null,"R","M","M","?","?","M","T","R","M","R","M","E","R","$","M","B",null,"R","M","M","M","$","M","T","$","?","R","M","E","R","M","M","B",null,null,"E","$","R","B",null],"character_chosen":"GUARDIAN","items_purchased":["Guardian:BottledStasis","DemoMod:LeadSkinPotion","DollysMirror","Mummified Hand","BlessingOfTheForge","DemoMod:MeatBun"],"campfire_rested":1,"item_purchase_floors":[39,39,42,42,54,54],"current_hp_per_floor":[80,79,79,76,68,68,68,68,50,50,50,22,46,39,39,18,92,92,84,83,75,75,64,64,74,64,64,55,55,55,70,62,55,112,112,108,96,96,111,103,103,112,112,112,112,112,112,112,112,112,112,112,92,112,112,62],"gold":2,"neow_bonus":"ONE_RARE_RELIC","is_daily":false,"chose_seed":false,"campfire_upgraded":6,"win_rate":0.0,"timestamp":1610319549,"path_taken":["R","M","M","M","M","?","T","M","E","R","?","E","R","?","M","BOSS","R","M","M","?","?","M","T","R","M","R","M","E","R","$","M","BOSS","R","M","M","M","$","M","T","$","?","R","M","E","R","M","M","BOSS","E","$","R","BOSS"],"items_purchased_type":["Relic","Undefined","Relic","Relic","Potion","Relic"],"build_version":"2020-12-22","purchased_purges":1,"victory":true,"max_hp_per_floor":[80,80,80,80,80,80,80,80,80,80,80,80,80,87,87,87,92,92,92,92,92,92,92,92,102,102,102,102,102,102,102,102,102,112,112,112,112,112,112,112,112,112,112,112,112,112,112,112,112,112,112,112,112,112,112,112],"card_choices":[{"not_picked":["Guardian:GuardianWhirl","Guardian:Incinerate"],"picked":"Guardian:Gem_Cyan","floor":2},{"not_picked":["Guardian:VentSteam","Guardian:Orbwalk"],"picked":"Guardian:Reroute","floor":3},{"not_picked":["Guardian:Suspension","Guardian:HyperBeam_Guardian"],"picked":"Guardian:Gem_Lightblue","floor":4},{"not_picked":["Guardian:Gem_Crimson","Guardian:Gem_Red"],"picked":"Guardian:PrismaticBeam","floor":5},{"not_picked":["Guardian:Gem_Purple","Guardian:TemporalStrike"],"picked":"Guardian:PrimingBeam","floor":8},{"not_picked":["Guardian:CrystalBeam","Guardian:TemporalShield","Guardian:GuardianWhirl"],"picked":"SKIP","floor":9},{"not_picked":["Guardian:RollAttack","Guardian:Gem_Lightblue","Guardian:EvasiveProtocol"],"picked":"SKIP","floor":12},{"not_picked":["Guardian:StasisStrike","Guardian:Repulse"],"picked":"Guardian:PolyBeam","floor":14},{"not_picked":["Guardian:CrystalBeam","Guardian:ArmoredProtocol"],"picked":"Guardian:Harden","floor":15},{"not_picked":["Guardian:Gem_Orange","Guardian:AncientConstruct"],"picked":"Guardian:Gem_Synthetic","floor":16},{"not_picked":["Guardian:WalkerClaw","Guardian:FloatingOrbs"],"picked":"Guardian:PolyBeam","floor":17},{"not_picked":["Guardian:VentSteam+1","Guardian:Gem_Green"],"picked":"Guardian:Orbwalk","floor":19},{"not_picked":["Guardian:DonusPower","Guardian:Orbwalk"],"picked":"Guardian:Gem_White","floor":20},{"not_picked":["Guardian:TemporalShield","Guardian:TimeBomb+1"],"picked":"Guardian:Gem_Fragmented","floor":23},{"not_picked":["Guardian:Gem_Green","Guardian:Gem_Blue"],"picked":"Guardian:TemporalShield+1","floor":26},{"not_picked":["Guardian:WalkerClaw","Guardian:HyperBeam_Guardian","Guardian:Suspension"],"picked":"SKIP","floor":28},{"not_picked":["Guardian:RollAttack","Guardian:ChargeCore+1","Guardian:Gem_Red"],"picked":"SKIP","floor":31},{"not_picked":["Guardian:ChargeCore+1","Guardian:RollAttack","Guardian:WalkerClaw+1"],"picked":"SKIP","floor":32},{"not_picked":["Guardian:BaubleBeam","Guardian:StasisStrike"],"picked":"Guardian:RevengeProtocol","floor":33},{"not_picked":["Guardian:TemporalStrike+1","Guardian:Reroute","Guardian:ArmoredProtocol"],"picked":"SKIP","floor":36},{"not_picked":["Guardian:Gem_Blue","Guardian:TemporalStrike","Guardian:Gem_Red"],"picked":"SKIP","floor":37},{"not_picked":["Guardian:CrystalBeam","Guardian:Preprogram","Guardian:Gem_Fragmented"],"picked":"SKIP","floor":38},{"not_picked":["Guardian:Incinerate","Guardian:AncientConstruct"],"picked":"Guardian:StasisField","floor":39},{"not_picked":["Guardian:WalkerClaw","Guardian:Gem_Fragmented"],"picked":"Guardian:Recover+1","floor":40},{"not_picked":["Guardian:ChargeCore","Guardian:Gem_Green"],"picked":"Guardian:SpikerProtocol+1","floor":42},{"not_picked":["Guardian:Gem_White","Guardian:TemporalShield"],"picked":"Guardian:Gem_Purple","floor":45},{"not_picked":["Guardian:CrystalBeam+1","Guardian:SentryBeam","Guardian:Gem_Green"],"picked":"SKIP","floor":46},{"not_picked":["Guardian:Reroute","Guardian:Gem_Green","Guardian:Gem_Purple"],"picked":"SKIP","floor":48},{"not_picked":["Guardian:RollAttack+1","Guardian:SpikerProtocol+1","Guardian:ShieldCharger+1"],"picked":"SKIP","floor":49},{"not_picked":["Guardian:Gem_Lightblue","Guardian:Gem_Cyan"],"picked":"Guardian:PolyBeam","floor":53}],"player_experience":324113,"relics_obtained":[{"floor":2,"key":"LetterFromLob"},{"floor":7,"key":"Bronze Scales"},{"floor":9,"key":"MealTicket"},{"floor":12,"key":"Juzu Bracelet"},{"floor":41,"key":"Lantern"},{"floor":46,"key":"Regal Pillow"},{"floor":53,"key":"Du-Vu Doll"}],"event_choices":[{"damage_healed":0,"gold_gain":0,"player_choice":"Read","damage_taken":0,"max_hp_gain":0,"max_hp_loss":0,"event_name":"The Library","floor":22,"gold_loss":0,"cards_obtained":["Guardian:MultiBeam"]}],"is_beta":false,"boss_relics":[{"not_picked":["Snecko Eye","relicPack:ShieldShield"],"picked":"Tiny House"},{"not_picked":["SacredBark","beaked:SacredDeck"],"picked":"DemoMod:RiddleOfLead"}],"items_purged_floors":[31],"is_endless":false,"potions_floor_spawned":[4,9,11,12,14,19,26,28,33,38,40,46,48,49],"ascension_level":0}}