{"host":"7qf1todfnxspvw7w","time":1610319600,"event":{"mods":["AchievementEnabler","BaseMod","Block Reminder","Colored Powertips","Disable Question Mark Monsters","Displayed Cursed Tome","Googly Eyes","Minty Spire (QoL Compilation)","Poor People Problems","Rare Cards Sparkle","Relic Stats","Reorder Act Four","SacredBarkPlus","Shop Mod","StSLib","Uncapped"],"gold_per_floor":[113,38,65,79,90,90,121,121,176,176,187,204,204,154,154,253,253,265,265,215,234,184,184,184,184,263,274,289,239,264,283,283,382,382,396,408,284,284,284,317,328,348,395,191,204,223,242,255,255,255],"floor_reached":51,"playtime":1636,"items_purged":["Strike_R","Strike_R","Strike_R","Defend_R","Defend_R+1","Strike_R","Clash"],"score":826,"play_id":"ee55a5a4-0877-49cd-8071-9aba690a514f","local_time":"20210111020000","is_ascension_mode":false,"campfire_choices":[{"data":"Bash","floor":6,"key":"SMITH"},{"data":"Clash","floor":8,"key":"SMITH"},{"floor":13,"key":"REST"},{"data":"Defend_R","floor":15,"key":"SMITH"},{"data":"Shrug It Off","floor":23,"key":"SMITH"},{"floor":32,"key":"REST"},{"data":"Dropkick","floor":49,"key":"SMITH"}],"circlet_count":0,"master_deck":["Bash+1","Clash+1","Shrug It Off+1","Dropkick+1","Dropkick+1"],"relics":["Burning Blood","Akabeko","Mercury Hourglass","Smiling Mask","Empty Cage","Letter Opener","Boot","Black Star","Meat on the Bone","Lantern","Juzu Bracelet","Art of War"],"acts_visited":["Exordium","TheCity","TheBeyond"],"potions_floor_usage":[50,50,50,50],"damage_taken":[{"damage":6,"enemies":"Cultist","floor":1,"turns":3},{"damage":0,"enemies":"2 Louse","floor":4,"turns":2},{"damage":8,"enemies":"Small Slimes","floor":5,"turns":3},{"damage":39,"enemies":"3 Sentries","floor":7,"turns":10},{"damage":0,"enemies":"3 Louse","floor":11,"turns":2},{"damage":5,"enemies":"Looter","floor":12,"turns":2},{"damage":51,"enemies":"The Guardian","floor":16,"turns":8},{"damage":2,"enemies":"Spheric Guardian","floor":18,"turns":3},{"damage":17,"enemies":"3 Byrds","floor":21,"turns":6},{"damage":1,"enemies":"Snecko","floor":27,"turns":4},{"damage":7,"enemies":"Snake Plant","floor":28,"turns":3},{"damage":31,"enemies":"Slavers","floor":30,"turns":5},{"damage":0,"enemies":"Cultist and Chosen","floor":31,"turns":3},{"damage":52,"enemies":"Automaton","floor":33,"turns":8},{"damage":28,"enemies":"3 Darklings","floor":35,"turns":4},{"damage":6,"enemies":"3 Shapes","floor":36,"turns":3},{"damage":34,"enemies":"Reptomancer","floor":40,"turns":5},{"damage":0,"enemies":"Spire Growth","floor":41,"turns":3},{"damage":0,"enemies":"Transient","floor":42,"turns":5},{"damage":20,"enemies":"Maw","floor":45,"turns":7},{"damage":14,"enemies":"Sphere and 2 Shapes","floor":46,"turns":5},{"damage":0,"enemies":"Writhing Mass","floor":47,"turns":4},{"damage":20,"enemies":"Maw","floor":48,"turns":7},{"damage":0,"enemies":"Donu and Deca","floor":50,"turns":1}],"seed_played":"-5399522992442737371","potions_obtained":[{"floor":0,"key":"Dexterity Potion"},{"floor":0,"key":"EntropicBrew"},{"floor":0,"key":"Weak Potion"},{"floor":36,"key":"FairyPotion"}],"is_trial":false,"path_per_floor":["M","$","T","M","M","R","E","R","T","?","M","M","R","$","R","B",null,"M","?","$","M","$","R","?","?","T","M","M","$","E","M","R","B",null,"M","M","$","?","?","E","M","M","T","$","M","M","M","M","R","B",null],"character_chosen":"IRONCLAD","items_purchased":["Dropkick","Art of War"],"campfire_rested":2,"item_purchase_floors":[37,44],"current_hp_per_floor":[80,80,80,80,78,78,45,45,45,38,44,45,69,69,69,24,80,80,80,80,69,69,69,69,54,54,59,58,58,33,39,64,18,85,63,63,63,63,63,35,53,59,59,59,57,49,55,53,53,59],"gold":255,"neow_bonus":"THREE_SMALL_POTIONS","is_daily":false,"chose_seed":false,"campfire_upgraded":5,"win_rate":0.0,"timestamp":1610319600,"path_taken":["M","$","?","M","?","R","E","R","T","?","M","M","R","$","R","BOSS","M","?","$","M","$","R","?","?","T","M","M","?","E","?","R","BOSS","M","M","$","?","?","E","M","M","T","$","M","M","M","M","R","BOSS"],"items_purchased_type":["Card","Relic"],"build_version":"2020-12-22","purchased_purges":7,"victory":true,"max_hp_per_floor":[80,80,80,80,80,80,80,80,80,80,80,80,80,80,80,80,80,80,80,80,80,80,80,80,85,85,85,85,85,85,85,85,85,85,85,85,85,85,81,81,81,81,81,81,81,81,81,81,81,81],"relic_stats":{"counters":[24,104],"Black Star":1,"Juzu Bracelet":0,"Art of War":[0],"Letter Opener":[75],"Smiling Mask":675,"Boot":[29],"obtain_stats":[{"Lantern":40,"Black Star":34,"Juzu Bracelet":43,"Art of War":44,"Letter Opener":26,"Smiling Mask":9,"Empty Cage":17,"Boot":30,"Burning Blood":0,"Akabeko":3,"Mercury Hourglass":7,"Meat on the Bone":40},{"Lantern":17,"Black Star":14,"Juzu Bracelet":19,"Art of War":19,"Letter Opener":9,"Smiling Mask":4,"Empty Cage":7,"Boot":12,"Burning Blood":0,"Akabeko":1,"Mercury Hourglass":4,"Meat on the Bone":17},{"Lantern":73,"Black Star":61,"Juzu Bracelet":81,"Art of War":81,"Letter Opener":38,"Smiling Mask":18,"Empty Cage":30,"Boot":50,"Burning Blood":0,"Akabeko":3,"Mercury Hourglass":18,"Meat on the Bone":73}],"Burning Blood":134,"Mercury Hourglass":[330],"Meat on the Bone":36},"card_choices":[{"not_picked":["Armaments","Warcry","True Grit"],"picked":"SKIP","floor":1},{"not_picked":["Wild Strike","Rupture","Bludgeon"],"picked":"SKIP","floor":4},{"not_picked":["Iron Wave","Warcry"],"picked":"Clash","floor":5},{"not_picked":["Seeing Red","Rupture","Carnage"],"picked":"SKIP","floor":7},{"not_picked":["Headbutt","Pommel Strike","Anger"],"picked":"SKIP","floor":11},{"not_picked":["Cleave","Entrench","Perfected Strike"],"picked":"SKIP","floor":12},{"not_picked":["Reckless Charge","Whirlwind+1","Second Wind"],"picked":"SKIP","floor":18},{"not_picked":["Bloodletting+1","Wild Strike+1"],"picked":"Shrug It Off","floor":21},{"not_picked":["Flex","True Grit"],"picked":"Clash","floor":27},{"not_picked":["Hemokinesis+1","Burning Pact","Sever Soul"],"picked":"SKIP","floor":28},{"not_picked":["Heavy Blade","Clothesline","Twin Strike"],"picked":"SKIP","floor":30},{"not_picked":["Dark Embrace","Intimidate","Fire Breathing"],"picked":"SKIP","floor":31},{"not_picked":["Sword Boomerang","Clash+1","Infernal Blade"],"picked":"SKIP","floor":35},{"not_picked":["Warcry+1","Iron Wave+1","Seeing Red"],"picked":"SKIP","floor":36},{"not_picked":["Bludgeon","Shrug It Off","Sentinel"],"picked":"SKIP","floor":40},{"not_picked":["Heavy Blade+1","Ghostly Armor+1","Searing Blow+1"],"picked":"SKIP","floor":41},{"not_picked":["Heavy Blade+1","Clash","Whirlwind"],"picked":"SKIP","floor":42},{"not_picked":["Whirlwind","Burning Pact+1","Entrench+1"],"picked":"SKIP","floor":45},{"not_picked":["Iron Wave+1","Bloodletting+1","Flame Barrier"],"picked":"SKIP","floor":46},{"not_picked":["Anger","Warcry+1","Clothesline+1"],"picked":"SKIP","floor":47},{"not_picked":["Disarm+1","Clothesline+1","Anger+1"],"picked":"SKIP","floor":48},{"not_picked":["Disarm+1","Clothesline+1","Anger+1"],"picked":"SKIP","floor":48}],"player_experience":504001,"relics_obtained":[{"floor":3,"key":"Akabeko"},{"floor":7,"key":"Mercury Hourglass"},{"floor":9,"key":"Smiling Mask"},{"floor":26,"key":"Letter Opener"},{"floor":30,"key":"Boot"},{"floor":40,"key":"Meat on the Bone"},{"floor":40,"key":"Lantern"},{"floor":43,"key":"Juzu Bracelet"}],"event_choices":[{"cards_removed":["Defend_R"],"damage_healed":0,"gold_gain":0,"player_choice":"Card Removal","damage_taken":7,"max_hp_gain":0,"max_hp_loss":0,"event_name":"Golden Wing","floor":10,"gold_loss":0},{"damage_healed":0,"gold_gain":0,"player_choice":"Ignored","damage_taken":0,"max_hp_gain":0,"max_hp_loss":0,"event_name":"Vampires","floor":19,"gold_loss":0},{"damage_healed":0,"gold_gain":0,"player_choice":"Ignored","damage_taken":0,"max_hp_gain":0,"max_hp_loss":0,"event_name":"Ghosts","floor":24,"gold_loss":0},{"damage_healed":0,"gold_gain":0,"player_choice":"Shed Blood","damage_taken":20,"max_hp_gain":5,"max_hp_loss":0,"event_name":"Forgotten Altar","floor":25,"gold_loss":0},{"damage_healed":0,"gold_gain":0,"player_choice":"Memory 1","damage_taken":0,"max_hp_gain":0,"max_hp_loss":0,"event_name":"SensoryStone","floor":38,"gold_loss":0},{"damage_healed":0,"gold_gain":0,"player_choice":"Max HP","damage_taken":0,"max_hp_gain":0,"max_hp_loss":4,"event_name":"Winding Halls","floor":39,"gold_loss":0}],"is_beta":false,"boss_relics":[{"not_picked":["Sozu","SacredBark"],"picked":"Empty Cage"},{"not_picked":["Runic Pyramid","Velvet Choker"],"picked":"Black Star"}],"items_purged_floors":[2,14,20,22,29,37,44],"is_endless":false,"potions_floor_spawned":[1,5,18,27,33,36,41,46],"ascension_level":0}}