{"host":"d9m9v0h6vo0edadb","time":1610280484,"event":{"mods":["BaseMod","Hermit","Keyboard Shortcuts","Minty Spire (QoL Compilation)","StSLib","SuperFastMode","The Cursed"],"gold_per_floor":[113,38,38,38,38,68,68,94,94,112,126,126,146,159,159,237,237,254,271,87,87,99,99,117,117,164,199,199,74,84,98,98,170,170,181,192,209,219,219,219,219,219],"floor_reached":41,"playtime":701,"items_purged":["Strike_G","Defend_G","Strike_G"],"score":1100,"play_id":"461996c6-dd29-4e32-9f47-5ca27f10729f","local_time":"20210110210804","is_ascension_mode":true,"campfire_choices":[{"data":"Deadly Poison","floor":12.0,"key":"SMITH"},{"data":"After Image","floor":15.0,"key":"SMITH"},{"data":"Acrobatics","floor":23.0,"key":"SMITH"},{"data":"Well Laid Plans","floor":25.0,"key":"SMITH"},{"floor":32.0,"key":"REST"},{"data":"Terror","floor":40,"key":"SMITH"}],"circlet_count":0,"master_deck":["AscendersBane","Defend_G","Defend_G","Defend_G","Survivor","Neutralize","Deadly Poison+1","After Image+1","Escape Plan","Burst","Poisoned Stab+1","Backflip","Terror+1","Grand Finale+1","Corpse Explosion","Well Laid Plans+1","Acrobatics+1","Parasite"],"relics":["Ring of the Snake","NeowsBlessing","Kunai","Molten Egg 2","StrikeDummy","Ninja Scroll","Empty Cage","Juzu Bracelet","Orichalcum","CultistMask","Runic Pyramid"],"acts_visited":["Exordium","TheCity","TheBeyond"],"potions_floor_usage":[],"damage_taken":[{"damage":0.0,"enemies":"2 Louse","floor":1.0,"turns":1.0},{"damage":0.0,"enemies":"3 Sentries","floor":6.0,"turns":2.0},{"damage":0.0,"enemies":"Lagavulin","floor":8.0,"turns":1.0},{"damage":0.0,"enemies":"Jaw Worm","floor":10.0,"turns":4.0},{"damage":0.0,"enemies":"Small Slimes","floor":11.0,"turns":3.0},{"damage":0.0,"enemies":"Looter","floor":13.0,"turns":4.0},{"damage":0.0,"enemies":"Lots of Slimes","floor":14.0,"turns":1.0},{"damage":5.0,"enemies":"Hexaghost","floor":16.0,"turns":9.0},{"damage":5.0,"enemies":"3 Byrds","floor":18.0,"turns":7.0},{"damage":0.0,"enemies":"Shell Parasite","floor":19.0,"turns":2.0},{"damage":13.0,"enemies":"Snake Plant","floor":22.0,"turns":5.0},{"damage":6.0,"enemies":"3 Cultists","floor":24.0,"turns":3.0},{"damage":11.0,"enemies":"Slavers","floor":27.0,"turns":2.0},{"damage":27.0,"enemies":"Snecko","floor":30.0,"turns":6.0},{"damage":0.0,"enemies":"Centurion and Healer","floor":31.0,"turns":2.0},{"damage":0.0,"enemies":"Automaton","floor":33.0,"turns":6.0},{"damage":12.0,"enemies":"3 Shapes","floor":35.0,"turns":4.0},{"damage":0.0,"enemies":"3 Darklings","floor":36.0,"turns":2.0},{"damage":0.0,"enemies":"Jaw Worm Horde","floor":37.0,"turns":2.0},{"damage":0.0,"enemies":"Writhing Mass","floor":38.0,"turns":4.0},{"damage":52,"enemies":"Giant Head","floor":41,"turns":8}],"seed_played":"-263064937367189607","potions_obtained":[{"floor":1.0,"key":"Explosive Potion"},{"floor":10.0,"key":"CultistPotion"},{"floor":16.0,"key":"SkillPotion"},{"floor":19.0,"key":"PowerPotion"},{"floor":22.0,"key":"DuplicationPotion"},{"floor":31.0,"key":"DistilledChaos"},{"floor":36.0,"key":"EntropicBrew"}],"is_trial":false,"path_per_floor":["M","$","?","T","?","E","$","E","T","M","M","R","M","M","R","B",null,"M","M","$","?","M","R","M","R","T","E","?","$","M","M","R","B",null,"M","M","M","M","?","R","E"],"character_chosen":"THE_SILENT","items_purchased":["Well Laid Plans"],"campfire_rested":1,"item_purchase_floors":[20],"current_hp_per_floor":[59,59,64,64,64,64,64,64,64,64,64,64,64,64,64,59,68,63,63,63,63,50,50,44,44,44,33,33,33,6,6,27,27,60,48,48,48,48,48,48,0,0],"gold":219,"neow_bonus":"THREE_ENEMY_KILL","is_daily":false,"chose_seed":false,"campfire_upgraded":5,"win_rate":0.0,"timestamp":1610280484,"path_taken":["M","$","?","?","?","E","$","E","T","M","M","R","M","M","R","BOSS","M","M","$","?","M","R","M","R","T","E","?","$","M","M","R","BOSS","M","M","M","M","?","R","E"],"items_purchased_type":["Card"],"build_version":"2020-12-22","purchased_purges":3,"victory":false,"max_hp_per_floor":[66,66,71,71,71,71,71,71,71,71,71,71,71,71,71,71,71,71,71,71,71,71,71,71,71,71,71,71,71,71,71,71,71,71,71,71,71,71,71,71,71,71],"card_choices":[{"not_picked":["Riddle With Holes","Acrobatics"],"picked":"Deadly Poison","floor":1.0},{"not_picked":["Poisoned Stab+1","Sucker Punch+1"],"picked":"Escape Plan","floor":6.0},{"not_picked":["Sucker Punch+1","Leg Sweep"],"picked":"Burst","floor":8.0},{"not_picked":["Acrobatics","Caltrops"],"picked":"Poisoned Stab+1","floor":10.0},{"not_picked":["Caltrops","Predator+1"],"picked":"Backflip","floor":11.0},{"not_picked":["Sucker Punch+1","Wraith Form v2"],"picked":"Terror","floor":13.0},{"not_picked":["Prepared","Outmaneuver","Slice+1"],"picked":"SKIP","floor":14.0},{"not_picked":["Storm of Steel","After Image"],"picked":"Grand Finale+1","floor":16.0},{"not_picked":["Bouncing Flask","Slice+1","Cloak And Dagger+1"],"picked":"SKIP","floor":18.0},{"not_picked":["Sucker Punch+1","Poisoned Stab+1"],"picked":"Corpse Explosion","floor":19.0},{"not_picked":["Slice+1","Infinite Blades"],"picked":"Acrobatics","floor":22.0},{"not_picked":["Poisoned Stab+1","PiercingWail","Finisher+1"],"picked":"SKIP","floor":24.0},{"not_picked":["PiercingWail","Outmaneuver","Dagger Throw+1"],"picked":"SKIP","floor":27.0},{"not_picked":["Outmaneuver","Underhanded Strike+1","Flying Knee+1"],"picked":"SKIP","floor":30.0},{"not_picked":["Slice+1","Unload+1","Bouncing Flask"],"picked":"SKIP","floor":31.0},{"not_picked":["Sucker Punch+1","Deadly Poison","Expertise"],"picked":"SKIP","floor":35.0},{"not_picked":["Deadly Poison","Choke+1","Finisher+1"],"picked":"SKIP","floor":36.0},{"not_picked":["PiercingWail","Dagger Spray+1","Leg Sweep"],"picked":"SKIP","floor":37.0},{"not_picked":["Choke+1","Blade Dance+1","Riddle With Holes+1"],"picked":"SKIP","floor":38.0},{"not_picked":["Choke+1","Blade Dance+1","Riddle With Holes+1"],"picked":"SKIP","floor":38.0}],"player_experience":958465,"relics_obtained":[{"floor":4.0,"key":"Kunai"},{"floor":6.0,"key":"Molten Egg 2"},{"floor":8.0,"key":"StrikeDummy"},{"floor":9.0,"key":"Ninja Scroll"},{"floor":26.0,"key":"Juzu Bracelet"},{"floor":27.0,"key":"Orichalcum"}],"event_choices":[{"damage_healed":0.0,"max_hp_gain":5.0,"max_hp_loss":0.0,"gold_gain":0.0,"event_name":"Big Fish","player_choice":"Donut","floor":3.0,"gold_loss":0.0,"damage_taken":0.0},{"damage_healed":0.0,"max_hp_gain":0.0,"max_hp_loss":0.0,"gold_gain":0.0,"cards_transformed":["Strike_G"],"event_name":"Living Wall","player_choice":"Change","floor":5.0,"gold_loss":0.0,"damage_taken":0.0,"cards_obtained":["After Image"]},{"cards_removed":["Defend_G"],"damage_healed":0.0,"max_hp_gain":0.0,"max_hp_loss":0.0,"gold_gain":0.0,"event_name":"Purifier","player_choice":"Purged","floor":21.0,"gold_loss":0.0,"damage_taken":0.0},{"damage_healed":0.0,"max_hp_gain":0.0,"max_hp_loss":0.0,"gold_gain":0.0,"event_name":"FaceTrader","player_choice":"Trade","floor":28.0,"gold_loss":0.0,"damage_taken":0.0,"relics_obtained":["CultistMask"]},{"damage_healed":0,"gold_gain":0,"player_choice":"Ignored","damage_taken":0,"max_hp_gain":0,"max_hp_loss":0,"event_name":"Mysterious Sphere","floor":39,"gold_loss":0}],"is_beta":false,"boss_relics":[{"not_picked":["Tiny House","SlaversCollar"],"picked":"Empty Cage"},{"not_picked":["Sozu","WristBlade"],"picked":"Runic Pyramid"}],"items_purged_floors":[2,20,29],"is_endless":false,"potions_floor_spawned":[1,10,13,16,19,22,31,36],"killed_by":"Giant Head","ascension_level":20}}