{"host":"zxkjcgzis4pm3za5","time":1610303859,"event":{"mods":["AchievementEnabler","Act Like it!","BaseMod","Colored Map","Colored Powertips","Friendly Minions","GifTheSpireLib","Minty Spire (QoL Compilation)","Quick Restart","RNG Fix","Random Character Button","Relic Sorter","Relic Stats","StSLib"],"gold_per_floor":[13,13,13,13,23,23,23,23],"floor_reached":7,"playtime":152,"items_purged":[],"score":66,"play_id":"553bdbfe-2c2c-4960-a7d6-665eca3367b0","local_time":"20210111000739","is_ascension_mode":true,"campfire_choices":[{"data":"Feed","floor":6,"key":"SMITH"}],"circlet_count":0,"master_deck":["AscendersBane","Strike_R","Strike_R","Strike_R","Strike_R","Strike_R","Defend_R","Defend_R","Defend_R","Defend_R","Bash","Feed+1","Anger","Ghostly Armor"],"relics":["Burning Blood","Blood Vial"],"acts_visited":["Exordium"],"potions_floor_usage":[],"damage_taken":[{"damage":7,"enemies":"Small Slimes","floor":1,"turns":4},{"damage":2,"enemies":"Jaw Worm","floor":5,"turns":3},{"damage":53,"enemies":"Lagavulin","floor":7,"turns":8}],"seed_played":"-5279633538614554208","potions_obtained":[],"is_trial":false,"path_per_floor":["M","?","?","?","M","R","E"],"character_chosen":"IRONCLAD","items_purchased":[],"campfire_rested":0,"item_purchase_floors":[],"current_hp_per_floor":[70,75,42,42,51,51,0,0],"gold":23,"neow_bonus":"THREE_RARE_CARDS","is_daily":false,"chose_seed":false,"campfire_upgraded":1,"win_rate":0.0,"timestamp":1610303859,"path_taken":["M","?","?","?","M","R","E"],"items_purchased_type":[],"build_version":"2020-12-22","purchased_purges":0,"victory":false,"max_hp_per_floor":[78,83,83,83,86,86,86,86],"relic_stats":{"Blood Vial":4,"counters":[3,15],"obtain_stats":[{"Blood Vial":3,"Burning Blood":0},{"Blood Vial":1,"Burning Blood":0},{"Blood Vial":4,"Burning Blood":0}],"Burning Blood":12},"card_choices":[{"not_picked":["Exhume","Double Tap"],"picked":"Feed","floor":0},{"not_picked":["Blood for Blood","Perfected Strike"],"picked":"Anger","floor":1},{"not_picked":["Sentinel","Battle Trance"],"picked":"Ghostly Armor","floor":5}],"player_experience":202716,"relics_obtained":[],"event_choices":[{"damage_healed":0,"gold_gain":0,"player_choice":"Donut","damage_taken":0,"max_hp_gain":5,"max_hp_loss":0,"event_name":"Big Fish","floor":2,"gold_loss":0},{"damage_healed":0,"gold_gain":0,"player_choice":"Success","damage_taken":33,"relics_obtained":["Blood Vial"],"max_hp_gain":0,"max_hp_loss":0,"event_name":"Scrap Ooze","floor":3,"gold_loss":0},{"damage_healed":0,"gold_gain":0,"player_choice":"Ignored","damage_taken":0,"max_hp_gain":0,"max_hp_loss":0,"event_name":"Liars Game","floor":4,"gold_loss":0}],"is_beta":false,"boss_relics":[],"items_purged_floors":[],"is_endless":false,"potions_floor_spawned":[],"killed_by":"Lagavulin","ascension_level":14}}