{"host":"z5p8ky8p1piqlk2p","time":1610317849,"event":{"mods":["BaseMod","Minty Spire (QoL Compilation)","Replay The Spire","StSLib"],"gold_per_floor":[117,133,148,17,17,50,50,84,84,84,84,100,100,118,118,131,131,227,327,340,354,372,385,127,127,127,127,127,127,142,142,142,181,181,274,274,298,298,631,631,645,645,673,673,673,673,702,712,712,747,747,747,747,747,747,541,573,573,573],"floor_reached":58,"playtime":6745,"items_purged":["Strike_G","Pain","Voices"],"score":1717,"play_id":"ef8f1272-67df-4c18-903d-b0434b245562","local_time":"20210110173049","is_ascension_mode":true,"campfire_choices":[{"floor":7.0,"key":"REST"},{"data":"Noxious Fumes","floor":15.0,"key":"SMITH"},{"data":"Catalyst","floor":17.0,"key":"SMITH"},{"data":"Night Terror","floor":25.0,"key":"SMITH"},{"floor":31.0,"key":"REST"},{"floor":34.0,"key":"REST"},{"floor":42.0,"key":"REST"},{"floor":44.0,"key":"RECALL"},{"floor":51.0,"key":"DIG"},{"floor":55.0,"key":"REST"}],"circlet_count":0,"master_deck":["AscendersBane","Strike_G+1","Strike_G+1","Strike_G+1","Strike_G+1","Defend_G+1","Defend_G+1","Defend_G+1","Defend_G+1","Defend_G+1","Survivor","Neutralize+1","Crippling Poison","Catalyst+1","Noxious Fumes+1","Noxious Fumes+1","Poisoned Stab","Escape Plan","Crippling Poison","Backflip","Night Terror+1","Acrobatics+1","Bouncing Flask+1","Deadly Poison+1","Pot Of Greed","Pot Of Greed","Pot Of Greed","Blade Dance+1","Burst+1","Madness+1","Madness+1","Concentrate+1","Caltrops"],"relics":["Ring of the Snake","InkBottle","Replay:Mystery Machine","Garlic","Replay:Wanted Poster","FossilizedHelix","Grinning Jar","Toxic Egg 2","Iron Hammer","ReplayTheSpireMod:Ring of Exchange","Kunai","Fusion Hammer","Pet Ghost","Replay:Accelerometer","Pantograph","Replay:WaspNest","PreservedInsect","Replay:Bottled Steam"],"acts_visited":["Exordium","TheCity","TheBeyond","TheEnding"],"potions_floor_usage":[58,58],"damage_taken":[{"damage":0.0,"enemies":"Jaw Worm","floor":1.0,"turns":8.0},{"damage":0.0,"enemies":"2 Louse","floor":2.0,"turns":4.0},{"damage":2.0,"enemies":"Cultist","floor":3.0,"turns":5.0},{"damage":16.0,"enemies":"Lagavulin","floor":6.0,"turns":6.0},{"damage":11.0,"enemies":"3 Sentries","floor":8.0,"turns":5.0},{"damage":0.0,"enemies":"Exordium Wildlife","floor":12.0,"turns":4.0},{"damage":0.0,"enemies":"Blue Slaver","floor":14.0,"turns":4.0},{"damage":9.0,"enemies":"Large Slime","floor":16.0,"turns":6.0},{"damage":6.0,"enemies":"Hexaghost","floor":18.0,"turns":8.0},{"damage":7.0,"enemies":"2 Thieves","floor":20.0,"turns":5.0},{"damage":3.0,"enemies":"Shell Parasite","floor":22.0,"turns":3.0},{"damage":6.0,"enemies":"Snake Plant","floor":23.0,"turns":4.0},{"damage":10.0,"enemies":"Centurion and Healer","floor":30.0,"turns":4.0},{"damage":21.0,"enemies":"Replay:Snechameleon","floor":33.0,"turns":5.0},{"damage":36.0,"enemies":"Collector","floor":35.0,"turns":4.0},{"damage":0.0,"enemies":"Orb Walker","floor":37.0,"turns":2.0},{"damage":0.0,"enemies":"3 Shapes","floor":41.0,"turns":3.0},{"damage":0.0,"enemies":"Nemesis","floor":43.0,"turns":3.0},{"damage":0.0,"enemies":"R_Hoarder","floor":47.0,"turns":2.0},{"damage":0.0,"enemies":"Spire Growth","floor":48.0,"turns":2.0},{"damage":0.0,"enemies":"Reptomancer","floor":50.0,"turns":3.0},{"damage":1.0,"enemies":"Awakened One","floor":52.0,"turns":10.0},{"damage":1.0,"enemies":"Replay:Hell Engine","floor":53.0,"turns":4.0},{"damage":41,"enemies":"Shield and Spear","floor":57,"turns":5},{"damage":44,"enemies":"The Heart","floor":58,"turns":5}],"seed_played":"4361592044510084680","potions_obtained":[{"floor":2.0,"key":"Swift Potion"},{"floor":8.0,"key":"DuplicationPotion"},{"floor":16.0,"key":"FairyPotion"},{"floor":22.0,"key":"PowerPotion"},{"floor":35.0,"key":"SkillPotion"},{"floor":43.0,"key":"PowerPotion"},{"floor":57,"key":"Poison Potion"}],"is_trial":false,"path_per_floor":["M","M","M","$","?","E","R","E","T","PTL","PTL","M","?","M","R","M","R","B",null,"M","?","M","M","$","R","?","T","T","?","M","R","$","E","R","B",null,"M","?","?","?","M","R","E","R","T","T","E","M","?","E","R","B","B",null,"R","$","E","B"],"character_chosen":"THE_SILENT","items_purchased":["Noxious Fumes+1","Grinning Jar","Caltrops"],"campfire_rested":5,"item_purchase_floors":[4,24,56],"current_hp_per_floor":[59,59,57,57,37,21,40,29,29,29,29,29,29,29,29,20,20,14,49,42,42,39,33,33,33,33,33,33,33,23,41,41,20,38,2,46,46,35,35,35,35,53,53,53,53,53,53,53,50,50,50,59,59,60,60,60,19,0,0],"gold":573,"neow_bonus":"UPGRADE_CARD","is_daily":false,"chose_seed":false,"campfire_upgraded":3,"win_rate":0.0,"timestamp":1610317849,"path_taken":["M","M","M","$","?","E","R","E","T","PTL","PTL","M","?","M","R","M","R","BOSS","M","?","?","M","$","R","?","?","T","?","M","R","$","E","R","BOSS","M","?","?","?","?","R","E","R","T","?","E","M","?","E","R","BOSS","BOSS","R","$","E","BOSS"],"items_purchased_type":["Card","Relic","Card"],"build_version":"2020-12-22","purchased_purges":3,"victory":false,"max_hp_per_floor":[66,66,66,66,66,66,66,66,66,66,66,66,60,60,60,60,60,60,60,60,60,60,60,60,60,60,60,60,60,60,60,60,60,60,60,60,60,60,60,60,60,60,60,60,60,60,60,60,60,60,60,60,60,60,60,60,60,60,60],"card_choices":[{"not_picked":["Poisoned Stab","Prepared"],"picked":"Crippling Poison","floor":1.0},{"not_picked":["Backflip","Underhanded Strike"],"picked":"Catalyst","floor":2.0},{"not_picked":["Slice","Outmaneuver"],"picked":"Noxious Fumes","floor":3.0},{"not_picked":["PiercingWail","Prepared"],"picked":"Poisoned Stab","floor":6.0},{"not_picked":["Backstab","Grand Finale"],"picked":"Escape Plan","floor":8.0},{"not_picked":["Expertise","Acrobatics"],"picked":"Crippling Poison","floor":12.0},{"not_picked":["Sucker Punch","Setup"],"picked":"Backflip","floor":14.0},{"not_picked":["Underhanded Strike","Prepared","Blade Dance"],"picked":"SKIP","floor":16.0},{"not_picked":["Phantasmal Killer","Die Die Die"],"picked":"Night Terror","floor":18.0},{"not_picked":["Prepared+1","Choke"],"picked":"Acrobatics+1","floor":20.0},{"not_picked":["Quick Slash","Dagger Throw"],"picked":"Bouncing Flask","floor":22.0},{"not_picked":["Bouncing Flask","Backflip+1"],"picked":"Deadly Poison+1","floor":23.0},{"not_picked":["Sucker Punch","Acrobatics+1","Deflect+1"],"picked":"SKIP","floor":30.0},{"not_picked":["PiercingWail+1","Hidden Blade+1"],"picked":"Blade Dance+1","floor":33.0},{"not_picked":["Bullet Time+1","Replay:Bag of Tricks+1"],"picked":"Burst+1","floor":35.0},{"not_picked":["Deflect+1","All Out Attack","Outmaneuver+1"],"picked":"SKIP","floor":37.0},{"not_picked":["Bouncing Flask+1","All Out Attack"],"picked":"Concentrate+1","floor":41.0},{"not_picked":["Dash","Bane","Distraction+1"],"picked":"SKIP","floor":43.0},{"not_picked":["Deadly Poison+1","ReplayTheSpireMod:Scrap Shanks","ReplayTheSpireMod:Exploit Weakness+1"],"picked":"SKIP","floor":47.0},{"not_picked":["Leg Sweep+1","Sneak Up+1","Poisoned Stab"],"picked":"SKIP","floor":48.0},{"not_picked":["Sucker Punch","Backflip+1","Eviscerate"],"picked":"SKIP","floor":50.0},{"not_picked":["Quick Slash","Finisher+1","Terror+1"],"picked":"SKIP","floor":57}],"player_experience":1184322,"relics_obtained":[{"floor":6.0,"key":"InkBottle"},{"floor":8.0,"key":"Replay:Mystery Machine"},{"floor":9.0,"key":"Garlic"},{"floor":21.0,"key":"FossilizedHelix"},{"floor":27.0,"key":"Toxic Egg 2"},{"floor":28.0,"key":"Iron Hammer"},{"floor":29.0,"key":"ReplayTheSpireMod:Ring of Exchange"},{"floor":33.0,"key":"Kunai"},{"floor":43.0,"key":"Pet Ghost"},{"floor":46.0,"key":"Replay:Accelerometer"},{"floor":47.0,"key":"Pantograph"},{"floor":50.0,"key":"Replay:WaspNest"},{"floor":51.0,"key":"PreservedInsect"},{"floor":57,"key":"Replay:Bottled Steam"}],"event_choices":[{"damage_healed":0.0,"max_hp_gain":0.0,"max_hp_loss":0.0,"gold_gain":0.0,"event_name":"Shining Light","player_choice":"Entered Light","floor":5.0,"gold_loss":0.0,"damage_taken":20.0,"cards_upgraded":["Strike_G","Defend_G"]},{"damage_healed":0.0,"max_hp_gain":0.0,"max_hp_loss":6.0,"gold_gain":0.0,"event_name":"Golden Idol","player_choice":"Lose Max HP","floor":13.0,"gold_loss":0.0,"damage_taken":0.0,"relics_obtained":["Golden Idol"]},{"damage_healed":0.0,"max_hp_gain":0.0,"max_hp_loss":0.0,"gold_gain":0.0,"event_name":"Back to Basics","player_choice":"Simplicity","floor":26.0,"gold_loss":0.0,"damage_taken":0.0,"cards_upgraded":["Strike_G","Strike_G","Strike_G","Defend_G","Defend_G","Defend_G","Defend_G"]},{"damage_healed":0.0,"max_hp_gain":0.0,"max_hp_loss":0.0,"gold_gain":0.0,"event_name":"Winding Halls","player_choice":"Embrace Madness","floor":38.0,"gold_loss":0.0,"damage_taken":11.0,"cards_obtained":["Madness","Madness"]},{"damage_healed":0.0,"max_hp_gain":0.0,"max_hp_loss":0.0,"gold_gain":333.0,"event_name":"The Moai Head","player_choice":"Gave Idol","floor":39.0,"relics_lost":["Golden Idol"],"gold_loss":0.0,"damage_taken":0.0},{"damage_healed":0.0,"max_hp_gain":0.0,"max_hp_loss":0.0,"gold_gain":0.0,"event_name":"Upgrade Shrine","player_choice":"Upgraded","floor":40.0,"gold_loss":0.0,"damage_taken":0.0,"cards_upgraded":["Bouncing Flask"]},{"damage_healed":0.0,"max_hp_gain":0.0,"max_hp_loss":0.0,"gold_gain":0.0,"event_name":"The Woman in Blue","player_choice":"Bought 0 Potions","floor":49.0,"gold_loss":0.0,"damage_taken":0.0}],"is_beta":false,"boss_relics":[{"not_picked":["Coffee Dripper","HoveringKite"],"picked":"Replay:Wanted Poster"},{"not_picked":["Busted Crown","Tiny House"],"picked":"Fusion Hammer"}],"items_purged_floors":[4,24,56],"is_endless":false,"potions_floor_spawned":[2,8,16,22,35,43,47,57],"killed_by":"The Heart","ascension_level":20}}