{"host":"qgrlfjrqk9z96gfi","time":1610314723,"event":{"mods":["BaseMod","Block Reminder","Colored Map","DeckTracker","Minty Spire (QoL Compilation)"],"gold_per_floor":[118,138,213,213,231,231,266,266,266,281,281,293,320,332,332,410,410,423,438,109,109,126,126,141,175,243,143,158,158,187,62,62,139,139,158,183,183,203,215,215,231,265,311,329,375,408,428,440,440,440,440,440],"floor_reached":51,"playtime":1992,"items_purged":["Strike_G","Strike_G","Strike_G"],"score":1472,"play_id":"71a002d6-0fae-4354-843b-8525954deeef","local_time":"20210110113843","is_ascension_mode":true,"campfire_choices":[{"data":"Dash","floor":6.0,"key":"SMITH"},{"floor":8.0,"key":"REST"},{"data":"Neutralize","floor":11.0,"key":"SMITH"},{"floor":15.0,"key":"REST"},{"data":"Finisher","floor":23.0,"key":"SMITH"},{"data":"Terror","floor":29.0,"key":"SMITH"},{"data":"Calculated Gamble","floor":32.0,"key":"SMITH"},{"floor":40.0,"key":"REST"},{"floor":49,"key":"REST"}],"circlet_count":0,"master_deck":["AscendersBane","Strike_G","Strike_G+1","Defend_G","Defend_G","Defend_G","Defend_G+1","Defend_G","Survivor","Neutralize+1","Dash+1","Endless Agony+1","Infinite Blades","Cloak And Dagger","Masterful Stab","After Image","Wraith Form v2+1","PiercingWail","Finisher+1","Slice","Terror+1","Calculated Gamble+1","PiercingWail","Phantasmal Killer","Dagger Spray","Blade Dance+1","After Image","Blur+1","Infinite Blades+1"],"relics":["WristBlade","Matryoshka","Ninja Scroll","Whetstone","Toy Ornithopter","Strawberry","SlaversCollar","Lantern","Dream Catcher","Bag of Marbles","Pantograph","Vajra","Fusion Hammer","FossilizedHelix","Bottled Tornado","War Paint","Ice Cream","Boot"],"acts_visited":["Exordium","TheCity","TheBeyond"],"potions_floor_usage":[50,50],"damage_taken":[{"damage":0.0,"enemies":"2 Louse","floor":1.0,"turns":3.0},{"damage":0.0,"enemies":"Cultist","floor":2.0,"turns":4.0},{"damage":5.0,"enemies":"Small Slimes","floor":5.0,"turns":4.0},{"damage":29.0,"enemies":"Gremlin Nob","floor":7.0,"turns":4.0},{"damage":3.0,"enemies":"Looter","floor":10.0,"turns":2.0},{"damage":0.0,"enemies":"2 Fungi Beasts","floor":12.0,"turns":1.0},{"damage":6.0,"enemies":"Lagavulin","floor":13.0,"turns":5.0},{"damage":0.0,"enemies":"Large Slime","floor":14.0,"turns":4.0},{"damage":4.0,"enemies":"Slime Boss","floor":16.0,"turns":6.0},{"damage":2.0,"enemies":"Shell Parasite","floor":18.0,"turns":2.0},{"damage":0.0,"enemies":"Spheric Guardian","floor":19.0,"turns":3.0},{"damage":8.0,"enemies":"Snake Plant","floor":22.0,"turns":6.0},{"damage":1.0,"enemies":"Chosen and Byrds","floor":24.0,"turns":4.0},{"damage":1.0,"enemies":"Slavers","floor":25.0,"turns":3.0},{"damage":0.0,"enemies":"Snecko","floor":28.0,"turns":2.0},{"damage":8.0,"enemies":"Book of Stabbing","floor":30.0,"turns":3.0},{"damage":65.0,"enemies":"Champ","floor":33.0,"turns":14.0},{"damage":0.0,"enemies":"Orb Walker","floor":35.0,"turns":2.0},{"damage":3.0,"enemies":"Mind Bloom Boss Battle","floor":36.0,"turns":5.0},{"damage":0.0,"enemies":"3 Darklings","floor":38.0,"turns":2.0},{"damage":0.0,"enemies":"Sphere and 2 Shapes","floor":39.0,"turns":5.0},{"damage":0.0,"enemies":"Transient","floor":41.0,"turns":6.0},{"damage":9,"enemies":"Giant Head","floor":42,"turns":7},{"damage":0,"enemies":"3 Darklings","floor":44,"turns":4},{"damage":0,"enemies":"2 Orb Walkers","floor":45,"turns":5},{"damage":0,"enemies":"Nemesis","floor":46,"turns":5},{"damage":2,"enemies":"4 Shapes","floor":47,"turns":5},{"damage":0,"enemies":"Spire Growth","floor":48,"turns":3},{"damage":35,"enemies":"Donu and Deca","floor":50,"turns":10},{"damage":74,"enemies":"Time Eater","floor":51,"turns":10}],"seed_played":"6945492490417503486","potions_obtained":[{"floor":1.0,"key":"Regen Potion"},{"floor":5.0,"key":"DistilledChaos"},{"floor":10.0,"key":"Dexterity Potion"},{"floor":12.0,"key":"SkillPotion"},{"floor":14.0,"key":"ColorlessPotion"},{"floor":18.0,"key":"CultistPotion"},{"floor":25.0,"key":"Swift Potion"},{"floor":33.0,"key":"BlessingOfTheForge"},{"floor":36.0,"key":"SteroidPotion"},{"floor":41.0,"key":"Block Potion"},{"floor":44,"key":"EssenceOfSteel"},{"floor":46,"key":"SteroidPotion"},{"floor":48,"key":"PowerPotion"}],"is_trial":false,"path_per_floor":["M","M","?","?","M","R","E","R","T","M","R","M","E","M","R","B",null,"M","M","$","?","M","R","M","E","T","$","M","R","E","$","R","B",null,"M","?","?","M","M","R","M","E","T","M","?","E","M","M","R","B","B"],"character_chosen":"THE_SILENT","items_purchased":["Lantern","CunningPotion"],"campfire_rested":4,"item_purchase_floors":[20,20],"current_hp_per_floor":[59,59,48,37,32,32,15,34,34,31,31,31,37,37,58,59,70,68,68,68,68,65,65,64,63,63,63,63,63,60,60,60,8,57,57,70,69,69,69,69,69,60,60,60,60,60,58,58,69,39,0,0],"gold":440,"neow_bonus":"BOSS_RELIC","is_daily":false,"chose_seed":false,"campfire_upgraded":5,"win_rate":0.0,"timestamp":1610314723,"path_taken":["M","M","?","?","M","R","E","R","T","M","R","M","E","M","R","BOSS","M","M","$","?","M","R","?","E","T","$","M","R","E","$","R","BOSS","M","?","?","M","M","R","M","E","T","M","?","E","M","M","R","BOSS","BOSS"],"items_purchased_type":["Relic","Potion"],"build_version":"2020-12-22","purchased_purges":3,"victory":false,"max_hp_per_floor":[66,66,66,66,66,66,66,66,66,66,66,66,73,73,73,73,73,73,73,73,73,73,73,73,73,73,73,73,73,73,73,73,73,73,73,73,69,69,69,69,69,69,69,69,69,69,69,69,69,69,69,69],"card_choices":[{"not_picked":["Riddle With Holes","Slice"],"picked":"Dash","floor":1.0},{"not_picked":["PiercingWail","Footwork"],"picked":"Endless Agony","floor":2.0},{"not_picked":["Expertise","Riddle With Holes","Dodge and Roll"],"picked":"SKIP","floor":5.0},{"not_picked":["Predator","Caltrops"],"picked":"Infinite Blades","floor":7.0},{"not_picked":["Flying Knee","Underhanded Strike"],"picked":"Cloak And Dagger","floor":10.0},{"not_picked":["Flechettes","Well Laid Plans"],"picked":"Masterful Stab","floor":12.0},{"not_picked":["Footwork","Underhanded Strike"],"picked":"After Image","floor":13.0},{"not_picked":["Prepared","Dodge and Roll","Eviscerate"],"picked":"SKIP","floor":14.0},{"not_picked":["Burst","Envenom"],"picked":"Wraith Form v2","floor":16.0},{"not_picked":["Dodge and Roll","Deadly Poison","Heel Hook+1"],"picked":"SKIP","floor":18.0},{"not_picked":["Choke","Quick Slash"],"picked":"PiercingWail","floor":19.0},{"not_picked":["Flying Knee","Bane"],"picked":"Finisher","floor":22.0},{"not_picked":["Eviscerate","Cloak And Dagger"],"picked":"Slice","floor":24.0},{"not_picked":["Quick Slash","Expertise"],"picked":"Terror","floor":25.0},{"not_picked":["Eviscerate","Prepared"],"picked":"Calculated Gamble","floor":28.0},{"not_picked":["Unload","Deadly Poison"],"picked":"PiercingWail","floor":30.0},{"not_picked":["Doppelganger","Tools of the Trade"],"picked":"Phantasmal Killer","floor":33.0},{"not_picked":["Deflect","Prepared","Poisoned Stab"],"picked":"SKIP","floor":35.0},{"not_picked":["Choke","Quick Slash"],"picked":"Dagger Spray","floor":36.0},{"not_picked":["Flying Knee","Caltrops"],"picked":"Blade Dance+1","floor":38.0},{"not_picked":["Leg Sweep","Deflect"],"picked":"After Image","floor":39.0},{"not_picked":["Deadly Poison","Dodge and Roll"],"picked":"Blur","floor":40.0},{"not_picked":["Backstab","Deflect"],"picked":"Infinite Blades+1","floor":41.0},{"not_picked":["Cloak And Dagger","Deadly Poison","Adrenaline"],"picked":"SKIP","floor":42},{"not_picked":["Cloak And Dagger","Quick Slash","Concentrate+1"],"picked":"SKIP","floor":44},{"not_picked":["Catalyst","Eviscerate","Heel Hook"],"picked":"SKIP","floor":46},{"not_picked":["Dodge and Roll","Dagger Spray","Slice+1"],"picked":"SKIP","floor":47},{"not_picked":["Underhanded Strike","All Out Attack+1","Cloak And Dagger"],"picked":"SKIP","floor":48}],"player_experience":988395,"relics_obtained":[{"floor":7.0,"key":"Ninja Scroll"},{"floor":9.0,"key":"Whetstone"},{"floor":9.0,"key":"Toy Ornithopter"},{"floor":13.0,"key":"Strawberry"},{"floor":25.0,"key":"Dream Catcher"},{"floor":26.0,"key":"Bag of Marbles"},{"floor":26.0,"key":"Pantograph"},{"floor":30.0,"key":"Vajra"},{"floor":36.0,"key":"FossilizedHelix"},{"floor":42,"key":"Bottled Tornado"},{"floor":43,"key":"War Paint"},{"floor":45,"key":"Ice Cream"},{"floor":46,"key":"Boot"}],"event_choices":[{"damage_healed":0.0,"max_hp_gain":0.0,"max_hp_loss":0.0,"gold_gain":75.0,"event_name":"World of Goop","player_choice":"Gather Gold","floor":3.0,"gold_loss":0.0,"damage_taken":11.0},{"damage_healed":0.0,"max_hp_gain":0.0,"max_hp_loss":0.0,"gold_gain":0.0,"event_name":"Scrap Ooze","player_choice":"Success","floor":4.0,"gold_loss":0.0,"damage_taken":11.0,"relics_obtained":["Matryoshka"]},{"damage_healed":0.0,"max_hp_gain":0.0,"max_hp_loss":0.0,"gold_gain":0.0,"event_name":"Accursed Blacksmith","player_choice":"Forge","floor":21.0,"gold_loss":0.0,"damage_taken":0.0,"cards_upgraded":["Wraith Form v2"]},{"damage_healed":0.0,"max_hp_gain":0.0,"max_hp_loss":0.0,"gold_gain":0.0,"event_name":"MindBloom","player_choice":"Fight","floor":36.0,"gold_loss":0.0,"damage_taken":0.0},{"damage_healed":0.0,"max_hp_gain":0.0,"max_hp_loss":4.0,"gold_gain":0.0,"event_name":"Winding Halls","player_choice":"Max HP","floor":37.0,"gold_loss":0.0,"damage_taken":0.0},{"damage_healed":0,"gold_gain":0,"player_choice":"Fight","damage_taken":0,"max_hp_gain":0,"max_hp_loss":0,"event_name":"Mysterious Sphere","floor":45,"gold_loss":0}],"is_beta":false,"boss_relics":[{"not_picked":["Black Star","Runic Dome"],"picked":"SlaversCollar"},{"not_picked":["Runic Pyramid","Velvet Choker"],"picked":"Fusion Hammer"}],"items_purged_floors":[20,27,31],"is_endless":false,"potions_floor_spawned":[1,5,10,12,14,18,25,33,36,41,44,46,48],"killed_by":"Time Eater","ascension_level":20}}