{"host":"9inlmzyzdhcrisrs","time":1610242772,"event":{"mods":["AchievementEnabler","BaseMod","BetterRewards","Challenge The Spire","Colored Map","Colored Powertips","Conspire","Dota2Spire","Downfall","GungeonMod","Highlight Path","Infinite Spire","Mimic Mod","Minty Spire (QoL Compilation)","MostiFishMod","Permanent Neow","Quick Restart","Remove Card Discount Mod","Replay The Spire","Shop Mod","Spicy Shops","StSLib","SuperFastMode","The Jungle","Transform Curses","Unceasing Turn Reminder","vexMod"],"gold_per_floor":[119,138,155,155,5,39,39,55,79,79,99,117,92,106,106,206,206,222,237,248,248,7,41,52,52,52,52,66,83,96,110,110,210,210,228,6,26,26,41,41,41],"floor_reached":40,"playtime":1378,"items_purged":[],"score":516,"play_id":"7a4aa420-97e8-452c-b8bc-f4f42c422314","local_time":"20210110093932","is_ascension_mode":false,"campfire_choices":[{"floor":7,"key":"RECALL"},{"floor":15,"key":"REST"},{"floor":25,"key":"REST"},{"floor":27,"key":"REST"},{"data":"MostiFishMod:TheEndOfMoonlight","floor":32,"key":"SMITH"}],"circlet_count":0,"master_deck":["Strike_B+1","Strike_B","Strike_B","Strike_B","Defend_B","Defend_B","Defend_B","Defend_B","Zap","Dualcast","Storm","Redo","Ball Lightning","Replay:Hysterical Blindness","CommonCold","Ball Lightning","ReplayTheSpireMod:Repulse","Cold Snap","Static Discharge","MostiFishMod:Nova","Tempest+1","Cold Snap+1","Cold Snap","MostiFishMod:Neptune","MostiFishMod:TheEndOfMoonlight+1","MostiFishMod:SparklingWater","MostiFishMod:FantasySummer+1","MostiFishMod:NightSea+1","infinitespire:TheBestDefense","Mirror Shield","Self Repair","Defragment","Darkness","Auto Shields","conspire:Rain","Rainbow","MostiFishMod:FluxCapactior","MostiFishMod:IntelligentEquipment","Chaos","Consume"],"relics":["Cracked Core","DaveBox","SynthV:TestCard","SynthV","vexMod:Spyglass","Unceasing Top","ShadowXiaoBlade","infinitespire:Golems Mask","MoonlightInvasionPlan","Onion Ring","Replay:Mystery Machine","War Paint","Inserter"],"acts_visited":["Exordium","TheCity","TheBeyond"],"potions_floor_usage":[12,16,16,16,33,33,39],"damage_taken":[{"damage":5,"enemies":"Cultist","floor":1,"turns":4},{"damage":8,"enemies":"Jaw Worm","floor":2,"turns":3},{"damage":0,"enemies":"Small Slimes","floor":3,"turns":3},{"damage":0,"enemies":"Lagavulin","floor":6,"turns":1},{"damage":13,"enemies":"3 Louse","floor":8,"turns":3},{"damage":0,"enemies":"2 Fungi Beasts","floor":11,"turns":3},{"damage":19,"enemies":"Exordium Thugs","floor":12,"turns":2},{"damage":10,"enemies":"Looter","floor":14,"turns":2},{"damage":0,"enemies":"Fading Forest","floor":16,"turns":11},{"damage":4,"enemies":"Chosen","floor":18,"turns":3},{"damage":20,"enemies":"2 Thieves","floor":19,"turns":3},{"damage":15,"enemies":"Snake Plant","floor":20,"turns":3},{"damage":6,"enemies":"Gremlin Leader","floor":23,"turns":6},{"damage":14,"enemies":"Shelled Parasite and Fungi","floor":24,"turns":3},{"damage":0,"enemies":"Sentry and Sphere","floor":28,"turns":4},{"damage":0,"enemies":"Snecko","floor":29,"turns":4},{"damage":8,"enemies":"Centurion and Healer","floor":30,"turns":2},{"damage":5,"enemies":"Cultist and Chosen","floor":31,"turns":5},{"damage":4,"enemies":"Collector","floor":33,"turns":5},{"damage":11,"enemies":"3 Shapes","floor":35,"turns":3},{"damage":9,"enemies":"Orb Walker","floor":37,"turns":3},{"damage":37,"enemies":"Maw","floor":39,"turns":8},{"damage":40,"enemies":"Reptomancer","floor":40,"turns":3}],"seed_played":"6478968153255966539","potions_obtained":[{"floor":3,"key":"hexamod:EctoCoolerPotion"},{"floor":6,"key":"ColorlessPotion"},{"floor":11,"key":"Explosive Potion"},{"floor":12,"key":"BlessingOfTheForge"},{"floor":19,"key":"DistilledChaos"},{"floor":20,"key":"Guardian:BlockOnCardUsePotion"},{"floor":31,"key":"Explosive Potion"}],"is_trial":false,"path_per_floor":["M","M","M","?","$","E","R","M","T","?","M","M","?","M","R","B",null,"M","M","M","AVR","$","E","M","R","T","R","M","M","M","M","R","B",null,"M","$","M","$","M","E"],"character_chosen":"DEFECT","items_purchased":["vexMod:Spyglass","Onion Ring","MostiFishMod:IntelligentEquipment"],"campfire_rested":3,"item_purchase_floors":[5,22,36],"current_hp_per_floor":[70,62,62,62,62,62,62,49,49,49,49,30,30,20,42,52,75,71,51,36,36,36,30,16,38,38,60,60,60,52,54,54,57,75,64,64,62,62,40,0,0],"gold":41,"neow_bonus":"RANDOM_EVENT","is_daily":false,"chose_seed":false,"campfire_upgraded":1,"win_rate":0.0,"timestamp":1610242772,"path_taken":["M","M","M","?","$","E","R","M","T","?","M","M","?","M","R","BOSS","M","M","M","AVR","?","E","M","R","T","R","M","M","M","M","R","BOSS","M","?","M","$","M","E"],"items_purchased_type":["Relic","Relic","Card"],"build_version":"2020-12-22","purchased_purges":0,"victory":false,"max_hp_per_floor":[75,75,75,75,75,75,75,75,75,75,75,75,75,75,75,75,75,75,75,75,75,75,75,75,75,75,75,75,75,75,75,75,75,75,75,75,75,75,75,75,75],"card_choices":[{"not_picked":["Chill","Coolheaded"],"picked":"Storm","floor":1},{"not_picked":["Steam","Barrage","Conserve Battery","ReplayGash"],"picked":"Redo","floor":2},{"not_picked":["Mirror Shield","Hologram","Steam","Chill"],"picked":"Ball Lightning","floor":3},{"not_picked":["infinitespire:NeuralNetwork","ReplayTheSpireMod:Haul"],"picked":"infinitespire:SealOfDarkness+","floor":4},{"not_picked":["Panic Button","conspire:SharedLibrary","Compile Driver","Conserve Battery"],"picked":"Ball Lightning","floor":6},{"not_picked":["Conserve Battery","Sweeping Beam","Gash","Lockon"],"picked":"ReplayTheSpireMod:Repulse","floor":8},{"not_picked":["MostiFishMod:Culaccino","MostiFishMod:ReprogramOld","Beam Cell","Hologram"],"picked":"Cold Snap","floor":11},{"not_picked":["Panic Button","Steam","MostiFishMod:ReprogramOld","Gash"],"picked":"Static Discharge","floor":12},{"not_picked":["ReplayTheSpireMod:Reroute Power","Streamline","Steam","Stack","Rip and Tear"],"picked":"SKIP","floor":14},{"not_picked":["MostiFishMod:ActiveDefenseSystem","MostiFishMod:Culaccino","Seek","MostiFishMod:GoodWordForIt"],"picked":"MostiFishMod:Nova","floor":16},{"not_picked":["Coolheaded","Compile Driver+1","Crystallizer","Beam Cell+1"],"picked":"Tempest+1","floor":18},{"not_picked":["Defragment+1","Ball Lightning","Beam Cell","Sweeping Beam"],"picked":"Cold Snap+1","floor":19},{"not_picked":["Compile Driver","White Noise","Panic Button","Steam"],"picked":"Cold Snap","floor":20},{"not_picked":["Reinforced Body","Lockon+1","ReplaySolidLightProjector","MostiFishMod:LinkProtocol"],"picked":"Mirror Shield","floor":23},{"not_picked":["Steam+1","Coolheaded","Barrage","Hologram"],"picked":"Self Repair","floor":24},{"not_picked":["Fusion","BasicCrystalCard","Sweeping Beam","Steam"],"picked":"Defragment","floor":28},{"not_picked":["Leap","MostiFishMod:PushDownKick","Coolheaded+1","Auto Shields"],"picked":"Darkness","floor":29},{"not_picked":["Streamline","Compile Driver","White Noise+1","conspire:SharedLibrary"],"picked":"Auto Shields","floor":30},{"not_picked":["Reprogram","Ball Lightning+1","Gash","MostiFishMod:LinkProtocol"],"picked":"conspire:Rain","floor":31},{"not_picked":["MostiFishMod:TalkingToTheRain","Buffer","Multi-Cast","MostiFishMod:Distribution"],"picked":"Rainbow","floor":33},{"not_picked":["MostiFishMod:PushDownKick","Sweeping Beam","Gash","Stack+1"],"picked":"MostiFishMod:FluxCapactior","floor":35},{"not_picked":["Reinforced Body","Redo","Conserve Battery+1","Hologram+1"],"picked":"Chaos","floor":37},{"not_picked":["Self Repair+1","Skim+1","Gash","Sweeping Beam+1"],"picked":"Consume","floor":39}],"player_experience":21508,"relics_obtained":[{"floor":1,"key":"SynthV:TestCard"},{"floor":6,"key":"Unceasing Top"},{"floor":23,"key":"Replay:Mystery Machine"},{"floor":26,"key":"War Paint"}],"event_choices":[{"damage_healed":0,"gold_gain":0,"player_choice":"0 cards matched","damage_taken":0,"max_hp_gain":0,"max_hp_loss":0,"event_name":"Match and Keep!","floor":10,"gold_loss":0,"cards_obtained":[]}],"is_beta":false,"boss_relics":[{"not_picked":["Ring of Chaos","vexMod:EndlessSickness"],"picked":"ShadowXiaoBlade"},{"not_picked":["Replay:Wanted Poster","HaiYi:Twilight"],"picked":"Inserter"}],"items_purged_floors":[],"is_endless":false,"potions_floor_spawned":[3,6,11,12,14,19,20,31],"killed_by":"Reptomancer","ascension_level":0}}