{"host":"mdbnki27vzqujy5q","time":1610269880,"event":{"mods":["BaseMod","Colored Powertips","Minty Spire (QoL Compilation)","Quick Restart"],"gold_per_floor":[216,216,235,235,14,58,72,72,72,72,107,132,91,110,110,110,110],"floor_reached":16,"playtime":496,"items_purged":["Defend_R"],"score":121,"play_id":"1cfefad7-14f5-4193-b615-2ed589b20ced","local_time":"20210110011120","is_ascension_mode":true,"campfire_choices":[{"floor":8,"key":"REST"},{"floor":10,"key":"REST"},{"data":"Infernal Blade","floor":15,"key":"SMITH"}],"circlet_count":0,"master_deck":["Strike_R","Strike_R","Strike_R","Strike_R","Strike_R","Defend_R","Defend_R","Defend_R","Bash","Fire Breathing","Twin Strike","Dropkick","Cleave","Headbutt","Ghostly Armor","Combust+1","Infernal Blade+1"],"relics":["Burning Blood","Golden Idol","Bird Faced Urn","Tiny Chest","Frozen Egg 2","Bag of Preparation"],"acts_visited":["Exordium"],"potions_floor_usage":[11,11,16,16],"damage_taken":[{"damage":0,"enemies":"Small Slimes","floor":1,"turns":3},{"damage":7,"enemies":"Jaw Worm","floor":3,"turns":3},{"damage":36,"enemies":"3 Sentries","floor":6,"turns":5},{"damage":4,"enemies":"2 Louse","floor":7,"turns":3},{"damage":11,"enemies":"Gremlin Nob","floor":11,"turns":4},{"damage":0,"enemies":"Exordium Wildlife","floor":12,"turns":2},{"damage":19,"enemies":"Gremlin Gang","floor":14,"turns":3},{"damage":63,"enemies":"Hexaghost","floor":16,"turns":8}],"seed_played":"-7812844448947176522","potions_obtained":[{"floor":1,"key":"FearPotion"},{"floor":7,"key":"Weak Potion"},{"floor":11,"key":"SteroidPotion"},{"floor":14,"key":"SkillPotion"}],"is_trial":false,"path_per_floor":["M","?","M","?","$","E","M","R","T","R","E","M","$","M","R","B"],"character_chosen":"IRONCLAD","items_purchased":["Tiny Chest","Combust+1"],"campfire_rested":2,"item_purchase_floors":[5,13],"current_hp_per_floor":[80,60,59,41,41,13,15,39,39,63,60,68,68,59,59,0,0],"gold":110,"neow_bonus":"HUNDRED_GOLD","is_daily":false,"chose_seed":false,"campfire_upgraded":1,"win_rate":0.0,"timestamp":1610269880,"path_taken":["M","?","M","?","?","E","M","R","T","R","E","M","$","M","R","BOSS"],"items_purchased_type":["Relic","Card"],"build_version":"2020-12-22","purchased_purges":1,"victory":false,"max_hp_per_floor":[80,80,80,80,80,80,80,80,80,80,80,80,80,80,80,80,80],"card_choices":[{"not_picked":["Warcry","Clothesline"],"picked":"Fire Breathing","floor":1},{"not_picked":["Rupture","Battle Trance"],"picked":"Twin Strike","floor":3},{"not_picked":["Headbutt","Reckless Charge"],"picked":"Dropkick","floor":6},{"not_picked":["Wild Strike","Body Slam"],"picked":"Cleave","floor":7},{"not_picked":["Hemokinesis","Immolate"],"picked":"Headbutt","floor":11},{"not_picked":["Flex","Power Through"],"picked":"Ghostly Armor","floor":12},{"not_picked":["Clothesline","Iron Wave"],"picked":"Infernal Blade","floor":14}],"player_experience":57085,"relics_obtained":[{"floor":6,"key":"Frozen Egg 2"},{"floor":11,"key":"Bag of Preparation"}],"event_choices":[{"damage_healed":0,"gold_gain":0,"player_choice":"Take Damage","damage_taken":20,"relics_obtained":["Golden Idol"],"max_hp_gain":0,"max_hp_loss":0,"event_name":"Golden Idol","floor":2,"gold_loss":0},{"damage_healed":0,"gold_gain":0,"player_choice":"Success","damage_taken":18,"relics_obtained":["Bird Faced Urn"],"max_hp_gain":0,"max_hp_loss":0,"event_name":"Scrap Ooze","floor":4,"gold_loss":0}],"is_beta":false,"boss_relics":[],"items_purged_floors":[5],"is_endless":false,"potions_floor_spawned":[1,7,11,14],"killed_by":"Hexaghost","ascension_level":2}}