{"host":"Timothy","time":1610270790,"event":{"mods":["AchievementEnabler","BaseMod","Bestiary","Highlight Path","Minty Spire (QoL Compilation)","Quick Restart","Slay-I"],"gold_per_floor":[113,113,68,68,87,119,119,131,156,156,27,39,54,74,74,179,179,179,179,94,70,70,70,70,70,70,70,70,70],"floor_reached":28,"playtime":510,"items_purged":["Defend_R"],"score":324,"play_id":"fe51f23d-1a7c-4c3a-88fa-b36b76816cca","local_time":"20210110012630","is_ascension_mode":false,"campfire_choices":[{"floor":15.0,"key":"REST"}],"circlet_count":0,"master_deck":["Strike_R","Strike_R","Strike_R","Strike_R","Strike_R","Defend_R","Defend_R","Bash","Flex+1","Spot Weakness","Heavy Blade","Sword Boomerang","Flex","Perfected Strike","Heavy Blade","Heavy Blade+1","Seeing Red"],"relics":["Fusion Hammer","Blood Vial","Pen Nib","Akabeko","Ectoplasm","Pantograph","Paper Frog"],"acts_visited":["Exordium","TheCity"],"potions_floor_usage":[],"damage_taken":[{"damage":5.0,"enemies":"Small Slimes","floor":1.0,"turns":3.0},{"damage":6.0,"enemies":"Jaw Worm","floor":5.0,"turns":2.0},{"damage":22.0,"enemies":"3 Sentries","floor":6.0,"turns":6.0},{"damage":6.0,"enemies":"Cultist","floor":8.0,"turns":3.0},{"damage":0.0,"enemies":"3 Louse","floor":12.0,"turns":2.0},{"damage":0.0,"enemies":"2 Fungi Beasts","floor":13.0,"turns":2.0},{"damage":12.0,"enemies":"Blue Slaver","floor":14.0,"turns":2.0},{"damage":46.0,"enemies":"Hexaghost","floor":16.0,"turns":5.0},{"damage":0.0,"enemies":"Spheric Guardian","floor":18.0,"turns":1.0},{"damage":27.0,"enemies":"Shell Parasite","floor":19.0,"turns":4.0},{"damage":6.0,"enemies":"3 Cultists","floor":22.0,"turns":4.0},{"damage":12.0,"enemies":"Centurion and Healer","floor":23.0,"turns":2.0},{"damage":10.0,"enemies":"Sentry and Sphere","floor":24.0,"turns":3.0},{"damage":42.0,"enemies":"Snake Plant","floor":25.0,"turns":3.0},{"damage":15,"enemies":"Shelled Parasite and Fungi","floor":28,"turns":1}],"seed_played":"-2680094552924945844","potions_obtained":[{"floor":6.0,"key":"SpeedPotion"},{"floor":8.0,"key":"Regen Potion"},{"floor":12.0,"key":"PowerPotion"},{"floor":13.0,"key":"SkillPotion"},{"floor":19.0,"key":"BloodPotion"},{"floor":23.0,"key":"SpeedPotion"},{"floor":24.0,"key":"PowerPotion"}],"is_trial":false,"path_per_floor":["M","?","$","?","M","E","?","M","T","?","$","M","M","M","R","B",null,"M","M","?","$","M","M","M","M","T","$","M"],"character_chosen":"IRONCLAD","items_purchased":["Flex","Sword Boomerang","Perfected Strike"],"campfire_rested":1,"item_purchase_floors":[3,11,21],"current_hp_per_floor":[75,68,68,68,62,40,37,33,33,33,33,40,42,32,56,12,80,80,53,53,53,49,39,31,7,7,7,0,0],"gold":70,"neow_bonus":"BOSS_RELIC","is_daily":false,"chose_seed":false,"campfire_upgraded":0,"win_rate":0.0,"timestamp":1610270790,"path_taken":["M","?","$","?","?","E","?","M","T","?","$","M","M","M","R","BOSS","M","M","?","$","M","M","M","M","T","$","M"],"items_purchased_type":["Card","Card","Card"],"build_version":"2020-12-18","purchased_purges":1,"victory":false,"max_hp_per_floor":[80,80,80,80,80,80,80,80,80,80,80,80,80,80,80,80,80,80,80,80,80,80,80,80,80,80,80,80,80],"card_choices":[{"not_picked":["Iron Wave","Ghostly Armor","Carnage"],"picked":"SKIP","floor":1.0},{"not_picked":["Pommel Strike","Anger"],"picked":"Spot Weakness","floor":5.0},{"not_picked":["Sentinel","Armaments","Clothesline"],"picked":"SKIP","floor":6.0},{"not_picked":["Armaments","Uppercut"],"picked":"Heavy Blade","floor":8.0},{"not_picked":["Pommel Strike","Rupture","Power Through"],"picked":"SKIP","floor":12.0},{"not_picked":["Anger","Carnage","Demon Form"],"picked":"SKIP","floor":13.0},{"not_picked":["Iron Wave","Clothesline","True Grit"],"picked":"SKIP","floor":14.0},{"not_picked":["Perfected Strike+1","Warcry+1"],"picked":"Flex","floor":18.0},{"not_picked":["Headbutt+1","Havoc+1","Wild Strike+1"],"picked":"SKIP","floor":19.0},{"not_picked":["Entrench","Thunderclap"],"picked":"Heavy Blade","floor":22.0},{"not_picked":["Sentinel","Armaments"],"picked":"Heavy Blade+1","floor":23.0},{"not_picked":["Demon Form","Sentinel","True Grit"],"picked":"SKIP","floor":24.0},{"not_picked":["Pommel Strike+1","Clothesline"],"picked":"Seeing Red","floor":25.0}],"player_experience":800100,"relics_obtained":[{"floor":6.0,"key":"Blood Vial"},{"floor":9.0,"key":"Akabeko"},{"floor":26.0,"key":"Paper Frog"}],"event_choices":[{"cards_removed":["Defend_R"],"damage_healed":0.0,"max_hp_gain":0.0,"max_hp_loss":0.0,"gold_gain":0.0,"event_name":"Golden Wing","player_choice":"Card Removal","floor":2.0,"gold_loss":0.0,"damage_taken":7.0},{"damage_healed":0.0,"max_hp_gain":0.0,"max_hp_loss":0.0,"gold_gain":0.0,"event_name":"Upgrade Shrine","player_choice":"Upgraded","floor":4.0,"gold_loss":0.0,"damage_taken":0.0,"cards_upgraded":["Flex"]},{"damage_healed":0.0,"max_hp_gain":0.0,"max_hp_loss":0.0,"gold_gain":0.0,"event_name":"Scrap Ooze","player_choice":"Success","floor":7.0,"gold_loss":0.0,"damage_taken":3.0,"relics_obtained":["Pen Nib"]},{"damage_healed":0.0,"max_hp_gain":0.0,"max_hp_loss":0.0,"gold_gain":0.0,"event_name":"Golden Idol","player_choice":"Ignored","floor":10.0,"gold_loss":0.0,"damage_taken":0.0},{"damage_healed":0.0,"max_hp_gain":0.0,"max_hp_loss":0.0,"gold_gain":0.0,"event_name":"Addict","player_choice":"Obtained Relic","floor":20.0,"gold_loss":85.0,"damage_taken":0.0,"relics_obtained":["Pantograph"]}],"is_beta":true,"boss_relics":[{"not_picked":["Cursed Key","Philosopher\u0027s Stone"],"picked":"Ectoplasm"}],"items_purged_floors":[11],"is_endless":false,"potions_floor_spawned":[6,8,12,13,19,23,24],"killed_by":"Shelled Parasite and Fungi","ascension_level":0}}