{"host":"i8jghf4o7lwzr9fo","time":1610319005,"event":{"mods":["BaseMod","Minty Spire (QoL Compilation)"],"gold_per_floor":[113,126,141,159,174,174,203,214,283,315,315,329,344,363,363,465,465,481,496,511,74,74,74],"floor_reached":22,"playtime":2517,"items_purged":["Strike_R"],"score":204,"play_id":"7ea8a275-bbb1-41e3-a1f5-9fc0bf5e2a10","local_time":"20210110225005","is_ascension_mode":false,"campfire_choices":[{"data":"Dual Wield","floor":6,"key":"SMITH"},{"floor":11,"key":"REST"},{"floor":15,"key":"REST"}],"circlet_count":0,"master_deck":["Strike_R","Strike_R","Strike_R","Strike_R","Defend_R","Defend_R","Defend_R","Defend_R","Bash","Cleave","Seeing Red","Iron Wave","Dual Wield+1","Burning Pact","Double Tap","Clothesline","Demon Form","Body Slam","Blood for Blood","Thunderclap","Barricade","Dark Embrace","Thunderclap+1","Shrug It Off","Infernal Blade","Berserk"],"relics":["Burning Blood","Sundial","Ornamental Fan","TungstenRod","Mark of Pain","Dream Catcher"],"acts_visited":["Exordium","TheCity"],"potions_floor_usage":[7,10,16,16,16,16,22],"damage_taken":[{"damage":0,"enemies":"2 Louse","floor":1,"turns":4},{"damage":2,"enemies":"Small Slimes","floor":2,"turns":3},{"damage":6,"enemies":"Cultist","floor":3,"turns":3},{"damage":16,"enemies":"Lots of Slimes","floor":4,"turns":3},{"damage":6,"enemies":"3 Louse","floor":5,"turns":3},{"damage":35,"enemies":"3 Sentries","floor":7,"turns":7},{"damage":6,"enemies":"Blue Slaver","floor":8,"turns":5},{"damage":11,"enemies":"Gremlin Nob","floor":10,"turns":4},{"damage":15,"enemies":"Large Slime","floor":12,"turns":5},{"damage":14,"enemies":"Exordium Thugs","floor":13,"turns":5},{"damage":10,"enemies":"Lots of Slimes","floor":14,"turns":2},{"damage":26,"enemies":"Hexaghost","floor":16,"turns":10},{"damage":30,"enemies":"Chosen","floor":18,"turns":6},{"damage":6,"enemies":"3 Byrds","floor":19,"turns":3},{"damage":43,"enemies":"Sentry and Sphere","floor":20,"turns":6},{"damage":34,"enemies":"3 Cultists","floor":22,"turns":4}],"seed_played":"7843343638064443832","potions_obtained":[{"floor":2,"key":"SteroidPotion"},{"floor":7,"key":"Fire Potion"},{"floor":8,"key":"Ancient Potion"},{"floor":10,"key":"Energy Potion"},{"floor":14,"key":"HeartOfIron"},{"floor":16,"key":"Fruit Juice"},{"floor":19,"key":"Swift Potion"}],"is_trial":false,"path_per_floor":["M","M","M","M","M","R","E","M","T","E","R","M","M","M","R","B",null,"M","M","M","$","M"],"character_chosen":"IRONCLAD","items_purchased":["Infernal Blade","Dream Catcher","Berserk"],"campfire_rested":2,"item_purchase_floors":[21,21,21],"current_hp_per_floor":[88,88,88,78,78,78,49,49,49,44,70,61,53,49,75,60,93,69,69,32,32,0,0],"gold":74,"neow_bonus":"TEN_PERCENT_HP_BONUS","is_daily":false,"chose_seed":false,"campfire_upgraded":1,"win_rate":0.0,"timestamp":1610319005,"path_taken":["M","M","M","M","M","R","E","M","T","E","R","M","M","M","R","BOSS","M","M","M","$","M"],"items_purchased_type":["Card","Relic","Card"],"build_version":"2020-12-22","purchased_purges":1,"victory":false,"max_hp_per_floor":[88,88,88,88,88,88,88,88,88,88,88,88,88,88,88,93,93,93,93,93,93,93,93],"card_choices":[{"not_picked":["Sword Boomerang","Flex"],"picked":"Cleave","floor":1},{"not_picked":["Rampage","Thunderclap"],"picked":"Seeing Red","floor":2},{"not_picked":["True Grit","Searing Blow"],"picked":"Iron Wave","floor":3},{"not_picked":["Twin Strike","Pommel Strike"],"picked":"Dual Wield","floor":4},{"not_picked":["Blood for Blood","Second Wind"],"picked":"Burning Pact","floor":5},{"not_picked":["Warcry","Flex"],"picked":"Double Tap","floor":7},{"not_picked":["Heavy Blade","Clash"],"picked":"Clothesline","floor":8},{"not_picked":["True Grit","Sword Boomerang"],"picked":"Demon Form","floor":10},{"not_picked":["Burning Pact","Armaments"],"picked":"Body Slam","floor":12},{"not_picked":["Anger","Cleave"],"picked":"Blood for Blood","floor":13},{"not_picked":["Sword Boomerang","Second Wind"],"picked":"Thunderclap","floor":14},{"not_picked":["Offering","Corruption"],"picked":"Barricade","floor":16},{"not_picked":["Clothesline","Armaments"],"picked":"Dark Embrace","floor":18},{"not_picked":["Headbutt","True Grit+1"],"picked":"Thunderclap+1","floor":19},{"not_picked":["Thunderclap","Heavy Blade+1"],"picked":"Shrug It Off","floor":20}],"player_experience":33046,"relics_obtained":[{"floor":7,"key":"Sundial"},{"floor":9,"key":"Ornamental Fan"},{"floor":10,"key":"TungstenRod"}],"event_choices":[],"is_beta":false,"boss_relics":[{"not_picked":["Astrolabe","Tiny House"],"picked":"Mark of Pain"}],"items_purged_floors":[21],"is_endless":false,"potions_floor_spawned":[2,7,8,10,14,16,19],"killed_by":"3 Cultists","ascension_level":0}}