{"host":"3zhcrllo23fhqv4x","time":1610289643,"event":{"mods":["AchievementEnabler","BaseMod","Downfall","Duelist Mod","Hermit","Jorbs\u0027s Wanderer Trilogy","Marisa????????","Minty Spire (QoL Compilation)","StSLib","The Cursed","The Hierophant","The Servant 0.9.4"],"gold_per_floor":[99,99,99,99,374,14,87,105,105,116,26,26,103,137,154,254,254,29,42,42,42,42,142,142,142,142,142],"floor_reached":25,"playtime":1065,"items_purged":["Regret"],"score":193,"play_id":"1a7aac46-913c-4f90-89fa-666d73e24f2d","local_time":"20210110094043","is_ascension_mode":false,"campfire_choices":[{"floor":1,"key":"RECALL"},{"data":"Slimebound:SplitLeeching","floor":12,"key":"SMITH"},{"floor":18,"key":"REST"}],"circlet_count":0,"master_deck":["Slimebound:Strike_Slimebound","Slimebound:Strike_Slimebound","Slimebound:Strike_Slimebound","Slimebound:Tackle+1","Slimebound:Defend_Slimebound","Slimebound:Defend_Slimebound+1","Slimebound:Defend_Slimebound","Slimebound:Defend_Slimebound","Slimebound:Split","Slimebound:CorrosiveSpit","Slimebound:SamplingLick","Slimebound:SplitAcid","Slimebound:Nibble","Slimebound:SplitMire+1","Slimebound:LeechingTouch","Slimebound:MegaLick","Regret","Slimebound:SplitLeeching+1","Slimebound:SlimeTap","Slimebound:WasteNot","Slimebound:SpikyOuterGoop","Slimebound:MassFeed","Slimebound:Repurpose","Pain","Slimebound:SplitBruiser"],"relics":["Slimebound:AbsorbEndCombat","downfall:HeartsMalice","Slimebound:SelfDamagePreventRelic","Juzu Bracelet","Singing Bowl","Turnip","Fusion Hammer","downfall:HeartBlessingBlue","downfall:HeartBlessingRed","downfall:HeartBlessingGreen","WarpedTongs","Shovel","Shuriken","Prayer Wheel"],"acts_visited":["TheCity"],"potions_floor_usage":[11,16,16,23,23],"damage_taken":[{"damage":0,"enemies":"Cultist","floor":2,"turns":1},{"damage":0,"enemies":"Jaw Worm","floor":3,"turns":1},{"damage":0,"enemies":"2 Louse","floor":4,"turns":1},{"damage":14,"enemies":"downfall:FleeingMerchant","floor":6,"turns":4},{"damage":8,"enemies":"Lots of Slimes","floor":8,"turns":2},{"damage":22,"enemies":"3 Louse","floor":10,"turns":3},{"damage":20,"enemies":"downfall:FleeingMerchant","floor":11,"turns":4},{"damage":35,"enemies":"Lagavulin","floor":14,"turns":5},{"damage":11,"enemies":"Blue Slaver","floor":15,"turns":3},{"damage":25,"enemies":"downfall:Watcher","floor":16,"turns":7},{"damage":17,"enemies":"3 Byrds","floor":19,"turns":4},{"damage":83,"enemies":"Colosseum Nobs","floor":23,"turns":6},{"damage":22,"enemies":"downfall:FleeingMerchant","floor":25,"turns":2}],"seed_played":"-8030769394388962262","potions_obtained":[{"floor":8,"key":"PowerPotion"},{"floor":10,"key":"FearPotion"},{"floor":14,"key":"SkillPotion"},{"floor":15,"key":"Energy Potion"},{"floor":20,"key":"downfall:CursedFountainPotion"},{"floor":23,"key":"SteroidPotion"}],"is_trial":false,"path_per_floor":["R","M","M","M","?","$","T","M","?","M","$","R","T","E","M","B",null,"R","M","?","?","?","?","T","$"],"character_chosen":"SLIMEBOUND","items_purchased":["Slimebound:SelfDamagePreventRelic","Juzu Bracelet","Slimebound:LeechingTouch"],"campfire_rested":1,"item_purchase_floors":[6,6,6],"current_hp_per_floor":[60,60,60,60,60,60,60,60,60,52,56,56,56,43,38,49,60,70,70,70,70,70,11,11,0,0,0],"gold":142,"neow_bonus":"THREE_ENEMY_KILL","is_daily":false,"chose_seed":false,"campfire_upgraded":1,"win_rate":0.0,"timestamp":1610289643,"path_taken":["R","M","?","?","?","$","T","M","?","M","$","R","?","E","M","BOSS","R","M","?","?","?","?","T","$"],"items_purchased_type":["Relic","Relic","Card"],"build_version":"2020-12-22","purchased_purges":1,"victory":false,"max_hp_per_floor":[60,60,60,60,60,60,60,60,60,60,60,60,60,60,60,60,60,70,70,70,70,70,70,70,70,70,70],"card_choices":[{"not_picked":["Slimebound:LeechEnergy","Slimebound:LeadByExample"],"picked":"Slimebound:SamplingLick","floor":2},{"not_picked":["Slimebound:FirmFortitude","Slimebound:Schlurp"],"picked":"Slimebound:SplitAcid","floor":3},{"not_picked":["Slimebound:SplitMire","Slimebound:FinishingTackle"],"picked":"Slimebound:Nibble","floor":4},{"not_picked":["Slimebound:ForwardTackle","Slimebound:DouseInSlime"],"picked":"Slimebound:SplitMire","floor":6},{"not_picked":["Slimebound:LeechingTouch","Slimebound:SamplingLick"],"picked":"Slimebound:MegaLick","floor":8},{"not_picked":["Slimebound:Schlurp","Slimebound:FinishingTackle"],"picked":"Slimebound:SplitLeeching","floor":10},{"not_picked":["Slimebound:GrowthPunch","Slimebound:DisruptingSlam"],"picked":"Slimebound:SlimeTap","floor":11},{"not_picked":["Slimebound:ComboTackle","Slimebound:GoopTackle"],"picked":"Slimebound:WasteNot","floor":14},{"not_picked":["Slimebound:Schlurp","Slimebound:SplitMire"],"picked":"Slimebound:SpikyOuterGoop","floor":15},{"not_picked":["Slimebound:PrepareCrush","Slimebound:DuplicatedForm"],"picked":"Slimebound:MassFeed","floor":16},{"not_picked":["Slimebound:LeechingTouch","Slimebound:DisruptingSlam+1"],"picked":"Slimebound:Repurpose","floor":19},{"not_picked":["Slimebound:SplitLeeching","Slimebound:SplitMire"],"picked":"Slimebound:SplitBruiser","floor":23}],"player_experience":275260,"relics_obtained":[{"floor":13,"key":"Singing Bowl"},{"floor":14,"key":"Turnip"},{"floor":23,"key":"Shovel"},{"floor":23,"key":"Shuriken"},{"floor":24,"key":"Prayer Wheel"}],"event_choices":[{"damage_healed":0,"gold_gain":0,"player_choice":"Ignored","damage_taken":0,"max_hp_gain":0,"max_hp_loss":0,"event_name":"Ghosts","floor":21,"gold_loss":0},{"damage_healed":0,"gold_gain":0,"player_choice":"Rummage","damage_taken":0,"relics_obtained":["WarpedTongs"],"max_hp_gain":0,"max_hp_loss":0,"event_name":"Accursed Blacksmith","floor":22,"gold_loss":0,"cards_obtained":["Pain"]}],"is_beta":false,"boss_relics":[{"not_picked":["Sozu","Slimebound:TarBlob"],"picked":"Fusion Hammer"}],"items_purged_floors":[11],"is_endless":false,"potions_floor_spawned":[8,10,14,15,23],"killed_by":"downfall:FleeingMerchant","ascension_level":0}}