{"host":"7l2t4psy44vpcd9q","time":1610285697,"event":{"mods":["AchievementEnabler","BaseMod","DeckTracker","Minty Spire (QoL Compilation)","SuperFastMode"],"gold_per_floor":[118,132,52,64,80,106,106,121,121,133,148,148,158,174,174,174,174],"floor_reached":16,"playtime":819,"items_purged":[],"score":216,"play_id":"83b84aeb-1eee-4c2c-8664-30a9a0b4303d","local_time":"20210110223457","is_ascension_mode":true,"campfire_choices":[{"floor":7,"key":"REST"},{"data":"Self Repair","floor":12,"key":"SMITH"},{"data":"Lockon","floor":15,"key":"SMITH"}],"circlet_count":0,"master_deck":["AscendersBane","Strike_B","Strike_B","Strike_B","Strike_B","Defend_B","Defend_B","Defend_B","Defend_B","Zap","Dualcast","Panacea","Ball Lightning","Lockon+1","Rebound","Coolheaded","Loop","Self Repair+1","FTL","Compile Driver"],"relics":["Cracked Core","Blood Vial","White Beast Statue","Bottled Flame"],"acts_visited":["Exordium"],"potions_floor_usage":[5,6,10,11,11,11,13,13,16,16],"damage_taken":[{"damage":12,"enemies":"Small Slimes","floor":1,"turns":3},{"damage":12,"enemies":"Cultist","floor":2,"turns":4},{"damage":7,"enemies":"Jaw Worm","floor":4,"turns":3},{"damage":0,"enemies":"Blue Slaver","floor":5,"turns":2},{"damage":24,"enemies":"3 Sentries","floor":6,"turns":7},{"damage":22,"enemies":"Exordium Thugs","floor":8,"turns":5},{"damage":12,"enemies":"Looter","floor":10,"turns":3},{"damage":3,"enemies":"Large Slime","floor":11,"turns":4},{"damage":14,"enemies":"Lots of Slimes","floor":13,"turns":4},{"damage":12,"enemies":"Red Slaver","floor":14,"turns":3},{"damage":42,"enemies":"Hexaghost","floor":16,"turns":8}],"seed_played":"-8566803968938424270","potions_obtained":[{"floor":1,"key":"SkillPotion"},{"floor":4,"key":"SkillPotion"},{"floor":6,"key":"Strength Potion"},{"floor":8,"key":"Regen Potion"},{"floor":10,"key":"EntropicBrew"},{"floor":11,"key":"SkillPotion"},{"floor":13,"key":"FearPotion"},{"floor":14,"key":"ColorlessPotion"}],"is_trial":false,"path_per_floor":["M","M","?","M","M","E","R","M","T","M","M","R","M","M","R","B"],"character_chosen":"DEFECT","items_purchased":[],"campfire_rested":1,"item_purchase_floors":[],"current_hp_per_floor":[52,40,40,35,37,15,36,16,16,22,28,28,36,36,36,0,0],"gold":174,"neow_bonus":"RANDOM_COLORLESS","is_daily":false,"chose_seed":false,"campfire_upgraded":2,"win_rate":0.0,"timestamp":1610285697,"path_taken":["M","M","?","?","M","E","R","M","T","M","M","R","M","M","R","BOSS"],"items_purchased_type":[],"build_version":"2020-12-22","purchased_purges":0,"victory":false,"max_hp_per_floor":[71,71,71,71,71,71,71,71,71,71,71,71,71,71,71,71,71],"card_choices":[{"not_picked":["Purity","Swift Strike"],"picked":"Panacea","floor":0},{"not_picked":["Steam","Melter"],"picked":"Ball Lightning","floor":1},{"not_picked":["Cold Snap","Sweeping Beam"],"picked":"Lockon","floor":2},{"not_picked":["Turbo","All For One"],"picked":"Rebound","floor":4},{"not_picked":["Chill","Steam"],"picked":"Coolheaded","floor":5},{"not_picked":["Hologram","Tempest"],"picked":"Loop","floor":6},{"not_picked":["Chill","Blizzard"],"picked":"Self Repair","floor":8},{"not_picked":["Sweeping Beam","Coolheaded"],"picked":"FTL","floor":10},{"not_picked":["Double Energy","Turbo","Rainbow"],"picked":"SKIP","floor":11},{"not_picked":["Beam Cell","Coolheaded","Genetic Algorithm"],"picked":"SKIP","floor":13},{"not_picked":["Ball Lightning","Steam"],"picked":"Compile Driver","floor":14}],"player_experience":1173874,"relics_obtained":[{"floor":6,"key":"White Beast Statue"},{"floor":9,"key":"Bottled Flame"}],"event_choices":[{"damage_healed":0,"gold_gain":0,"player_choice":"Paid Gold","damage_taken":0,"relics_obtained":["Blood Vial"],"max_hp_gain":0,"max_hp_loss":0,"event_name":"WeMeetAgain","floor":3,"gold_loss":80}],"is_beta":false,"boss_relics":[],"items_purged_floors":[],"is_endless":false,"potions_floor_spawned":[1,4,6,8,10,11,13,14],"killed_by":"Hexaghost","ascension_level":20}}