{"host":"l15sdf2mmi0nobpi","time":1610267619,"event":{"mods":["ATMod(°¢èªMod)","BaseMod","Highlight Path","Minty Spire (QoL Compilation)","Quick Restart","StSLib","¡¾¹¦ÄÜMod¡¿Neow½±Àø"],"gold_per_floor":[114,125,144,163,181,181,194,210,234,75,75,75,75,86,86,159,159,170,170,70,81,94,128,128,157,181,181,198,198,73,73,73,150,150,164,179,179,204,217,248,248,248,327,352,148,182,223,375,375,500,550,550,550,10,85,110],"floor_reached":57,"playtime":3652,"items_purged":["Strike_B","Strike_B","Strike_B","Defend_B","Defend_B"],"score":3279,"play_id":"dac3f008-0ff6-4652-89e3-e47393185c11","local_time":"20210110163339","is_ascension_mode":true,"campfire_choices":[{"data":"AT_RightCognition","floor":6.0,"key":"SMITH"},{"floor":11.0,"key":"REST"},{"data":"Defragment","floor":13.0,"key":"SMITH"},{"data":"Skim","floor":15.0,"key":"SMITH"},{"data":"Heatsinks","floor":24.0,"key":"SMITH"},{"data":"Turbo","floor":27.0,"key":"SMITH"},{"data":"Coolheaded","floor":29.0,"key":"SMITH"},{"floor":32.0,"key":"RECALL"},{"data":"Recycle","floor":49,"key":"SMITH"},{"data":"AT_WaterDrop","floor":53,"key":"SMITH"}],"circlet_count":0,"master_deck":["AscendersBane","Defend_B","Defend_B+1","Zap","Dualcast+1","AT_RightCognition+1","Coolheaded+1","Turbo+1","Glacier","Defragment+1","AT_WaterDrop+1","Undo","Skim+1","Ball Lightning","Glacier","Capacitor+1","Heatsinks+1","Coolheaded+1","Recycle+1","Creative AI"],"relics":["Cracked Core","AT_ATBox","War Paint","MealTicket","AT_SunfireAegis","AT_TrinityForce","Bottled Lightning","AT_RedTearstoneRing","AT_ArcaneBoots","Black Star","Incense Burner","Smiling Mask","Question Card","Blue Candle","MawBank","Runic Capacitor","Ancient Tea Set","AT_MibuBalloonWealth","Toxic Egg 2","StoneCalendar","OrangePellets","FossilizedHelix","Akabeko","DataDisk"],"acts_visited":["Exordium","TheCity","TheBeyond","TheEnding"],"potions_floor_usage":[55,56],"damage_taken":[{"damage":12.0,"enemies":"Jaw Worm","floor":1.0,"turns":4.0},{"damage":1.0,"enemies":"Small Slimes","floor":2.0,"turns":4.0},{"damage":4.0,"enemies":"Cultist","floor":3.0,"turns":4.0},{"damage":13.0,"enemies":"Large Slime","floor":4.0,"turns":7.0},{"damage":7.0,"enemies":"Exordium Wildlife","floor":5.0,"turns":4.0},{"damage":6.0,"enemies":"Exordium Thugs","floor":7.0,"turns":5.0},{"damage":13.0,"enemies":"Looter","floor":8.0,"turns":4.0},{"damage":0.0,"enemies":"2 Fungi Beasts","floor":14.0,"turns":5.0},{"damage":5.0,"enemies":"Slime Boss","floor":16.0,"turns":7.0},{"damage":15.0,"enemies":"3 Byrds","floor":18.0,"turns":5.0},{"damage":0.0,"enemies":"Chosen","floor":21.0,"turns":5.0},{"damage":0.0,"enemies":"Snecko","floor":22.0,"turns":5.0},{"damage":26.0,"enemies":"Gremlin Leader","floor":23.0,"turns":6.0},{"damage":0.0,"enemies":"Book of Stabbing","floor":25.0,"turns":7.0},{"damage":0.0,"enemies":"3 Cultists","floor":28.0,"turns":6.0},{"damage":2.0,"enemies":"Champ","floor":33.0,"turns":9.0},{"damage":0.0,"enemies":"3 Shapes","floor":35.0,"turns":5.0},{"damage":1.0,"enemies":"3 Darklings","floor":36.0,"turns":6.0},{"damage":0.0,"enemies":"Mind Bloom Boss Battle","floor":38.0,"turns":8.0},{"damage":0.0,"enemies":"Writhing Mass","floor":39.0,"turns":6.0},{"damage":0.0,"enemies":"Giant Head","floor":40.0,"turns":8.0},{"damage":0.0,"enemies":"Reptomancer","floor":44.0,"turns":6.0},{"damage":0.0,"enemies":"Giant Head","floor":46.0,"turns":8.0},{"damage":0.0,"enemies":"Transient","floor":47.0,"turns":6.0},{"damage":0.0,"enemies":"Reptomancer","floor":48.0,"turns":6.0},{"damage":0,"enemies":"Awakened One","floor":50,"turns":9},{"damage":0,"enemies":"Donu and Deca","floor":51,"turns":8},{"damage":0,"enemies":"Shield and Spear","floor":55,"turns":5},{"damage":30,"enemies":"The Heart","floor":56,"turns":9}],"seed_played":"-7077448423995498734","potions_obtained":[{"floor":1.0,"key":"Swift Potion"},{"floor":2.0,"key":"SpeedPotion"},{"floor":4.0,"key":"PowerPotion"},{"floor":8.0,"key":"BlessingOfTheForge"},{"floor":22.0,"key":"SpeedPotion"},{"floor":23.0,"key":"SkillPotion"},{"floor":33.0,"key":"Dexterity Potion"},{"floor":35.0,"key":"GamblersBrew"},{"floor":39.0,"key":"FearPotion"},{"floor":44.0,"key":"Swift Potion"},{"floor":47.0,"key":"LiquidMemories"},{"floor":55,"key":"Fruit Juice"}],"is_trial":false,"path_per_floor":["M","M","M","M","M","R","M","M","T","$","R","?","R","M","R","B",null,"M","?","$","M","M","E","R","E","T","R","M","R","$","$","R","B",null,"M","M","?","?","M","E","?","?","T","E","$","E","M","E","R","B","B",null,"R","$","E","B",null],"character_chosen":"DEFECT","items_purchased":["Skim","Runic Capacitor","OrangePellets","FossilizedHelix"],"campfire_rested":1,"item_purchase_floors":[10,45,54,54],"current_hp_per_floor":[52,51,47,34,27,27,21,8,8,23,44,33,33,33,33,28,60,45,81,81,81,81,55,55,55,55,55,55,55,70,81,81,79,81,81,80,80,80,80,80,80,80,80,80,81,81,81,81,81,81,81,81,81,81,86,56],"gold":110,"neow_bonus":"RANDOM_COMMON_RELIC","is_daily":false,"chose_seed":false,"campfire_upgraded":8,"win_rate":0.0,"timestamp":1610267619,"path_taken":["M","M","M","M","M","R","M","M","T","$","R","?","R","M","R","BOSS","M","?","$","M","M","E","R","E","T","R","M","R","?","$","R","BOSS","M","M","?","?","?","E","?","?","T","E","$","E","M","E","R","BOSS","BOSS","R","$","E","BOSS"],"items_purchased_type":["Card","Relic","Relic","Relic"],"build_version":"2020-12-22","purchased_purges":5,"victory":true,"max_hp_per_floor":[71,71,71,71,71,71,71,71,71,71,71,71,71,71,71,71,71,71,81,81,81,81,81,81,81,81,81,81,81,81,81,81,81,81,81,81,81,81,81,81,81,81,81,81,81,81,81,81,81,81,81,81,81,81,86,86],"card_choices":[{"not_picked":["AT_HeatAcrobatics","Chill"],"picked":"Coolheaded","floor":1.0},{"not_picked":["Undo","Streamline"],"picked":"Turbo","floor":2.0},{"not_picked":["Compile Driver","Hologram","Aggregate"],"picked":"SKIP","floor":3.0},{"not_picked":["Storm","Double Energy"],"picked":"Glacier","floor":4.0},{"not_picked":["Beam Cell","Stack"],"picked":"Defragment","floor":5.0},{"not_picked":["Aggregate","Turbo"],"picked":"AT_WaterDrop","floor":7.0},{"not_picked":["Hologram","Force Field"],"picked":"Undo","floor":8.0},{"not_picked":["Turbo","Conserve Battery"],"picked":"Ball Lightning","floor":14.0},{"not_picked":["Multi-Cast","Echo Form"],"picked":"Buffer","floor":16.0},{"not_picked":["Sweeping Beam","Conserve Battery"],"picked":"Glacier","floor":18.0},{"not_picked":["Static Discharge","Scrape","Cold Snap"],"picked":"SKIP","floor":21.0},{"not_picked":["Go for the Eyes","Lockon"],"picked":"Capacitor+1","floor":22.0},{"not_picked":["Streamline","Recycle"],"picked":"Heatsinks","floor":23.0},{"not_picked":["Lockon","Chaos","Compile Driver"],"picked":"SKIP","floor":25.0},{"not_picked":["Go for the Eyes","Cold Snap","Steam"],"picked":"SKIP","floor":28.0},{"not_picked":["Steam Power","Beam Cell","Undo"],"picked":"SKIP","floor":35.0},{"not_picked":["Genetic Algorithm","Sunder","Cold Snap"],"picked":"SKIP","floor":36.0},{"not_picked":["Sweeping Beam","Gash+1"],"picked":"Coolheaded","floor":38.0},{"not_picked":["Rebound","Ball Lightning+1","Gash"],"picked":"SKIP","floor":39.0},{"not_picked":["AT_HeatAcrobatics+1","Chaos","Chill"],"picked":"SKIP","floor":40.0},{"not_picked":["Hello World","White Noise","Compile Driver+1","Heatsinks"],"picked":"SKIP","floor":44.0},{"not_picked":["BootSequence+1","Melter","Genetic Algorithm+1"],"picked":"Recycle","floor":46.0},{"not_picked":["Rebound","Meteor Strike","Reprogram","Ball Lightning+1"],"picked":"SKIP","floor":47.0},{"not_picked":["Biased Cognition","Steam Power+1","Defragment","Sunder+1"],"picked":"SKIP","floor":48.0},{"not_picked":["AT_ThreeBodyProblem","Streamline","Static Discharge"],"picked":"Creative AI","floor":55}],"player_experience":448849,"relics_obtained":[{"floor":9.0,"key":"MealTicket"},{"floor":23.0,"key":"Bottled Lightning"},{"floor":25.0,"key":"AT_RedTearstoneRing"},{"floor":26.0,"key":"AT_SpeedBoots"},{"floor":38.0,"key":"Incense Burner"},{"floor":40.0,"key":"Smiling Mask"},{"floor":40.0,"key":"Question Card"},{"floor":44.0,"key":"Blue Candle"},{"floor":44.0,"key":"MawBank"},{"floor":46.0,"key":"Ancient Tea Set"},{"floor":46.0,"key":"AT_MibuBalloonWealth"},{"floor":48.0,"key":"Toxic Egg 2"},{"floor":48.0,"key":"StoneCalendar"},{"floor":55,"key":"Akabeko"},{"floor":55,"key":"DataDisk"}],"event_choices":[{"damage_healed":0.0,"max_hp_gain":0.0,"max_hp_loss":0.0,"gold_gain":0.0,"event_name":"Scrap Ooze","player_choice":"Success","floor":12.0,"gold_loss":0.0,"damage_taken":11.0,"relics_obtained":["AT_SunfireAegis"]},{"cards_removed":["Buffer"],"damage_healed":26.0,"max_hp_gain":10.0,"max_hp_loss":0.0,"gold_gain":0.0,"event_name":"Bonfire Elementals","player_choice":"Offered Rare","floor":19.0,"gold_loss":0.0,"damage_taken":0.0},{"damage_healed":0.0,"max_hp_gain":0.0,"max_hp_loss":0.0,"gold_gain":0.0,"event_name":"SensoryStone","player_choice":"Memory 1","floor":37.0,"gold_loss":0.0,"damage_taken":0.0},{"damage_healed":0.0,"max_hp_gain":0.0,"max_hp_loss":0.0,"gold_gain":0.0,"event_name":"MindBloom","player_choice":"Fight","floor":38.0,"gold_loss":0.0,"damage_taken":0.0},{"cards_removed":["Strike_B"],"damage_healed":0.0,"max_hp_gain":0.0,"max_hp_loss":0.0,"gold_gain":0.0,"event_name":"Falling","player_choice":"Removed Attack","floor":41.0,"gold_loss":0.0,"damage_taken":0.0},{"damage_healed":0.0,"max_hp_gain":0.0,"max_hp_loss":0.0,"gold_gain":0.0,"event_name":"Accursed Blacksmith","player_choice":"Forge","floor":42.0,"gold_loss":0.0,"damage_taken":0.0,"cards_upgraded":["Coolheaded"]}],"is_beta":false,"boss_relics":[{"not_picked":["Philosopher\u0027s Stone","Pandora\u0027s Box"],"picked":"AT_TrinityForce"},{"not_picked":["Nuclear Battery","SacredBark"],"picked":"Black Star"}],"items_purged_floors":[10,20,30,45,54],"is_endless":false,"potions_floor_spawned":[1,2,4,8,22,23,33,35,39,44,46,47,55],"ascension_level":20}}