{"host":"4hhgf71pxvqwkagf","time":1610284020,"event":{"mods":["2.2 Compatiblity","AchievementEnabler","BaseMod","Minty Spire (QoL Compilation)","Permanent Neow","Quick Restart","StSLib","SuperFastMode","everything is the same but u backflip on backflip"],"gold_per_floor":[119,119,49,49,65,65,80,80,80,100,114,134,161,182,182,182,182],"floor_reached":16,"playtime":425,"items_purged":[],"score":161,"play_id":"6f673446-b590-4827-a35e-89bcd3a12480","local_time":"20210110220700","is_ascension_mode":true,"campfire_choices":[{"data":"Bash","floor":6,"key":"SMITH"},{"data":"Shrug It Off","floor":8,"key":"SMITH"},{"data":"Clothesline","floor":15,"key":"SMITH"}],"circlet_count":0,"master_deck":["AscendersBane","Strike_R","Strike_R","Strike_R","Strike_R","Strike_R","Defend_R","Defend_R","Defend_R","Defend_R","Bash+1","Pommel Strike+1","Power Through","Shrug It Off+1","Wild Strike","Offering","Clothesline+1"],"relics":["Burning Blood","Ice Cream","CultistMask","Kunai","CeramicFish"],"acts_visited":["Exordium"],"potions_floor_usage":[11,11,16],"damage_taken":[{"damage":4,"enemies":"Small Slimes","floor":1,"turns":4},{"damage":6,"enemies":"Cultist","floor":5,"turns":3},{"damage":0,"enemies":"2 Louse","floor":7,"turns":2},{"damage":6,"enemies":"2 Fungi Beasts","floor":10,"turns":4},{"damage":1,"enemies":"Exordium Thugs","floor":11,"turns":4},{"damage":6,"enemies":"Exordium Wildlife","floor":12,"turns":4},{"damage":30,"enemies":"3 Sentries","floor":13,"turns":10},{"damage":12,"enemies":"2 Fungi Beasts","floor":14,"turns":3},{"damage":24,"enemies":"Hexaghost","floor":16,"turns":8}],"seed_played":"-862851931525518365","potions_obtained":[{"floor":7,"key":"Block Potion"},{"floor":10,"key":"DuplicationPotion"},{"floor":13,"key":"PowerPotion"}],"is_trial":false,"path_per_floor":["M","?","$","?","M","R","M","R","T","M","M","M","E","M","R","B"],"character_chosen":"IRONCLAD","items_purchased":["Power Through"],"campfire_rested":0,"item_purchase_floors":[3],"current_hp_per_floor":[72,72,72,72,72,72,72,72,72,72,72,72,48,42,42,18,18],"gold":182,"neow_bonus":"ONE_RARE_RELIC","is_daily":false,"chose_seed":false,"campfire_upgraded":3,"win_rate":0.0,"timestamp":1610284020,"path_taken":["M","?","$","?","M","R","M","R","T","?","M","M","E","M","R","BOSS"],"items_purchased_type":["Card"],"build_version":"2020-12-22","purchased_purges":0,"victory":false,"max_hp_per_floor":[72,72,72,72,72,72,72,72,72,72,72,72,72,72,72,72,72],"card_choices":[{"not_picked":["Heavy Blade","Body Slam"],"picked":"Pommel Strike","floor":1},{"not_picked":["Perfected Strike","Rage"],"picked":"Shrug It Off","floor":5},{"not_picked":["Cleave","Heavy Blade","Clash"],"picked":"SKIP","floor":7},{"not_picked":["Sword Boomerang","Armaments"],"picked":"Wild Strike","floor":10},{"not_picked":["Warcry","Pommel Strike","True Grit"],"picked":"SKIP","floor":11},{"not_picked":["Iron Wave","Anger"],"picked":"Offering","floor":12},{"not_picked":["Pummel","Pommel Strike","Havoc"],"picked":"SKIP","floor":13},{"not_picked":["Iron Wave","Twin Strike"],"picked":"Clothesline","floor":14}],"player_experience":377471,"relics_obtained":[{"floor":9,"key":"Kunai"},{"floor":13,"key":"CeramicFish"}],"event_choices":[{"damage_healed":0,"gold_gain":0,"player_choice":"Grow","damage_taken":0,"max_hp_gain":0,"max_hp_loss":0,"event_name":"Living Wall","floor":2,"gold_loss":0,"cards_upgraded":["Pommel Strike"]},{"damage_healed":0,"gold_gain":0,"player_choice":"Trade","damage_taken":0,"relics_obtained":["CultistMask"],"max_hp_gain":0,"max_hp_loss":0,"event_name":"FaceTrader","floor":4,"gold_loss":0}],"is_beta":false,"boss_relics":[],"items_purged_floors":[],"is_endless":false,"potions_floor_spawned":[7,10,13],"killed_by":"Hexaghost","ascension_level":11}}