{"host":"9ndbo4kgsfoemf7y","time":1610255670,"event":{"mods":["AchievementEnabler","BaseMod","Colored Map","DeckTracker","Keyboard Shortcuts","Minty Spire (QoL Compilation)","Permanent Neow","Quick Restart","Relic Stats","StSLib","SuperFastMode"],"gold_per_floor":[117,73,83,83,99,99,24,50,50,68,94,111,138,149,149,223,223,238,57,57,71,83,109,109,109,109,209,243,243,243,253,253,325,325,336,354,402,402,419,447,447,465,465,477,146,156,106,118,118,118],"floor_reached":51,"playtime":3604,"items_purged":["Pain","Strike_G","Defend_G+1","Defend_G+1"],"score":1441,"play_id":"d012a620-86f8-4202-927c-b4c39a0628e1","local_time":"20210110141430","is_ascension_mode":true,"campfire_choices":[{"floor":6.0,"key":"REST"},{"floor":15.0,"key":"REST"},{"floor":24.0,"key":"REST"},{"floor":30.0,"key":"REST"},{"floor":32.0,"key":"REST"},{"floor":41.0,"key":"REST"},{"floor":49,"key":"REST"}],"circlet_count":0,"master_deck":["AscendersBane","Strike_G+1","Strike_G+1","Defend_G+1","Defend_G+1","Survivor","Neutralize","Well Laid Plans","Underhanded Strike","Adrenaline","Acrobatics","Blade Dance","Wraith Form v2","Blade Dance","After Image","Tactician","After Image","Acrobatics","Bouncing Flask+1","Deflect+1","Skewer+1","Prepared+1","Adrenaline"],"relics":["Fusion Hammer","WarpedTongs","Bottled Lightning","Shuriken","Bronze Scales","Nunchaku","Cursed Key","Paper Crane","Tingsha","Mummified Hand","Potion Belt","Nilry\u0027s Codex","Astrolabe","Mango","Smiling Mask","Kunai"],"acts_visited":["Exordium","TheCity","TheBeyond"],"potions_floor_usage":[44,50],"damage_taken":[{"damage":14.0,"enemies":"Jaw Worm","floor":1.0,"turns":7.0},{"damage":6.0,"enemies":"Cultist","floor":3.0,"turns":5.0},{"damage":7.0,"enemies":"Small Slimes","floor":5.0,"turns":4.0},{"damage":5.0,"enemies":"Lagavulin","floor":8.0,"turns":10.0},{"damage":3.0,"enemies":"Blue Slaver","floor":10.0,"turns":4.0},{"damage":0.0,"enemies":"3 Sentries","floor":11.0,"turns":8.0},{"damage":1.0,"enemies":"Looter","floor":12.0,"turns":3.0},{"damage":26.0,"enemies":"Gremlin Nob","floor":13.0,"turns":4.0},{"damage":3.0,"enemies":"Lots of Slimes","floor":14.0,"turns":3.0},{"damage":2.0,"enemies":"Slime Boss","floor":16.0,"turns":7.0},{"damage":0.0,"enemies":"Spheric Guardian","floor":18.0,"turns":4.0},{"damage":11.0,"enemies":"Chosen","floor":21.0,"turns":5.0},{"damage":0.0,"enemies":"3 Cultists","floor":22.0,"turns":5.0},{"damage":1.0,"enemies":"Book of Stabbing","floor":23.0,"turns":4.0},{"damage":2.0,"enemies":"Colosseum Slavers","floor":27.0,"turns":5.0},{"damage":2.0,"enemies":"Colosseum Nobs","floor":27.0,"turns":5.0},{"damage":22.0,"enemies":"Slavers","floor":28.0,"turns":6.0},{"damage":10.0,"enemies":"Snake Plant","floor":31.0,"turns":4.0},{"damage":3.0,"enemies":"Champ","floor":33.0,"turns":7.0},{"damage":0.0,"enemies":"Orb Walker","floor":35.0,"turns":3.0},{"damage":33.0,"enemies":"3 Darklings","floor":36.0,"turns":6.0},{"damage":8.0,"enemies":"2 Orb Walkers","floor":37.0,"turns":4.0},{"damage":12.0,"enemies":"4 Shapes","floor":39.0,"turns":5.0},{"damage":0.0,"enemies":"Giant Head","floor":40.0,"turns":6.0},{"damage":1.0,"enemies":"Jaw Worm Horde","floor":42.0,"turns":4.0},{"damage":19,"enemies":"Writhing Mass","floor":44,"turns":4},{"damage":0,"enemies":"Transient","floor":46,"turns":6},{"damage":0,"enemies":"Maw","floor":48,"turns":4},{"damage":16,"enemies":"Donu and Deca","floor":50,"turns":6}],"seed_played":"1410138863412768593","potions_obtained":[{"floor":10.0,"key":"SkillPotion"},{"floor":13.0,"key":"Explosive Potion"},{"floor":14.0,"key":"Ancient Potion"},{"floor":18.0,"key":"EssenceOfSteel"},{"floor":22.0,"key":"LiquidMemories"},{"floor":31.0,"key":"FearPotion"},{"floor":39.0,"key":"Regen Potion"},{"floor":42.0,"key":"PowerPotion"},{"floor":44,"key":"CunningPotion"},{"floor":48,"key":"LiquidBronze"}],"is_trial":false,"path_per_floor":["M","$","M","?","M","R","$","E","T","M","E","M","E","M","R","B",null,"M","$","?","M","M","E","R","?","T","?","E","?","R","M","R","B",null,"M","M","?","?","M","E","R","M","T","M","$","M","$","M","R","B",null],"character_chosen":"THE_SILENT","items_purchased":["Well Laid Plans","Tactician","Kunai"],"campfire_rested":7,"item_purchase_floors":[2,19,45],"current_hp_per_floor":[45,45,39,39,32,51,51,46,46,43,43,42,16,13,32,30,57,57,57,57,46,46,45,64,64,64,60,38,17,36,26,45,42,60,60,27,33,33,21,21,45,44,44,39,39,39,39,39,63,47],"gold":118,"neow_bonus":"BOSS_RELIC","is_daily":false,"chose_seed":false,"campfire_upgraded":0,"win_rate":0.0,"timestamp":1610255670,"path_taken":["M","$","M","?","M","R","$","E","T","M","E","M","E","M","R","BOSS","M","$","?","M","M","E","R","?","T","?","E","?","R","?","R","BOSS","M","M","?","?","?","E","R","M","T","M","$","M","$","M","R","BOSS"],"items_purchased_type":["Card","Card","Relic"],"build_version":"2020-12-22","purchased_purges":4,"victory":true,"max_hp_per_floor":[66,66,66,66,66,66,66,66,66,66,66,66,66,66,66,66,66,66,66,66,66,66,66,66,66,66,66,66,66,66,66,66,66,66,66,66,80,80,80,80,80,80,80,80,80,80,80,80,80,80],"relic_stats":{"Nunchaku":[40],"counters":[29,148],"Shuriken":[103],"Mummified Hand":[74],"Bronze Scales":[294],"Astrolabe":["Bouncing Flask","Deflect","Skewer"],"Tingsha":[214],"Kunai":[26],"Cursed Key":0,"Smiling Mask":175,"obtain_stats":[{"Potion Belt":28,"Nilry\u0027s Codex":29,"Astrolabe":34,"Tingsha":27,"Mango":37,"Paper Crane":23,"Cursed Key":17,"Smiling Mask":40,"WarpedTongs":4,"Nunchaku":13,"Shuriken":9,"Mummified Hand":27,"Bronze Scales":11,"Fusion Hammer":0,"Bottled Lightning":8,"Kunai":45,"Ring of the Snake":0},{"Potion Belt":17,"Nilry\u0027s Codex":17,"Astrolabe":19,"Tingsha":16,"Mango":22,"Paper Crane":14,"Cursed Key":10,"Smiling Mask":24,"WarpedTongs":2,"Nunchaku":8,"Shuriken":4,"Mummified Hand":16,"Bronze Scales":6,"Fusion Hammer":0,"Bottled Lightning":4,"Kunai":26,"Ring of the Snake":0},{"Potion Belt":89,"Nilry\u0027s Codex":89,"Astrolabe":100,"Tingsha":83,"Mango":113,"Paper Crane":73,"Cursed Key":55,"Smiling Mask":124,"WarpedTongs":12,"Nunchaku":45,"Shuriken":26,"Mummified Hand":83,"Bronze Scales":38,"Fusion Hammer":0,"Bottled Lightning":26,"Kunai":132,"Ring of the Snake":0}],"WarpedTongs":[133]},"card_choices":[{"not_picked":["PiercingWail","Deflect","Poisoned Stab"],"picked":"SKIP","floor":1.0},{"not_picked":["Cloak And Dagger","Prepared"],"picked":"Underhanded Strike","floor":3.0},{"not_picked":["Quick Slash","Flechettes"],"picked":"Adrenaline","floor":5.0},{"not_picked":["Outmaneuver","Concentrate","Setup"],"picked":"SKIP","floor":8.0},{"not_picked":["PiercingWail","Poisoned Stab","Dagger Spray"],"picked":"SKIP","floor":10.0},{"not_picked":["Underhanded Strike","Outmaneuver"],"picked":"Acrobatics","floor":11.0},{"not_picked":["Sucker Punch","Deadly Poison"],"picked":"Blade Dance","floor":12.0},{"not_picked":["Dash","Backflip"],"picked":"Wraith Form v2","floor":13.0},{"not_picked":["Well Laid Plans","Sucker Punch"],"picked":"Blade Dance","floor":14.0},{"not_picked":["Glass Knife","Die Die Die"],"picked":"After Image","floor":16.0},{"not_picked":["PiercingWail","Underhanded Strike","Quick Slash"],"picked":"SKIP","floor":18.0},{"not_picked":["Leg Sweep","Deflect","Bane"],"picked":"SKIP","floor":21.0},{"not_picked":["Blade Dance","Endless Agony","Slice"],"picked":"SKIP","floor":22.0},{"not_picked":["Caltrops","Heel Hook","Dagger Spray"],"picked":"SKIP","floor":23.0},{"not_picked":["Backflip","Blade Dance"],"picked":"After Image","floor":27.0},{"not_picked":["Well Laid Plans","Cloak And Dagger","Dagger Throw"],"picked":"SKIP","floor":28.0},{"not_picked":["Dodge and Roll","Underhanded Strike"],"picked":"Acrobatics","floor":31.0},{"not_picked":["Masterful Stab","Dagger Spray","Endless Agony"],"picked":"SKIP","floor":35.0},{"not_picked":["Skewer","Outmaneuver"],"picked":"Prepared+1","floor":36.0},{"not_picked":["Deflect","Leg Sweep","Blade Dance"],"picked":"SKIP","floor":39.0},{"not_picked":["Backflip+1","Sucker Punch","PiercingWail"],"picked":"SKIP","floor":40.0},{"not_picked":["Deflect","Sucker Punch+1","Deadly Poison"],"picked":"SKIP","floor":42.0},{"not_picked":["Sucker Punch","Quick Slash","Dodge and Roll"],"picked":"SKIP","floor":44},{"not_picked":["Masterful Stab","All Out Attack","Glass Knife"],"picked":"SKIP","floor":46},{"not_picked":["Dodge and Roll","Blade Dance","Bane"],"picked":"SKIP","floor":48}],"player_experience":801452,"relics_obtained":[{"floor":8.0,"key":"Bottled Lightning"},{"floor":9.0,"key":"Shuriken"},{"floor":11.0,"key":"Bronze Scales"},{"floor":13.0,"key":"Nunchaku"},{"floor":23.0,"key":"Paper Crane"},{"floor":27.0,"key":"Tingsha"},{"floor":27.0,"key":"Mummified Hand"},{"floor":28.0,"key":"Potion Belt"},{"floor":29.0,"key":"Nilry\u0027s Codex"},{"floor":37.0,"key":"Mango"},{"floor":40.0,"key":"Smiling Mask"}],"event_choices":[{"damage_healed":0.0,"max_hp_gain":0.0,"max_hp_loss":0.0,"gold_gain":0.0,"event_name":"Accursed Blacksmith","player_choice":"Rummage","floor":4.0,"gold_loss":0.0,"damage_taken":0.0,"relics_obtained":["WarpedTongs"],"cards_obtained":["Pain"]},{"damage_healed":0.0,"max_hp_gain":0.0,"max_hp_loss":0.0,"gold_gain":0.0,"event_name":"Back to Basics","player_choice":"Simplicity","floor":20.0,"gold_loss":0.0,"damage_taken":0.0,"cards_upgraded":["Strike_G","Strike_G","Strike_G","Strike_G","Defend_G","Defend_G","Defend_G","Defend_G","Defend_G"]},{"damage_healed":0.0,"max_hp_gain":0.0,"max_hp_loss":0.0,"gold_gain":0.0,"event_name":"Ghosts","player_choice":"Ignored","floor":25.0,"gold_loss":0.0,"damage_taken":0.0},{"damage_healed":0.0,"max_hp_gain":0.0,"max_hp_loss":0.0,"gold_gain":0.0,"event_name":"Colosseum","player_choice":"Fight","floor":27.0,"gold_loss":0.0,"damage_taken":0.0},{"damage_healed":0.0,"max_hp_gain":0.0,"max_hp_loss":0.0,"gold_gain":0.0,"event_name":"Colosseum","player_choice":"Fought Nobs","floor":27.0,"gold_loss":0.0,"damage_taken":0.0},{"damage_healed":0.0,"max_hp_gain":0.0,"max_hp_loss":0.0,"gold_gain":0.0,"event_name":"Cursed Tome","player_choice":"Obtained Book","floor":29.0,"gold_loss":0.0,"damage_taken":21.0},{"damage_healed":0.0,"max_hp_gain":0.0,"max_hp_loss":0.0,"gold_gain":0.0,"event_name":"Mysterious Sphere","player_choice":"Fight","floor":37.0,"gold_loss":0.0,"damage_taken":0.0},{"damage_healed":0.0,"max_hp_gain":0.0,"max_hp_loss":0.0,"gold_gain":0.0,"event_name":"Duplicator","player_choice":"Copied","floor":38.0,"gold_loss":0.0,"damage_taken":0.0,"cards_obtained":["Adrenaline"]}],"is_beta":false,"boss_relics":[{"not_picked":["Runic Dome","Snecko Eye"],"picked":"Cursed Key"},{"not_picked":["Velvet Choker","SacredBark"],"picked":"Astrolabe"}],"items_purged_floors":[7,19,45,47],"is_endless":false,"potions_floor_spawned":[10,13,14,18,21,22,31,39,42,44,48],"ascension_level":19}}