{"host":"tvwbxqry54t86y0v","time":1610272378,"event":{"mods":["2.2 Compatiblity","A Magickal Journey","Astrologer","BaseMod","Beaked The Cultist","BetterRewards","Block Reminder","Clockwork Mod","Colored Powertips","DeckTracker","Downfall","Fiend Mod","GungeonMod","Hermit","Hubris","Infinite Spire","Ironclad Rager","Marked Mod","Mimic Mod","Minty Spire (QoL Compilation)","Potionbrewer","Replay The Spire","Shade Mod","Somnambulant","StSLib","The Bug Knight","The Cursed","The Druid","The Elementalist","The Exalted","The Forsaken","The Hierophant","The Jungle","The Marked","The Mystic","The Problem Sleuth","The Runesmith","The Senshi","The Spell Scribe","The Valiant","The Wild Card","TheFirefly","TheHeartMod","Unceasing Turn Reminder","thorton"],"gold_per_floor":[119,132,151,161,177,177,196,196,196,208,224,259,259,275,275,379,379,393,411,461,475,475,501,501,530,584,598,617,617,627,637,637,737,737,750,750,800,800,927,927,927,927],"floor_reached":41,"playtime":2026,"items_purged":[],"score":466,"play_id":"07d4c702-936d-45c6-a067-b5f8cbb48ab9","local_time":"20210110205258","is_ascension_mode":false,"campfire_choices":[{"data":"Fiend:FiendRam","floor":6,"key":"SMITH"},{"floor":15,"key":"REST"},{"data":"Fiend:FiendSalvage","floor":24,"key":"SMITH"},{"data":"Fiend:FiendSalvage","floor":29,"key":"SMITH"},{"floor":32,"key":"REST"},{"data":"Fiend:FiendMeatMagnet","floor":40,"key":"SMITH"}],"circlet_count":0,"master_deck":["Fiend:FiendDemonSlash","Fiend:FiendDemonSlash","Fiend:FiendDemonSlash","Fiend:FiendDemonSlash","Fiend:FiendDemonSlash","Fiend:FiendFortify","Fiend:FiendFortify","Fiend:FiendFortify","Fiend:FiendFortify","Fiend:FiendConsume","Fiend:FiendRam+1","Fiend:FiendBloodlust","Fiend:FiendSalvage+1","Fiend:FiendRam","Fiend:FiendSalvage+1","Fiend:FiendBloodPrice","infinitespire:Gouge","Fiend:FiendExecute","Fiend:FiendExecute","Fiend:FiendHellBeam","Fiend:FiendDeepenWound","Fiend:FiendRam+1","Fiend:FiendVaccine","Fiend:FiendBlackMarket+1","Fiend:FiendMeatMagnet+1"],"relics":["Fiend:FiendTotem","infinitespire:WardingShard","hubris:SlimyHat","hubris:ScarierMask","Smiling Mask","DemoMod:PoisonVial","Potion Belt","Bromod:ArcaneEnergize","Torii","Replay:Fungal Core","potionbrewer:AlchemistFlask","theSleuth:SaltedMelon","theSleuth:SaltedMelon"],"acts_visited":["Exordium","TheCity","TheBeyond"],"potions_floor_usage":[12,12,30,33,37,39,41],"damage_taken":[{"damage":0,"enemies":"2 Louse","floor":1,"turns":3},{"damage":7,"enemies":"Jaw Worm","floor":2,"turns":3},{"damage":0,"enemies":"Small Slimes","floor":3,"turns":3},{"damage":6,"enemies":"Looter","floor":4,"turns":3},{"damage":7,"enemies":"2 Fungi Beasts","floor":5,"turns":4},{"damage":5,"enemies":"Large Slime","floor":7,"turns":5},{"damage":3,"enemies":"Looter","floor":10,"turns":2},{"damage":5,"enemies":"Exordium Thugs","floor":11,"turns":6},{"damage":0,"enemies":"Gremlin Nob","floor":12,"turns":2},{"damage":7,"enemies":"3 Louse","floor":14,"turns":3},{"damage":19,"enemies":"Hexaghost","floor":16,"turns":7},{"damage":13,"enemies":"Shell Parasite","floor":18,"turns":6},{"damage":4,"enemies":"Spheric Guardian","floor":19,"turns":4},{"damage":2,"enemies":"3 Cultists","floor":21,"turns":4},{"damage":6,"enemies":"Slavers","floor":23,"turns":4},{"damage":17,"enemies":"Book of Stabbing","floor":25,"turns":6},{"damage":2,"enemies":"Centurion and Healer","floor":27,"turns":3},{"damage":0,"enemies":"Chosen and Byrds","floor":28,"turns":3},{"damage":0,"enemies":"Shelled Parasite and Fungi","floor":30,"turns":3},{"damage":9,"enemies":"Centurion and Healer","floor":31,"turns":2},{"damage":19,"enemies":"Champ","floor":33,"turns":11},{"damage":13,"enemies":"3 Shapes","floor":35,"turns":4},{"damage":25,"enemies":"Mind Bloom Boss Battle","floor":37,"turns":11},{"damage":8,"enemies":"3 Darklings","floor":39,"turns":4},{"damage":55,"enemies":"Giant Head","floor":41,"turns":6}],"seed_played":"-2552269338985784729","potions_obtained":[{"floor":2,"key":"Dexterity Potion"},{"floor":4,"key":"sneckomod:MuddlingPotion"},{"floor":7,"key":"Dexterity Potion"},{"floor":12,"key":"potionbrewer:BoundlessPotion"},{"floor":16,"key":"DuplicationPotion"},{"floor":27,"key":"Block Potion"},{"floor":28,"key":"potionbrewer:ToxicPotion"},{"floor":31,"key":"BlessingOfTheForge"},{"floor":33,"key":"GamblersBrew"},{"floor":35,"key":"AttackPotion"},{"floor":37,"key":"Swift Potion"}],"is_trial":false,"path_per_floor":["M","M","M","M","M","R","M","?","T","M","M","E","?","M","R","B",null,"M","M","?","M","?","E","R","E","T","M","M","R","M","M","R","B",null,"M","AVR","?","?","M","R","E"],"character_chosen":"THE_FIEND","items_purchased":[],"campfire_rested":2,"item_purchase_floors":[],"current_hp_per_floor":[70,63,63,57,50,50,49,32,32,29,29,29,29,22,43,24,72,59,60,60,63,63,63,63,53,53,51,56,56,56,47,70,51,77,74,74,49,49,41,43,0,0],"gold":927,"neow_bonus":"THREE_CARDS","is_daily":false,"chose_seed":false,"campfire_upgraded":4,"win_rate":0.0,"timestamp":1610272378,"path_taken":["M","M","M","M","M","R","M","?","T","M","M","E","?","M","R","BOSS","M","M","?","M","?","E","R","E","T","M","M","R","M","M","R","BOSS","M","AVR","?","?","M","R","E"],"items_purchased_type":[],"build_version":"2020-12-22","purchased_purges":0,"victory":false,"max_hp_per_floor":[70,70,70,70,70,70,71,71,71,71,72,72,72,72,72,72,72,72,73,73,74,74,75,75,76,76,76,77,77,77,77,77,77,77,78,78,78,78,78,80,81,81],"card_choices":[{"not_picked":["Fiend:FiendVaccine","Fiend:FiendInjection"],"picked":"Fiend:FiendRam","floor":0},{"not_picked":["Fiend:FiendAlchemeat","Fiend:FiendBackFromHell"],"picked":"Fiend:FiendBloodlust","floor":1},{"not_picked":["Fiend:FiendRage","Fiend:FiendMeatShield"],"picked":"Fiend:FiendSalvage","floor":2},{"not_picked":["Fiend:FiendFiendishCharge","Fiend:FiendDemonicContract"],"picked":"Fiend:FiendRam","floor":3},{"not_picked":["Fiend:FiendAbomination","Fiend:FiendRampage","Fiend:FiendCancer"],"picked":"SKIP","floor":4},{"not_picked":["Fiend:FiendDeepenWound","Fiend:FiendRage"],"picked":"Fiend:FiendSalvage","floor":5},{"not_picked":["Fiend:FiendDemonicContract","Fiend:FiendHarden"],"picked":"Fiend:FiendBloodPrice","floor":7},{"not_picked":["infinitespire:Execution","infinitespire:DeathsTouch"],"picked":"infinitespire:Gouge","floor":8},{"not_picked":["Fiend:FiendRam","Fiend:FiendMeatShield"],"picked":"Fiend:FiendExecute","floor":10},{"not_picked":["Fiend:FiendFleshWhip","Fiend:FiendSplat","Fiend:FiendMutilation"],"picked":"SKIP","floor":11},{"not_picked":["Fiend:FiendAbomination","Fiend:FiendRadiation","Fiend:FiendMeatMagnet"],"picked":"SKIP","floor":12},{"not_picked":["Fiend:FiendFleshPlating","Fiend:FiendConserve","Fiend:FiendCancer"],"picked":"SKIP","floor":14},{"not_picked":["Fiend:FiendConserve+1","Fiend:FiendUpstartDemon","Fiend:FiendRadiation"],"picked":"SKIP","floor":18},{"not_picked":["Fiend:FiendRampage","Fiend:FiendRam","Fiend:FiendSiphon"],"picked":"SKIP","floor":19},{"not_picked":["Fiend:FiendViolentOutburst","Fiend:FiendMeatPaste"],"picked":"Fiend:FiendExecute","floor":21},{"not_picked":["Fiend:FiendDemonicContract","Fiend:FiendBloodlust","Fiend:FiendUpstartDemon"],"picked":"SKIP","floor":23},{"not_picked":["Fiend:FiendBloodlust","Fiend:FiendRam"],"picked":"Fiend:FiendHellBeam","floor":25},{"not_picked":["Fiend:FiendRam+1","Fiend:FiendTransmeatation"],"picked":"Fiend:FiendDeepenWound","floor":27},{"not_picked":["Fiend:FiendVaccine","Fiend:FiendMeatShield"],"picked":"Fiend:FiendRam+1","floor":28},{"not_picked":["Fiend:FiendRam","Fiend:FiendLeech+1","Fiend:FiendGreaterDemonSlash+1"],"picked":"SKIP","floor":30},{"not_picked":["Fiend:FiendAlchemeat+1","Fiend:FiendSplat","Fiend:FiendMeatMagnet+1"],"picked":"SKIP","floor":31},{"not_picked":["Fiend:FiendConserve","Fiend:FiendInjection+1"],"picked":"Fiend:FiendVaccine","floor":35},{"not_picked":["Fiend:FiendAlchemeat","Fiend:FiendFlay+1"],"picked":"Fiend:FiendBlackMarket+1","floor":37},{"not_picked":["Fiend:FiendBackFromHell+1","Fiend:FiendBloodlust"],"picked":"Fiend:FiendMeatMagnet","floor":39}],"player_experience":1093577,"relics_obtained":[{"floor":9,"key":"infinitespire:WardingShard"},{"floor":12,"key":"hubris:SlimyHat"},{"floor":23,"key":"Smiling Mask"},{"floor":25,"key":"DemoMod:PoisonVial"},{"floor":26,"key":"Potion Belt"},{"floor":37,"key":"potionbrewer:AlchemistFlask"}],"event_choices":[{"damage_healed":0,"gold_gain":0,"player_choice":"Ignored","damage_taken":0,"max_hp_gain":0,"max_hp_loss":0,"event_name":"Vampires","floor":22,"gold_loss":0},{"damage_healed":0,"gold_gain":0,"player_choice":"Fight","damage_taken":0,"max_hp_gain":0,"max_hp_loss":0,"event_name":"MindBloom","floor":37,"gold_loss":0}],"is_beta":false,"boss_relics":[{"not_picked":["hubris:BlackHole","thethorton:BottledFunds"],"picked":"hubris:ScarierMask"},{"not_picked":["Pandora\u0027s Box","hubris:TerracottaHorce"],"picked":"Bromod:ArcaneEnergize"}],"items_purged_floors":[],"is_endless":false,"potions_floor_spawned":[2,4,7,10,12,16,19,23,27,28,31,33,35,37],"killed_by":"Giant Head","ascension_level":0}}