{"host":"m9b9nkcj1hzhp9h6","time":1610291726,"event":{"mods":["100% Spire Juice","AchievementEnabler","Act Like it!","AlwaysNeverKeys","Aspiration","BaseMod","Better Altar","Better Match","Better Note","Better Sensory Stone","Better Silent Start","Better Skull","Better Third Choice","Better Vampires","BetterRewards","Booster Modes","Colored Map","Colored Powertips","Colorless Booster Pack","Conspire","Custom Start","Dark Map","Defective Defect","Dio Mod","Displayed Cursed Tome","Dota2Spire","Downfall","Elementarium","Emptier Cage","Energized Spire","Fox Events","Friendly Minions","Gensokyo","GifTheSpireLib","Halation","HexUI Lib","Hubris","Infinite Spire","Ironclad Rager","Jedi Mod","Mari Mod (Legacy)","Mari\u0027s V1 Patch","Marked Mod","Menagerie","Mimic Mod","Minty Spire (QoL Compilation)","Pale of the Ancients","Permanent Neow","Poor People Problems","Prisma Mod","RRrroohrrRGHHhhh!!","Random Character Button","Random Character Mod","Relic Sorter","Relic Stats","Remilia??????","Replay The Spire","Reworked Bosses","Robot Space Explorer","RumiaBox-????????","SCP261 Mod","SacredBarkPlus","Small Relic Pack","Spikes Relics","StSLib","Stuff the Spire","The Animator","The Blue Laboratory","The Factory","The IronCluck","The Jungle","Trackpad","Transform Curses","Useless Jewels Mod","Virulent Crown","Waifu the Spire","Wandering Minibosses","Yohane!","Yuri Mod","egg","slay the spire mod where everything is the same but ironclad has a cowboy hat","thorton","vexMod"],"gold_per_floor":[118,10,21,33,44,69,80,113,136,162,162,176,209,220,220,324,324,324,324],"floor_reached":18,"playtime":795,"items_purged":[],"score":285,"play_id":"1a870a4d-64e1-4298-b70d-a804c63d4855","local_time":"20210110171526","is_ascension_mode":true,"campfire_choices":[{"data":"Limit Break","floor":11,"key":"SMITH"}],"circlet_count":0,"master_deck":["Strike_R","Strike_R","Strike_R","Strike_R","Strike_R","Defend_R","Defend_R","Defend_R","Defend_R","Bash","Limit Break+1","Limit Break","Spot Weakness+1","True Grit","Heavy Blade","ReplayTheSpireMod:Muscle Training","True Grit","Limit Break"],"relics":["Burning Blood","NeowsBlessing","SpikesRelics:ToyHorsey","MealTicket","Dota2Spire:MagicBottle","hubris:MobiusCoin","vexMod:FocusSash","vexMod:MysteryBossChallenge","infinitespire:Burning Sword"],"acts_visited":["Exordium","Exordium"],"potions_floor_usage":[6,6,8,16,18],"damage_taken":[{"damage":0,"enemies":"Cultist","floor":1,"turns":1},{"damage":0,"enemies":"Small Slimes","floor":3,"turns":1},{"damage":0,"enemies":"Jaw Worm","floor":4,"turns":1},{"damage":9,"enemies":"2 Fungi Beasts","floor":5,"turns":3},{"damage":8,"enemies":"3 Sentries","floor":6,"turns":6},{"damage":15,"enemies":"Exordium Thugs","floor":7,"turns":3},{"damage":35,"enemies":"Lagavulin","floor":8,"turns":8},{"damage":22,"enemies":"3 Sentries","floor":10,"turns":7},{"damage":9,"enemies":"conspire:2 RoseBushes","floor":12,"turns":3},{"damage":35,"enemies":"Lagavulin","floor":13,"turns":6},{"damage":6,"enemies":"Looter","floor":14,"turns":3},{"damage":31,"enemies":"The Guardian","floor":16,"turns":9},{"damage":74,"enemies":"theJungle:5_Spyders","floor":18,"turns":6}],"seed_played":"1574452348191358623","potions_obtained":[{"floor":3,"key":"Swift Potion"},{"floor":5,"key":"SkillPotion"},{"floor":7,"key":"Block Potion"},{"floor":13,"key":"blueLaboratory:ImpenetrablePotion"},{"floor":14,"key":"PowerPotion"}],"is_trial":false,"path_per_floor":["M","$","M","M","M","E","M","E","T","E","R","M","E","M","R_BF","B",null,"M"],"character_chosen":"IRONCLAD","items_purchased":["Limit Break"],"campfire_rested":0,"item_purchase_floors":[2],"current_hp_per_floor":[78,78,80,80,77,75,66,37,37,39,39,36,19,19,43,18,65,0,0],"gold":324,"neow_bonus":"THREE_ENEMY_KILL","is_daily":false,"chose_seed":false,"campfire_upgraded":1,"win_rate":0.0,"timestamp":1610291726,"path_taken":["M","?","M","M","M","E","M","E","T","E","R","M","E","M","R_BF","BOSS","M"],"items_purchased_type":["Card"],"build_version":"2020-12-22","purchased_purges":0,"victory":false,"max_hp_per_floor":[80,80,80,80,80,80,80,80,80,80,80,80,80,80,80,80,80,80,80],"relic_stats":{"counters":[13,57],"MealTicket":0,"obtain_stats":[{"Dota2Spire:MagicBottle":9,"hubris:MobiusCoin":10,"SpikesRelics:ToyHorsey":6,"NeowsBlessing":0,"vexMod:MysteryBossChallenge":17,"MealTicket":8,"infinitespire:Burning Sword":17,"vexMod:FocusSash":13,"Burning Blood":0},{"Dota2Spire:MagicBottle":7,"hubris:MobiusCoin":8,"SpikesRelics:ToyHorsey":5,"NeowsBlessing":0,"vexMod:MysteryBossChallenge":12,"MealTicket":7,"infinitespire:Burning Sword":12,"vexMod:FocusSash":10,"Burning Blood":0},{"Dota2Spire:MagicBottle":23,"hubris:MobiusCoin":30,"SpikesRelics:ToyHorsey":12,"NeowsBlessing":0,"vexMod:MysteryBossChallenge":51,"MealTicket":23,"infinitespire:Burning Sword":51,"vexMod:FocusSash":39,"Burning Blood":0}],"Burning Blood":62},"card_choices":[{"not_picked":["jedi:fear","Pommel Strike","Clothesline"],"picked":"SKIP","floor":1},{"not_picked":["Twin Strike","Replay:Undeath\u0027s Touch"],"picked":"Spot Weakness","floor":3},{"not_picked":["Entrench","True Grit","Invigoration"],"picked":"SKIP","floor":4},{"not_picked":["Entrench","Invigoration"],"picked":"True Grit","floor":4},{"not_picked":["Shockwave","Body Slam"],"picked":"Heavy Blade","floor":5},{"not_picked":["Anger","jedi:collectorstrike","Infernal Blade"],"picked":"SKIP","floor":6},{"not_picked":["StuffTheSpire:BloodClot","rorgmod:Immolate"],"picked":"ReplayTheSpireMod:Muscle Training","floor":7},{"not_picked":["Body Slam","ReplayTheSpireMod:Stacked","StuffTheSpire:RagingBull"],"picked":"SKIP","floor":8},{"not_picked":["Twin Strike","hubris:StunningStrike","Cleave"],"picked":"SKIP","floor":10},{"not_picked":["ReplayTheSpireMod:Muscle Training","Perfected Strike"],"picked":"True Grit","floor":12},{"not_picked":["conspire:HitWhereItHurts","Replay:Undeath\u0027s Touch","ReplayTheSpireMod:Corrosion Curse"],"picked":"SKIP","floor":13},{"not_picked":["Thunderclap","hubris:ReadiedAction","Hemokinesis"],"picked":"SKIP","floor":14},{"not_picked":["hubris:StunningStrike","Offering"],"picked":"Limit Break","floor":16}],"player_experience":1405231,"relics_obtained":[{"floor":6,"key":"SpikesRelics:ToyHorsey"},{"floor":8,"key":"MealTicket"},{"floor":9,"key":"Dota2Spire:MagicBottle"},{"floor":10,"key":"hubris:MobiusCoin"},{"floor":13,"key":"vexMod:FocusSash"}],"event_choices":[],"is_beta":false,"boss_relics":[{"not_picked":["Replay:Grab Bag","halation:PinkAlligatorPlush"],"picked":"vexMod:MysteryBossChallenge"}],"items_purged_floors":[],"is_endless":false,"potions_floor_spawned":[3,5,7,13,14],"killed_by":"theJungle:5_Spyders","ascension_level":6}}