{"host":"j7au2ovow4c9pz79","time":1610306216,"event":{"mods":["AchievementEnabler","BaseMod","Better Third Choice","BetterRewards","Colored Powertips","Defuse TimeMaze Blight","Energized Spire","Googly Eyes","Hubris","Infinite Spire","Minty Spire (QoL Compilation)","Quick Restart","Replay The Spire","Spicy Shops","StSLib","SuperFastMode","Transform Curses"],"gold_per_floor":[118,101,114,125,136,161,161,172,197,209,209,413,440,69,69,174,174,192,192,212,212,212,212,224,224,251,251,27,37,37,57,57,154,154,178,207,104,104,124,124,124],"floor_reached":40,"playtime":1049,"items_purged":["Replay:Hysterical Blindness"],"score":598,"play_id":"395fb45b-ba56-45d0-b4a1-114e23aa348f","local_time":"20210110201656","is_ascension_mode":false,"campfire_choices":[{"data":"hubris:EnhanceAbility","floor":7,"key":"SMITH"},{"data":"Ghostly Armor","floor":11,"key":"SMITH"},{"data":"Limit Break","floor":15,"key":"SMITH"},{"data":"Clash","floor":23,"key":"SMITH"},{"data":"infinitespire:SevenWalls","floor":25,"key":"SMITH"},{"data":"Seeing Red","floor":27,"key":"SMITH"},{"data":"Whirlwind","floor":30,"key":"SMITH"},{"floor":32,"key":"RECALL"}],"circlet_count":0,"master_deck":["Strike_R","Strike_R","Strike_R","Strike_R","Strike_R","Defend_R","Defend_R","Defend_R","Defend_R","Bash","Flash of Steel","True Grit","hubris:EnhanceAbility+1","Perfected Strike","Clash+1","Ghostly Armor+1","Pommel Strike","Seeing Red+1","Pommel Strike","Limit Break+1","Sword Boomerang","Impervious","Whirlwind+1","infinitespire:SevenWalls+1","Anger+1","Seeing Red+1","ReplayTheSpireMod:Muscle Training+1","Uppercut+1","Demon Form","Perfected Strike","Heavy Blade","Seeing Red"],"relics":["Burning Blood","Replay:Wax Seal","Vajra","Bag of Preparation","HandDrill","Brimstone","hubris:ScarierMask","Nloth\u0027s Gift","Pen Nib","Blood Vial","infinitespire:EvilPickle","hubris:Backtick","Membership Card","Replay:Arrowhead","ReplayTheSpireMod:CursedCoin","Mummified Hand","Lee\u0027s Waffle","Red Skull"],"acts_visited":["Exordium","TheCity","TheBeyond"],"potions_floor_usage":[13],"damage_taken":[{"damage":0,"enemies":"Small Slimes","floor":1,"turns":4},{"damage":0,"enemies":"2 Louse","floor":3,"turns":4},{"damage":0,"enemies":"Cultist","floor":4,"turns":4},{"damage":0,"enemies":"Looter","floor":5,"turns":4},{"damage":35,"enemies":"Lagavulin","floor":6,"turns":8},{"damage":8,"enemies":"Gremlin Gang","floor":8,"turns":5},{"damage":0,"enemies":"2 Fungi Beasts","floor":10,"turns":3},{"damage":1,"enemies":"3 Sentries","floor":13,"turns":8},{"damage":0,"enemies":"Slime Boss","floor":16,"turns":5},{"damage":0,"enemies":"Chosen","floor":18,"turns":3},{"damage":0,"enemies":"Spheric Guardian","floor":20,"turns":3},{"damage":0,"enemies":"Shelled Parasite and Fungi","floor":24,"turns":2},{"damage":9,"enemies":"Snake Plant","floor":29,"turns":3},{"damage":0,"enemies":"Cultist and Chosen","floor":31,"turns":3},{"damage":59,"enemies":"Pondfish","floor":33,"turns":7},{"damage":0,"enemies":"3 Shapes","floor":35,"turns":3},{"damage":0,"enemies":"Orb Walker","floor":36,"turns":2},{"damage":0,"enemies":"3 Darklings","floor":39,"turns":3},{"damage":90,"enemies":"Nightmare","floor":40,"turns":4}],"seed_played":"-9025287221201557597","potions_obtained":[{"floor":6,"key":"Block Potion"},{"floor":16,"key":"LifebloodPotion"},{"floor":18,"key":"SneckoOil"},{"floor":20,"key":"PowerPotion"}],"is_trial":false,"path_per_floor":["M","$","M","M","M","E","R","M","T","M","R","?","E","$","R","B",null,"M","AVR","M","?","?","R","M","R","T","R","$","M","R","M","R","B",null,"M","M","$","?","M","NM"],"character_chosen":"IRONCLAD","items_purchased":["hubris:EnhanceAbility","Gremlin Food","HandDrill","Brimstone","Pen Nib","Blood Vial","Replay:Arrowhead","ReplayTheSpireMod:CursedCoin","Mummified Hand","Lee\u0027s Waffle","Red Skull"],"campfire_rested":0,"item_purchase_floors":[2,14,14,14,28,28,37,37,37,37,37],"current_hp_per_floor":[80,80,80,80,80,51,51,49,49,55,55,35,40,40,40,46,80,80,80,80,80,80,80,80,80,80,80,80,77,77,80,80,27,80,80,80,87,87,87,0,0],"gold":124,"neow_bonus":"RANDOM_COLORLESS","is_daily":false,"chose_seed":false,"campfire_upgraded":7,"win_rate":0.0,"timestamp":1610306216,"path_taken":["M","$","M","M","M","E","R","M","T","M","R","?","E","$","R","BOSS","M","AVR","M","?","?","R","M","R","T","R","$","?","R","?","R","BOSS","M","M","$","?","?","NM"],"items_purchased_type":["Card","Relic","Relic","Relic","Relic","Relic","Relic","Relic","Relic","Relic","Relic"],"build_version":"2020-12-22","purchased_purges":1,"victory":false,"max_hp_per_floor":[80,80,80,80,80,80,80,80,80,80,80,80,80,80,80,80,80,80,80,80,80,80,80,80,80,80,80,80,80,80,80,80,80,80,80,80,87,87,87,87,87],"card_choices":[{"not_picked":["PanicButton","Finesse"],"picked":"Flash of Steel","floor":0},{"not_picked":["Havoc","Fire Breathing"],"picked":"True Grit","floor":1},{"not_picked":["Replay:Undeath\u0027s Touch","Feel No Pain"],"picked":"Perfected Strike","floor":3},{"not_picked":["ReplayTheSpireMod:Strike From Hell","ReplayTheSpireMod:Limb From Limb"],"picked":"Clash","floor":4},{"not_picked":["Wild Strike","Reckless Charge"],"picked":"Ghostly Armor","floor":5},{"not_picked":["Life Link","Havoc"],"picked":"Pommel Strike","floor":6},{"not_picked":["Metallicize","Clothesline"],"picked":"Seeing Red","floor":8},{"not_picked":["Run Through","ReplayTheSpireMod:Limb From Limb"],"picked":"Pommel Strike","floor":10},{"not_picked":["Dual Wield","hubris:ReadiedAction"],"picked":"Limit Break","floor":12},{"not_picked":["Power Through","Havoc"],"picked":"Sword Boomerang","floor":13},{"not_picked":["Corruption","Replay:Many Hands"],"picked":"Impervious","floor":16},{"not_picked":["Defy Death+1","Disarm+1"],"picked":"Whirlwind","floor":18},{"not_picked":["Wild Strike+1","Dropkick+1"],"picked":"Anger+1","floor":20},{"not_picked":["Feel No Pain","Flame Barrier+1"],"picked":"Seeing Red+1","floor":24},{"not_picked":["Warcry","hubris:ReadiedAction"],"picked":"ReplayTheSpireMod:Muscle Training+1","floor":29},{"not_picked":["Rampage","Run Through"],"picked":"Uppercut+1","floor":31},{"not_picked":["Demonic Infusion","Brutality"],"picked":"Demon Form","floor":33},{"not_picked":["hubris:ReadiedAction+1","Demonic Infusion"],"picked":"Perfected Strike","floor":35},{"not_picked":["Abandon+1","Headbutt+1"],"picked":"Heavy Blade","floor":36},{"not_picked":["Barricade","Perfected Strike"],"picked":"Seeing Red","floor":39}],"player_experience":1883633,"relics_obtained":[{"floor":6,"key":"Replay:Wax Seal"},{"floor":9,"key":"Vajra"},{"floor":13,"key":"Bag of Preparation"}],"event_choices":[{"damage_healed":0,"gold_gain":0,"player_choice":"Traded Relic","damage_taken":0,"relics_obtained":["Nloth\u0027s Gift"],"max_hp_gain":0,"max_hp_loss":0,"event_name":"N\u0027loth","floor":22,"relics_lost":["Gremlin Food"],"gold_loss":0},{"damage_healed":0,"gold_gain":0,"player_choice":"Random: Yellow","damage_taken":0,"max_hp_gain":0,"max_hp_loss":0,"event_name":"betterThird:BetterPortal","floor":38,"gold_loss":0},{"damage_healed":0,"gold_gain":0,"player_choice":"Ignored","damage_taken":0,"max_hp_gain":0,"max_hp_loss":0,"event_name":"NoteForYourself","floor":38,"gold_loss":0}],"is_beta":false,"boss_relics":[{"not_picked":["Ooze Armor","energizedSpire:EnergizedDie"],"picked":"hubris:ScarierMask"},{"not_picked":["Tiny House","Runic Dome"],"picked":"hubris:Backtick"}],"items_purged_floors":[37],"is_endless":false,"potions_floor_spawned":[6,16,18,20,31,33,39],"killed_by":"Nightmare","ascension_level":0}}