{"host":"7po9pgh86bqe2blc","time":1610249844,"event":{"mods":["BaseMod","ChefMod","Colored Map","Colored Powertips","Hermit","Koishi","Minty Spire (QoL Compilation)","StSLib","The Cursed","The Disciple","The Hierophant","The Runesmith"],"gold_per_floor":[117,134,134,149,29,357,357,371,371,371,390,390,390,406,406,503,503,514,514,514,212,212,238,257,257,331,360,190,203,218,218,218,218,218],"floor_reached":33,"playtime":5221,"items_purged":["Defend_Br","LockedMedicine","LockedMedicine"],"score":310,"play_id":"6da85d3b-46f1-4ab9-a510-9afacccedfca","local_time":"20210110043724","is_ascension_mode":false,"campfire_choices":[{"data":"Moderato","floor":10,"key":"SMITH"},{"data":"Echoward","floor":12,"key":"SMITH"},{"floor":15,"key":"REST"},{"data":"ResonantCall","floor":25,"key":"SMITH"},{"data":"ResonantCall","floor":32,"key":"SMITH"}],"circlet_count":0,"master_deck":["Strike_Br","Strike_Br+1","Defend_Br","Defend_Br","Defend_Br","PatternShift","ResonantCall+1","AlternateTimeline","Analog","LockedBlood","Recurrance","ResonantCall+1","Flay+1","ReapSow","Recurrance","LockedBlood","LockedTurtyl","AlternateTimeline"],"relics":["Chronometer","NeowsBlessing","Old Coin","Bottled Lightning","HangingClock","Darkstone Periapt","Whetstone","Singing Bowl","HornCleat","Pear"],"acts_visited":["Exordium","TheCity"],"potions_floor_usage":[11,16,16,23,33],"damage_taken":[{"damage":0,"enemies":"Jaw Worm","floor":1,"turns":1},{"damage":0,"enemies":"Cultist","floor":2,"turns":1},{"damage":0,"enemies":"2 Louse","floor":4,"turns":2},{"damage":44,"enemies":"Lagavulin","floor":6,"turns":12},{"damage":3,"enemies":"Red Slaver","floor":8,"turns":7},{"damage":0,"enemies":"Exordium Wildlife","floor":11,"turns":6},{"damage":14,"enemies":"Looter","floor":14,"turns":3},{"damage":11,"enemies":"The Guardian","floor":16,"turns":20},{"damage":5,"enemies":"Shell Parasite","floor":18,"turns":9},{"damage":38,"enemies":"Slavers","floor":23,"turns":7},{"damage":20,"enemies":"3 Byrds","floor":24,"turns":8},{"damage":8,"enemies":"Book of Stabbing","floor":27,"turns":8},{"damage":1,"enemies":"Snecko","floor":29,"turns":10},{"damage":11,"enemies":"Centurion and Healer","floor":30,"turns":18},{"damage":109,"enemies":"Automaton","floor":33,"turns":7}],"seed_played":"-6496964827011457385","potions_obtained":[{"floor":4,"key":"Dexterity Potion"},{"floor":6,"key":"WardPotion"},{"floor":8,"key":"Swift Potion"},{"floor":14,"key":"Explosive Potion"},{"floor":18,"key":"ColorlessPotion"},{"floor":29,"key":"SmokeBomb"}],"is_trial":false,"path_per_floor":["M","M","?","M","$","E","?","M","T","R","M","R","?","M","R","B",null,"M","T","?","$","?","E","M","R","T","E","$","M","M","?","R","B"],"character_chosen":"CHRONO_CLASS","items_purchased":["Echoward","Whetstone","ReapSow","LockedBlood"],"campfire_rested":1,"item_purchase_floors":[5,21,21,28],"current_hp_per_floor":[65,65,65,65,65,21,21,18,18,18,24,24,18,4,23,18,65,61,61,61,61,61,37,25,25,25,35,35,60,75,75,75,0,0],"gold":218,"neow_bonus":"THREE_ENEMY_KILL","is_daily":false,"chose_seed":false,"campfire_upgraded":4,"win_rate":0.0,"timestamp":1610249844,"path_taken":["M","M","?","M","$","E","?","M","T","R","?","R","?","M","R","BOSS","M","?","?","$","?","E","M","R","T","E","?","M","M","?","R","BOSS"],"items_purchased_type":["Card","Relic","Card","Card"],"build_version":"2020-12-13","purchased_purges":3,"victory":false,"max_hp_per_floor":[65,65,65,65,65,65,65,65,65,65,65,65,65,65,65,65,65,65,65,65,65,65,67,69,69,69,81,81,83,85,85,85,85,85],"card_choices":[{"not_picked":["ExoVibe","Parity"],"picked":"ResonantCall","floor":1},{"not_picked":["Backlash","Recurrance"],"picked":"AlternateTimeline","floor":2},{"not_picked":["LockedAnchor","BiteCommand"],"picked":"Analog","floor":4},{"not_picked":["AlternateTimeline","ExoVibe"],"picked":"Tempo","floor":6},{"not_picked":["LockedThread","FormalWear"],"picked":"LockedBlood","floor":8},{"not_picked":["HandsUpC","BeatsPerMinute"],"picked":"Recurrance","floor":11},{"not_picked":["Stagnate","HandsUpB"],"picked":"ResonantCall","floor":14},{"not_picked":["RageCommand","Echonomics"],"picked":"Flay","floor":16},{"not_picked":["ResonantCall+1","LockedAnchor+1","TickedOff"],"picked":"SKIP","floor":18},{"not_picked":["LockedAnchor","LockedThread","LockedScales"],"picked":"Singing Bowl","floor":23},{"not_picked":["LockedMercury","WakeUpCall","LockedMawBank+1"],"picked":"Singing Bowl","floor":24},{"not_picked":["LockedOrichalcum","Break","PrimeTime"],"picked":"Singing Bowl","floor":27},{"not_picked":["PrimeTime","WatchCommand","Engulf"],"picked":"Singing Bowl","floor":29},{"not_picked":["Analog","LockedScales","ShortSighted+1"],"picked":"Singing Bowl","floor":30}],"player_experience":326651,"relics_obtained":[{"floor":6,"key":"Old Coin"},{"floor":9,"key":"Bottled Lightning"},{"floor":19,"key":"Darkstone Periapt"},{"floor":23,"key":"Singing Bowl"},{"floor":26,"key":"HornCleat"},{"floor":27,"key":"Pear"}],"event_choices":[{"damage_healed":0,"gold_gain":0,"player_choice":"Ignored","damage_taken":0,"max_hp_gain":0,"max_hp_loss":0,"event_name":"Liars Game","floor":3,"gold_loss":0},{"cards_removed":["SecondHand"],"damage_healed":0,"gold_gain":0,"player_choice":"Offered Basic","damage_taken":0,"max_hp_gain":0,"max_hp_loss":0,"event_name":"Bonfire Elementals","floor":7,"gold_loss":0},{"damage_healed":0,"gold_gain":0,"player_choice":"Damaged","damage_taken":6,"max_hp_gain":0,"max_hp_loss":0,"event_name":"Wheel of Change","floor":13,"gold_loss":0},{"damage_healed":0,"gold_gain":0,"player_choice":"Read","damage_taken":0,"max_hp_gain":0,"max_hp_loss":0,"event_name":"The Library","floor":22,"gold_loss":0,"cards_obtained":["Recurrance"]},{"damage_healed":0,"gold_gain":0,"cards_transformed":["Echoward","Moderato"],"player_choice":"Became Test Subject","damage_taken":0,"max_hp_gain":0,"max_hp_loss":0,"event_name":"Drug Dealer","floor":31,"gold_loss":0,"cards_obtained":["LockedTurtyl","AlternateTimeline"]}],"is_beta":false,"boss_relics":[{"not_picked":["Tiny House","Runic Dome"],"picked":"HangingClock"}],"items_purged_floors":[5,21,28],"is_endless":false,"potions_floor_spawned":[4,6,8,14,18,29],"killed_by":"Automaton","ascension_level":0}}