{"host":"x7xd4wkamhrqrrvw","time":1610311023,"event":{"mods":["BaseMod","Minty Spire (QoL Compilation)","StSLib"],"gold_per_floor":[115,129,79,90,90,90,51,78,78,78,103,103,103,129,129,234,234,250,175,175,190,14,39,49,49,49],"floor_reached":25,"playtime":1478,"items_purged":["Strike_G","Strike_G"],"score":421,"play_id":"9eec76d0-8988-47b0-8f2e-5df090b53892","local_time":"20210110183703","is_ascension_mode":true,"campfire_choices":[{"data":"Survivor","floor":6,"key":"SMITH"},{"floor":10,"key":"REST"},{"data":"Bouncing Flask","floor":12,"key":"SMITH"},{"data":"Footwork","floor":13,"key":"SMITH"},{"data":"Acrobatics","floor":15,"key":"SMITH"}],"circlet_count":0,"master_deck":["Strike_G","Defend_G","Defend_G","Defend_G","Defend_G","Survivor+1","Neutralize","Poisoned Stab","Acrobatics+1","Leg Sweep","Footwork+1","Bouncing Flask+1","PiercingWail","Dodge and Roll","Corpse Explosion","Well Laid Plans","Footwork"],"relics":["HoveringKite","WingedGreaves","Paper Crane","Ice Cream","Omamori","Black Star","Kunai","InkBottle"],"acts_visited":["Exordium","TheCity"],"potions_floor_usage":[11,23,25],"damage_taken":[{"damage":3,"enemies":"Small Slimes","floor":1,"turns":5},{"damage":0,"enemies":"Jaw Worm","floor":2,"turns":4},{"damage":0,"enemies":"Cultist","floor":4,"turns":4},{"damage":39,"enemies":"Gremlin Nob","floor":8,"turns":7},{"damage":8,"enemies":"3 Sentries","floor":11,"turns":12},{"damage":0,"enemies":"Lagavulin","floor":14,"turns":6},{"damage":0,"enemies":"The Guardian","floor":16,"turns":9},{"damage":0,"enemies":"Spheric Guardian","floor":18,"turns":3},{"damage":0,"enemies":"3 Byrds","floor":21,"turns":3},{"damage":15,"enemies":"Book of Stabbing","floor":23,"turns":9},{"damage":3,"enemies":"Snake Plant","floor":24,"turns":5},{"damage":47,"enemies":"Gremlin Leader","floor":25,"turns":4}],"seed_played":"1316566216392129245","potions_obtained":[{"floor":8,"key":"DistilledChaos"},{"floor":16,"key":"ColorlessPotion"},{"floor":18,"key":"Swift Potion"}],"is_trial":false,"path_per_floor":["M","M","?","M","?","R","$","E","T","R","E","R","R","E","R","B",null,"M","$","?","M","$","E","M","E"],"character_chosen":"THE_SILENT","items_purchased":["Footwork","Footwork"],"campfire_rested":1,"item_purchase_floors":[7,22],"current_hp_per_floor":[60,60,60,60,53,53,53,14,14,35,27,27,27,27,27,27,59,59,59,59,59,59,44,41,0,0],"gold":49,"neow_bonus":"BOSS_RELIC","is_daily":false,"chose_seed":false,"campfire_upgraded":4,"win_rate":0.0,"timestamp":1610311023,"path_taken":["M","M","?","M","?","R","?","E","T","R","E","R","R","E","R","BOSS","M","?","?","M","$","E","?","E"],"items_purchased_type":["Card","Card"],"build_version":"2020-12-22","purchased_purges":2,"victory":false,"max_hp_per_floor":[70,70,70,70,70,70,70,70,70,70,70,70,70,70,70,70,70,70,70,70,70,70,70,70,70,70],"card_choices":[{"not_picked":["Deadly Poison","Tactician"],"picked":"Poisoned Stab","floor":1},{"not_picked":["Concentrate","Slice"],"picked":"Acrobatics","floor":2},{"not_picked":["Night Terror","Flying Knee"],"picked":"Leg Sweep","floor":4},{"not_picked":["Calculated Gamble","Footwork"],"picked":"Bouncing Flask","floor":8},{"not_picked":["Dagger Throw","Concentrate"],"picked":"PiercingWail","floor":11},{"not_picked":["Cloak And Dagger","Riddle With Holes"],"picked":"Dodge and Roll","floor":14},{"not_picked":["Doppelganger","Night Terror"],"picked":"Corpse Explosion","floor":16},{"not_picked":["Outmaneuver","Quick Slash+1","Underhanded Strike"],"picked":"SKIP","floor":18},{"not_picked":["Dodge and Roll","Prepared+1","Reflex"],"picked":"SKIP","floor":21},{"not_picked":["Bane+1","Venomology","Masterful Stab"],"picked":"SKIP","floor":23},{"not_picked":["Concentrate","Dash","Slice"],"picked":"SKIP","floor":24}],"player_experience":287160,"relics_obtained":[{"floor":8,"key":"WingedGreaves"},{"floor":9,"key":"Paper Crane"},{"floor":11,"key":"Ice Cream"},{"floor":14,"key":"Omamori"},{"floor":23,"key":"Kunai"},{"floor":23,"key":"InkBottle"}],"event_choices":[{"cards_removed":["Strike_G"],"damage_healed":0,"gold_gain":0,"player_choice":"Card Removal","damage_taken":0,"max_hp_gain":0,"max_hp_loss":0,"event_name":"The Cleric","floor":3,"gold_loss":50},{"cards_removed":["Defend_G"],"damage_healed":0,"gold_gain":0,"player_choice":"Card Removal","damage_taken":7,"max_hp_gain":0,"max_hp_loss":0,"event_name":"Golden Wing","floor":5,"gold_loss":0},{"damage_healed":0,"gold_gain":0,"cards_transformed":["Strike_G"],"player_choice":"Transformed","damage_taken":0,"max_hp_gain":0,"max_hp_loss":0,"event_name":"Transmorgrifier","floor":20,"gold_loss":0,"cards_obtained":["Well Laid Plans"]}],"is_beta":false,"boss_relics":[{"not_picked":["SacredBark","Philosopher\u0027s Stone"],"picked":"Black Star"}],"items_purged_floors":[19,22],"is_endless":false,"potions_floor_spawned":[8,16,18],"killed_by":"Gremlin Leader","ascension_level":7}}