{"host":"d61fcf2p3sjwe6yo","time":1610275400,"event":{"mods":["AchievementEnabler","BaseMod","Colored Map","Minty Spire (QoL Compilation)","StSLib","SuperFastMode"],"gold_per_floor":[114,129,129,147,158,158,233,9,9,21,49,63,63,81,81,186,186,200,200,215,54,66,66,100,25,93,109,109,124,144,44,44,140,140,150,165,94,94,105,140,140,140,167,167,179,179,199,159,159,159],"floor_reached":51,"playtime":2347,"items_purged":["Zap","Defend_B"],"score":1019,"play_id":"fc1963e7-cb72-4a4b-9442-d7f57b831cc0","local_time":"20210110134320","is_ascension_mode":true,"campfire_choices":[{"data":"Reprogram","floor":6.0,"key":"SMITH"},{"data":"Sunder","floor":13.0,"key":"SMITH"},{"data":"Sweeping Beam","floor":15.0,"key":"SMITH"},{"floor":23.0,"key":"REST"},{"floor":28.0,"key":"REST"},{"floor":32,"key":"REST"},{"data":"Reprogram","floor":41,"key":"SMITH"},{"data":"Buffer","floor":49,"key":"SMITH"}],"circlet_count":0,"master_deck":["Strike_B","Strike_B","Strike_B","Strike_B","Defend_B","Defend_B","Defend_B","Rip and Tear","Reprogram+1","BootSequence","Sweeping Beam+1","Sunder+1","Buffer+1","Rip and Tear","Echo Form","Auto Shields","Leap+1","Undo","Skim+1","Echo Form","Reinforced Body+1","FTL+1","Reprogram+1","Skim+1","Normality","Doubt"],"relics":["Cracked Core","Oddly Smooth Stone","Vajra","Question Card","Runic Dome","Darkstone Periapt","Orichalcum","Kunai","Cursed Key","Lizard Tail"],"acts_visited":["Exordium","TheCity","TheBeyond"],"potions_floor_usage":[33,33,40,40,45,50,50,50],"damage_taken":[{"damage":3.0,"enemies":"Small Slimes","floor":1.0,"turns":2.0},{"damage":2.0,"enemies":"2 Louse","floor":2.0,"turns":3.0},{"damage":6.0,"enemies":"Jaw Worm","floor":4.0,"turns":3.0},{"damage":6.0,"enemies":"Red Slaver","floor":5.0,"turns":3.0},{"damage":0.0,"enemies":"3 Louse","floor":10.0,"turns":2.0},{"damage":7.0,"enemies":"Lagavulin","floor":11.0,"turns":8.0},{"damage":3.0,"enemies":"Exordium Thugs","floor":12.0,"turns":3.0},{"damage":2.0,"enemies":"Large Slime","floor":14.0,"turns":5.0},{"damage":6.0,"enemies":"Hexaghost","floor":16.0,"turns":9.0},{"damage":8.0,"enemies":"2 Thieves","floor":18.0,"turns":5.0},{"damage":0.0,"enemies":"Chosen","floor":20.0,"turns":5.0},{"damage":32.0,"enemies":"Snake Plant","floor":22.0,"turns":5.0},{"damage":28.0,"enemies":"Book of Stabbing","floor":24.0,"turns":5.0},{"damage":0.0,"enemies":"3 Cultists","floor":27.0,"turns":4.0},{"damage":0.0,"enemies":"Snecko","floor":29.0,"turns":5.0},{"damage":7,"enemies":"Centurion and Healer","floor":30,"turns":8},{"damage":9,"enemies":"Champ","floor":33,"turns":10},{"damage":9,"enemies":"3 Darklings","floor":35,"turns":5},{"damage":0,"enemies":"Orb Walker","floor":36,"turns":4},{"damage":0,"enemies":"Spire Growth","floor":39,"turns":5},{"damage":1,"enemies":"Reptomancer","floor":40,"turns":9},{"damage":55,"enemies":"Transient","floor":45,"turns":5},{"damage":34,"enemies":"Jaw Worm Horde","floor":47,"turns":6},{"damage":66,"enemies":"Awakened One","floor":50,"turns":14}],"seed_played":"-3843882629790013526","potions_obtained":[{"floor":1.0,"key":"PowerPotion"},{"floor":5.0,"key":"EssenceOfDarkness"},{"floor":10.0,"key":"Strength Potion"},{"floor":12.0,"key":"Energy Potion"},{"floor":22.0,"key":"FearPotion"},{"floor":24.0,"key":"FocusPotion"},{"floor":29.0,"key":"CultistPotion"},{"floor":30,"key":"Weak Potion"},{"floor":36,"key":"Energy Potion"},{"floor":40,"key":"Swift Potion"},{"floor":47,"key":"EssenceOfSteel"},{"floor":48,"key":"Regen Potion"},{"floor":48,"key":"DistilledChaos"},{"floor":48,"key":"DistilledChaos"}],"is_trial":false,"path_per_floor":["M","M","?","M","M","R","?","$","T","M","E","M","R","M","R","B",null,"M","?","M","$","M","R","E","?","T","M","R","M","M","$","R","B",null,"M","M","$","?","M","E","R","$","T","T","M","?","M","?","R","B",null],"character_chosen":"DEFECT","items_purchased":["Oddly Smooth Stone","Echo Form","Reprogram"],"campfire_rested":3,"item_purchase_floors":[8,21,37],"current_hp_per_floor":[65,63,56,50,44,44,33,33,33,33,26,23,23,21,21,15,60,52,58,58,58,26,50,22,22,22,22,46,46,39,39,63,54,74,65,65,65,65,65,64,64,64,70,70,15,93,59,59,59,8],"gold":159,"neow_bonus":"THREE_CARDS","is_daily":false,"chose_seed":false,"campfire_upgraded":5,"win_rate":0.0,"timestamp":1610275400,"path_taken":["M","M","?","M","M","R","?","$","T","?","E","M","R","M","R","BOSS","M","?","M","$","M","R","E","?","T","?","R","M","M","$","R","BOSS","M","M","$","?","M","E","R","$","T","?","M","?","M","?","R","BOSS"],"items_purchased_type":["Relic","Card","Card"],"build_version":"2020-12-22","purchased_purges":2,"victory":true,"max_hp_per_floor":[75,75,75,75,75,75,75,75,75,75,75,75,75,75,75,75,75,75,81,81,81,81,81,81,81,81,81,81,81,81,81,81,81,81,81,81,81,81,81,81,81,81,87,87,87,93,93,93,93,93],"card_choices":[{"not_picked":["Aggregate","Rebound"],"picked":"Rip and Tear","floor":0.0},{"not_picked":["Compile Driver","Gash"],"picked":"Reprogram","floor":1.0},{"not_picked":["Doom and Gloom","Darkness","Turbo"],"picked":"SKIP","floor":2.0},{"not_picked":["Gash","Cold Snap"],"picked":"BootSequence","floor":4.0},{"not_picked":["Doom and Gloom","Barrage"],"picked":"Sweeping Beam","floor":5.0},{"not_picked":["Lockon","Defragment","Gash"],"picked":"SKIP","floor":10.0},{"not_picked":["BootSequence","Blizzard"],"picked":"Sunder","floor":11.0},{"not_picked":["Rainbow","Beam Cell","Steam","Chill"],"picked":"SKIP","floor":12.0},{"not_picked":["Gash","Sunder","Stack","Loop"],"picked":"SKIP","floor":14.0},{"not_picked":["Meteor Strike","Rainbow","Thunder Strike"],"picked":"Buffer","floor":16.0},{"not_picked":["Streamline+1","Rebound","Tempest+1"],"picked":"Rip and Tear","floor":18.0},{"not_picked":["Leap","Chaos","Static Discharge","Storm+1"],"picked":"SKIP","floor":20.0},{"not_picked":["Ball Lightning+1","Rip and Tear","Melter"],"picked":"Auto Shields","floor":22.0},{"not_picked":["Steam","Thunder Strike","Chaos"],"picked":"Leap+1","floor":24.0},{"not_picked":["Turbo+1","Recycle","Lockon+1","Rip and Tear"],"picked":"SKIP","floor":27.0},{"not_picked":["Blizzard+1","Cold Snap","Steam"],"picked":"Undo","floor":29.0},{"not_picked":["Aggregate+1","Force Field+1","Auto Shields"],"picked":"Skim+1","floor":30},{"not_picked":["Thunder Strike","Multi-Cast","Fission"],"picked":"Echo Form","floor":33},{"not_picked":["BootSequence","Rebound+1","Fusion"],"picked":"Reinforced Body+1","floor":35},{"not_picked":["Hologram","BootSequence+1","Barrage+1","FTL+1"],"picked":"SKIP","floor":36},{"not_picked":["Hologram","BootSequence+1","Barrage+1"],"picked":"FTL+1","floor":36},{"not_picked":["Chill+1","Stack+1","Auto Shields","Defragment"],"picked":"SKIP","floor":39},{"not_picked":["Barrage","Conserve Battery+1","Gash+1"],"picked":"Skim+1","floor":40},{"not_picked":["Redo","Coolheaded","Streamline+1","Genetic Algorithm"],"picked":"SKIP","floor":45},{"not_picked":["Rebound+1","Streamline+1","Thunder Strike","Gash+1"],"picked":"SKIP","floor":47}],"player_experience":174832,"relics_obtained":[{"floor":9.0,"key":"Vajra"},{"floor":11.0,"key":"Question Card"},{"floor":24.0,"key":"Orichalcum"},{"floor":26.0,"key":"Kunai"},{"floor":40,"key":"Lizard Tail"}],"event_choices":[{"cards_removed":["Dualcast"],"damage_healed":0.0,"max_hp_gain":0.0,"max_hp_loss":0.0,"gold_gain":0.0,"event_name":"Golden Wing","player_choice":"Card Removal","floor":3.0,"gold_loss":0.0,"damage_taken":7.0},{"damage_healed":0.0,"max_hp_gain":0.0,"max_hp_loss":0.0,"gold_gain":75.0,"event_name":"World of Goop","player_choice":"Gather Gold","floor":7.0,"gold_loss":0.0,"damage_taken":11.0},{"damage_healed":0.0,"max_hp_gain":0.0,"max_hp_loss":0.0,"gold_gain":0.0,"event_name":"The Mausoleum","player_choice":"Opened","floor":19.0,"gold_loss":0.0,"damage_taken":0.0,"relics_obtained":["Darkstone Periapt"],"cards_obtained":["Writhe"]},{"cards_removed":["Writhe"],"damage_healed":0.0,"max_hp_gain":0.0,"max_hp_loss":0.0,"gold_gain":0.0,"event_name":"Beggar","player_choice":"Gave Gold","floor":25.0,"gold_loss":75.0,"damage_taken":0.0},{"damage_healed":0,"gold_gain":0,"player_choice":"Ignored","damage_taken":0,"max_hp_gain":0,"max_hp_loss":0,"event_name":"Tomb of Lord Red Mask","floor":38,"gold_loss":0},{"damage_healed":72,"gold_gain":0,"player_choice":"Heal","damage_taken":0,"max_hp_gain":0,"max_hp_loss":0,"event_name":"MindBloom","floor":46,"gold_loss":0,"cards_obtained":["Doubt"]},{"damage_healed":0,"gold_gain":0,"player_choice":"Bought 3 Potions","damage_taken":0,"max_hp_gain":0,"max_hp_loss":0,"event_name":"The Woman in Blue","floor":48,"gold_loss":0}],"is_beta":false,"boss_relics":[{"not_picked":["Astrolabe","Snecko Eye"],"picked":"Runic Dome"},{"not_picked":["Black Star","Philosopher\u0027s Stone"],"picked":"Cursed Key"}],"items_purged_floors":[8,31],"is_endless":false,"potions_floor_spawned":[1,5,10,12,14,22,24,29,30,36,40,47],"ascension_level":9}}