{"host":"627up2rvtmm0cf0r","time":1610284862,"event":{"mods":["ATMod(阿瑾Mod)","Act Like it!","BaseMod","Better Vampires","CapriCore","Card Filter","Card Forge","Colored Powertips","DeckTracker","Dota2Spire","Friendly Minions","Highlight Path","Infinite Spire","Jedi Mod","Marked Mod","Mimic Mod","Minty Spire (QoL Compilation)","MostiFishMod","Permanent Neow","Practice Mode","Quick Restart","Relic Stats","Shop Mod","Spicy Shops","StSLib","SuperFastMode","TestMod","The Marked","【遗物卡牌】REMEMod","残留之物","篝火指南"],"gold_per_floor":[114,64,239,254,269,269,298,316,316,330,358,368,368,403,403,504,504,521,436,448,225,239,266,286,314,339,365,383,58,58,68,68,164,164,181,196,244,34,434,450,479,316,346,381,396,416,442,460,208,208,208,20,20,53,53],"floor_reached":56,"playtime":924,"items_purged":["Strike_G","Strike_G","Strike_G","Survivor","Defend_G","Defend_G","Defend_G"],"score":2176,"play_id":"b39b49c4-a276-4cdf-ad12-5d0c24ee55c9","local_time":"20210110212102","is_ascension_mode":true,"campfire_choices":[{"data":"MostiFishMod:404NotFound","floor":6.0,"key":"SMITH"},{"data":"AT_ThistleTea","floor":13.0,"key":"SMITH"},{"data":"AT_FamilyPortrait","floor":15.0,"key":"SMITH"},{"floor":30,"key":"RECALL"},{"data":"jedi:studypoison","floor":32,"key":"SMITH"}],"circlet_count":0,"master_deck":["Defend_G","Defend_G","Neutralize","AT_FamilyPortrait+1","MostiFishMod:404NotFound+1","AT_ThistleTea+1","jedi:studypoison+1","MostiFishMod:Listen+1"],"relics":["Ring of the Snake","Hammer of Thor","Seething Fire","Anvil of the Gods","DaveBox","testmod-TestBox","AT_ATBox","testmod-BlackFramedGlasses","RhineCircuit","SynthV:TestCard","testmod-LifeArmor","PlaceholderMod:DaolothFragment","Odd Mushroom","Torii","Empty Cage","Dota2Spire:LinkenSphere","BrkXgEgg","AT_RedNoBalance","Vajra","AT_SpeedBoots","jedi:heavyjacket","Membership Card","testmod-ArcanaOfDestiny","testmod-SaigiyounoYou","Mango","TungstenRod","Strawberry","jedi:matchstick","Bag of Marbles","Dota2Spire:DrumOfEndurance","Medical Kit","testmod-TurbochargingSystem"],"acts_visited":["Exordium","TheCity","TheBeyond","TheEnding"],"potions_floor_usage":[35,40],"damage_taken":[{"damage":0.0,"enemies":"Small Slimes","floor":1.0,"turns":1.0},{"damage":0.0,"enemies":"Jaw Worm","floor":4.0,"turns":2.0},{"damage":0.0,"enemies":"2 Louse","floor":5.0,"turns":2.0},{"damage":0.0,"enemies":"Lagavulin","floor":7.0,"turns":1.0},{"damage":0.0,"enemies":"Exordium Wildlife","floor":8.0,"turns":1.0},{"damage":0.0,"enemies":"2 Fungi Beasts","floor":10.0,"turns":2.0},{"damage":0.0,"enemies":"The Mushroom Lair","floor":11.0,"turns":1.0},{"damage":0.0,"enemies":"Exordium Thugs","floor":12.0,"turns":2.0},{"damage":0.0,"enemies":"3 Sentries","floor":14.0,"turns":1.0},{"damage":0.0,"enemies":"Hexaghost","floor":16.0,"turns":2.0},{"damage":0.0,"enemies":"Chosen","floor":18.0,"turns":1.0},{"damage":0.0,"enemies":"Shell Parasite","floor":20.0,"turns":1.0},{"damage":0.0,"enemies":"Snecko","floor":22.0,"turns":2.0},{"damage":0.0,"enemies":"Gremlin Leader","floor":23.0,"turns":2.0},{"damage":0.0,"enemies":"Centurion and Healer","floor":24.0,"turns":1.0},{"damage":3.0,"enemies":"Slavers","floor":25.0,"turns":1.0},{"damage":0.0,"enemies":"REME_1_Revenger","floor":27.0,"turns":1.0},{"damage":0.0,"enemies":"Snake Plant","floor":28.0,"turns":1.0},{"damage":0,"enemies":"Chosen and Byrds","floor":31,"turns":1},{"damage":0,"enemies":"Automaton","floor":33,"turns":1},{"damage":0,"enemies":"3 Darklings","floor":35,"turns":1},{"damage":0,"enemies":"Orb Walker","floor":36,"turns":1},{"damage":0,"enemies":"2 Orb Walkers","floor":37,"turns":1},{"damage":0,"enemies":"Spire Growth","floor":40,"turns":1},{"damage":0,"enemies":"Nemesis","floor":41,"turns":1},{"damage":0,"enemies":"Maw","floor":43,"turns":2},{"damage":0,"enemies":"Reptomancer","floor":44,"turns":1},{"damage":0,"enemies":"Maw","floor":45,"turns":1},{"damage":3,"enemies":"Sphere and 2 Shapes","floor":46,"turns":1},{"damage":0,"enemies":"Nemesis","floor":47,"turns":1},{"damage":0,"enemies":"4 Shapes","floor":48,"turns":1},{"damage":0,"enemies":"Awakened One","floor":50,"turns":2},{"damage":0,"enemies":"Shield and Spear","floor":54,"turns":1},{"damage":0,"enemies":"The Heart","floor":55,"turns":3}],"seed_played":"-1155367329230867497","potions_obtained":[{"floor":4.0,"key":"testmod-SpacePotion"},{"floor":8.0,"key":"ColorlessPotion"},{"floor":14.0,"key":"SneckoOil"},{"floor":18.0,"key":"Dexterity Potion"},{"floor":23.0,"key":"Regen Potion"},{"floor":35,"key":"AttackPotion"},{"floor":40,"key":"REME_GoldPotion"},{"floor":41,"key":"Ancient Potion"}],"is_trial":false,"path_per_floor":["M","?","?","M","M","R","E","M","T","M","?","M","R","E","R","B",null,"M","?","M","$","M","E","M","E","T","E","M","$","R","M","R","B",null,"M","M","?","$","?","M","E","R","MIM","E","M","M","E","M","R","B",null,"R","$","E","B",null],"character_chosen":"THE_SILENT","items_purchased":["BrkXgEgg","Membership Card","testmod-ArcanaOfDestiny","TungstenRod","Bag of Marbles","Dota2Spire:DrumOfEndurance","Medical Kit"],"campfire_rested":0,"item_purchase_floors":[21,29,29,38,49,49,52],"current_hp_per_floor":[77,77,77,77,77,77,77,77,77,77,77,77,77,77,77,77,77,77,77,77,77,77,77,39,39,39,41,41,41,41,41,41,41,80,44,46,63,63,63,65,74,74,78,82,84,85,87,92,92,98,101,101,101,101,101],"gold":53,"neow_bonus":"TEN_PERCENT_HP_BONUS","is_daily":false,"chose_seed":false,"campfire_upgraded":4,"win_rate":0.0,"timestamp":1610284862,"path_taken":["M","?","?","M","M","R","E","M","T","M","?","?","R","E","R","BOSS","M","?","M","$","M","E","M","E","T","E","M","?","R","M","R","BOSS","M","M","?","$","?","M","E","R","MIM","E","M","?","E","M","R","BOSS","R","$","E","BOSS"],"items_purchased_type":["Relic","Relic","Relic","Relic","Relic","Relic","Relic"],"build_version":"2020-12-22","purchased_purges":7,"victory":true,"max_hp_per_floor":[77,77,77,77,77,77,77,77,77,77,77,77,77,77,77,77,77,77,77,77,77,77,77,77,80,80,80,80,80,80,80,80,80,80,80,80,94,94,94,94,101,101,101,101,101,101,101,101,101,101,101,101,101,101,101],"relic_stats":{"Torii":2,"counters":[34,45],"Medical Kit":[4],"obtain_stats":[{"AT_ATBox":0,"DaveBox":0,"PlaceholderMod:DaolothFragment":9,"Torii":14,"Vajra":25,"Mango":37,"Dota2Spire:DrumOfEndurance":49,"Hammer of Thor":0,"testmod-LifeArmor":7,"Empty Cage":17,"testmod-BlackFramedGlasses":0,"Strawberry":41,"jedi:matchstick":47,"AT_RedNoBalance":35,"testmod-ArcanaOfDestiny":29,"Ring of the Snake":0,"testmod-TestBox":0,"BrkXgEgg":21,"AT_SilverBalance":23,"Seething Fire":0,"testmod-TurbochargingSystem":54,"Odd Mushroom":11,"testmod-SaigiyounoYou":34,"Medical Kit":52,"RhineCircuit":0,"jedi:heavyjacket":27,"AT_SpeedBoots":26,"SynthV:TestCard":1,"Anvil of the Gods":0,"Dota2Spire:LinkenSphere":19,"Bag of Marbles":49,"Membership Card":29,"TungstenRod":38,"REME_ComplimentaryCards":0},{"AT_ATBox":0,"DaveBox":0,"PlaceholderMod:DaolothFragment":5,"Torii":9,"Vajra":16,"Mango":23,"Dota2Spire:DrumOfEndurance":31,"Hammer of Thor":0,"testmod-LifeArmor":4,"Empty Cage":10,"testmod-BlackFramedGlasses":0,"Strawberry":25,"jedi:matchstick":30,"AT_RedNoBalance":21,"testmod-ArcanaOfDestiny":18,"Ring of the Snake":0,"testmod-TestBox":0,"BrkXgEgg":12,"AT_SilverBalance":14,"Seething Fire":0,"testmod-TurbochargingSystem":33,"Odd Mushroom":7,"testmod-SaigiyounoYou":20,"Medical Kit":32,"RhineCircuit":0,"jedi:heavyjacket":17,"AT_SpeedBoots":16,"SynthV:TestCard":1,"Anvil of the Gods":0,"Dota2Spire:LinkenSphere":11,"Bag of Marbles":31,"Membership Card":18,"TungstenRod":23,"REME_ComplimentaryCards":0},{"AT_ATBox":0,"DaveBox":0,"PlaceholderMod:DaolothFragment":7,"Torii":13,"Vajra":23,"Mango":30,"Dota2Spire:DrumOfEndurance":39,"Hammer of Thor":0,"testmod-LifeArmor":6,"Empty Cage":15,"testmod-BlackFramedGlasses":0,"Strawberry":32,"jedi:matchstick":38,"AT_RedNoBalance":27,"testmod-ArcanaOfDestiny":25,"Ring of the Snake":0,"testmod-TestBox":0,"BrkXgEgg":17,"AT_SilverBalance":21,"Seething Fire":0,"testmod-TurbochargingSystem":42,"Odd Mushroom":10,"testmod-SaigiyounoYou":27,"Medical Kit":41,"RhineCircuit":0,"jedi:heavyjacket":24,"AT_SpeedBoots":23,"SynthV:TestCard":1,"Anvil of the Gods":0,"Dota2Spire:LinkenSphere":16,"Bag of Marbles":39,"Membership Card":25,"TungstenRod":30,"REME_ComplimentaryCards":0}],"TungstenRod":26,"Ring of the Snake":[68]},"card_choices":[{"not_picked":["AT_WomanClash","Heel Hook","REME_ShadowStrike"],"picked":"SKIP","floor":1.0},{"not_picked":["Leg Sweep","Underhanded Strike","Bane","Accuracy","Predator"],"picked":"SKIP","floor":4.0},{"not_picked":["Dagger Spray","Cloak And Dagger","PiercingWail","Acrobatics","AT_TwilightShroud"],"picked":"SKIP","floor":5.0},{"not_picked":["Predator","Cloak And Dagger","jedi:unstablefumes","Prepared","Outmaneuver"],"picked":"SKIP","floor":7.0},{"not_picked":["Leg Sweep","Poisoned Stab","Dash","MostiFishMod:Dislodge","Outmaneuver"],"picked":"SKIP","floor":8.0},{"not_picked":["AT_WindFlip","Deflect","Blade Dance","REME_GrazeFinale"],"picked":"AT_ThistleTea","floor":10.0},{"not_picked":["Quick Slash","jedi:pocketpoison","jedi:collectorvenom","MostiFishMod:AdrenalineArouse","Deflect"],"picked":"SKIP","floor":12.0},{"not_picked":["MostiFishMod:FrostNova","Footwork","Terror","Leg Sweep","Cloak And Dagger"],"picked":"SKIP","floor":14.0},{"not_picked":["MostiFishMod:ShivMaster","MostiFishMod:WinterMarkForm","MostiFishMod:SpreadingSpore","MostiFishMod:VineMother"],"picked":"jedi:studypoison","floor":16.0},{"not_picked":["Blade Dance","MostiFishMod:PerfectParry","Acrobatics","Crippling Poison","Sucker Punch+1"],"picked":"SKIP","floor":18.0},{"not_picked":["Prepared","Blade Dance+1","AT_WindFlip","Bouncing Flask","Slice"],"picked":"SKIP","floor":20.0},{"not_picked":["PiercingWail","Poisoned Stab","AT_FocusSwordFire","Bullet Time+1","AT_TwilightShroud"],"picked":"SKIP","floor":22.0},{"not_picked":["Dagger Spray","Flying Knee+1","MostiFishMod:PerfectParry","MostiFishMod:Listen+1","Reflex"],"picked":"SKIP","floor":23.0},{"not_picked":["Dagger Spray","Flying Knee+1","MostiFishMod:PerfectParry","Reflex"],"picked":"MostiFishMod:Listen+1","floor":23.0},{"not_picked":["AT_WindFlip","Acrobatics+1","Endless Agony+1","Eviscerate+1","AT_ArcaneSupremacy"],"picked":"SKIP","floor":24.0},{"not_picked":["AT_WindFlip+1","Quick Slash+1","Backflip","Masterful Stab","Escape Plan"],"picked":"SKIP","floor":25.0},{"not_picked":["AT_WindFlip","Acrobatics","REME_CopyPotion+1","Slice","Backflip"],"picked":"SKIP","floor":27.0},{"not_picked":["Acrobatics","Bane+1","Dagger Throw+1","Dodge and Roll+1","Blade Dance"],"picked":"SKIP","floor":28.0},{"not_picked":["Acrobatics+1","AT_WindFlip","Endless Agony","Cloak And Dagger","Riddle With Holes"],"picked":"SKIP","floor":31},{"not_picked":["Phantasmal Killer+1","AT_KingSlayer+1","A Thousand Cuts+1","jedi:studyshivs+1"],"picked":"MostiFishMod:FullyArmed+1","floor":33},{"not_picked":["Well Laid Plans+1","Crippling Poison+1","Backflip+1","Riddle With Holes","MostiFishMod:InvigoratingSolution+1"],"picked":"SKIP","floor":35},{"not_picked":["REME_ShadowStrike","Footwork+1","Underhanded Strike+1","AT_KneejerkReflex+1","Blade Dance+1"],"picked":"SKIP","floor":36},{"not_picked":["Flying Knee+1","MostiFishMod:AdrenalineArouse+1","jedi:acidrain","Poisoned Stab+1","Backflip+1"],"picked":"SKIP","floor":40},{"not_picked":["Bane","AT_TinkerSharpsword","AT_WindFlip","Flying Knee+1","MostiFishMod:PerfectParry+1"],"picked":"SKIP","floor":41},{"not_picked":["Envenom+1","Dagger Throw","MostiFishMod:PerfectParry","Blade Dance","Bane+1"],"picked":"SKIP","floor":44},{"not_picked":["AT_WindFlip+1","Dagger Throw","AT_TwilightShroud+1","Leg Sweep","Slice+1"],"picked":"SKIP","floor":45},{"not_picked":["Terror+1","Flying Knee+1","AT_ArcaneSupremacy+1","REME_SpectralBlade+1","Cloak And Dagger"],"picked":"SKIP","floor":46},{"not_picked":["MostiFishMod:Confrontation+1","MostiFishMod:Neurotoxin+1","Well Laid Plans+1","Outmaneuver+1","Deadly Poison"],"picked":"SKIP","floor":47},{"not_picked":["Cloak And Dagger","Slice","Accuracy+1","All Out Attack+1","Catalyst+1"],"picked":"SKIP","floor":48},{"not_picked":["Backflip","AT_WindRun+1","Prepared","MostiFishMod:PerfectParry","Poisoned Stab+1"],"picked":"SKIP","floor":54}],"player_experience":84970,"relics_obtained":[{"floor":1.0,"key":"SynthV:TestCard"},{"floor":7.0,"key":"testmod-LifeArmor"},{"floor":9.0,"key":"PlaceholderMod:DaolothFragment"},{"floor":11.0,"key":"Odd Mushroom"},{"floor":14.0,"key":"Torii"},{"floor":23.0,"key":"AT_SilverBalance"},{"floor":25.0,"key":"Vajra"},{"floor":26.0,"key":"AT_SpeedBoots"},{"floor":27.0,"key":"jedi:heavyjacket"},{"floor":37,"key":"Mango"},{"floor":41,"key":"Strawberry"},{"floor":47,"key":"jedi:matchstick"},{"floor":54,"key":"testmod-TurbochargingSystem"}],"event_choices":[{"cards_removed":["Strike_G"],"damage_healed":0.0,"max_hp_gain":0.0,"max_hp_loss":0.0,"gold_gain":0.0,"event_name":"The Cleric","player_choice":"Card Removal","floor":2.0,"gold_loss":50.0,"damage_taken":0.0},{"damage_healed":0.0,"max_hp_gain":0.0,"max_hp_loss":0.0,"gold_gain":175.0,"event_name":"Liars Game","player_choice":"AGREE","floor":3.0,"gold_loss":0.0,"damage_taken":0.0,"cards_obtained":["Doubt"]},{"damage_healed":0.0,"max_hp_gain":0.0,"max_hp_loss":0.0,"gold_gain":0.0,"event_name":"Mushrooms","player_choice":"Fought Mushrooms","floor":11.0,"gold_loss":0.0,"damage_taken":0.0},{"damage_healed":0.0,"max_hp_gain":0.0,"max_hp_loss":0.0,"gold_gain":0.0,"event_name":"Addict","player_choice":"Obtained Relic","floor":19.0,"gold_loss":85.0,"damage_taken":0.0,"relics_obtained":["Dota2Spire:LinkenSphere"]},{"damage_healed":0,"gold_gain":0,"player_choice":"Fight","damage_taken":0,"max_hp_gain":0,"max_hp_loss":0,"event_name":"Mysterious Sphere","floor":37,"gold_loss":0},{"damage_healed":0,"gold_gain":400,"player_choice":"Sell","damage_taken":0,"max_hp_gain":0,"max_hp_loss":0,"event_name":"恩洛斯的盘子","floor":39,"relics_lost":["REME_ComplimentaryCards"],"gold_loss":0}],"is_beta":false,"boss_relics":[{"not_picked":["SynthV:MejaisSoulstealer","testmod-Nine"],"picked":"Empty Cage"},{"not_picked":["testmod-EnergyCheck","WristBlade"],"picked":"testmod-SaigiyounoYou"}],"items_purged_floors":[21,29,38,42,42,49,52],"is_endless":false,"potions_floor_spawned":[4,8,14,18,23,31,33,35,40,41,45,48,54],"ascension_level":3}}