{"host":"tcdxiwht2vajk3tk","time":1610265298,"event":{"mods":["AchievementEnabler","BaseMod","Beaked The Cultist","Conspire","Defuse TimeMaze Blight","Downfall","Halation","Hermit","Hubris","Infinite Spire","Lobotomy","Minty Spire (QoL Compilation)","Replay The Spire","Shop Mod","StSLib","The Cursed","The Disciple","vexMod"],"gold_per_floor":[117,130,141,154,167,198,198,198,198,227,272,200,219,295,295,449,449,543,575,575,589,589],"floor_reached":21,"playtime":1527,"items_purged":[],"score":339,"play_id":"057eb59a-132c-4b56-ac6f-ff79d011c105","local_time":"20210110025458","is_ascension_mode":true,"campfire_choices":[{"floor":7.0,"key":"REST"},{"floor":15.0,"key":"REST"}],"circlet_count":0,"master_deck":["beaked:Strike_Y","beaked:Strike_Y","beaked:Strike_Y","beaked:Strike_Y","beaked:Strike_Y","beaked:Strike_Y","beaked:Defend_Y","beaked:Defend_Y","beaked:Defend_Y","beaked:Defend_Y","beaked:Ceremony","beaked:Ceremony","LaLuna","beaked:Tweet","OSAHOGD","beaked:WildInstinct","beaked:VigorBurst","LongBird","beaked:TuckingFeathers","MHz","beaked:BloodRitual+1","Funeral","beaked:DigDeeper","QueenOfHatred","beaked:Windmill","BlackArmy","beaked:BloodRitual","WallGazer","beaked:Overexert","OldLady","beaked:VigorBurst","beaked:ScreechingChant","beaked:SurvivalInstinct","beaked:TuckingFeathers","ReplayTheSpireMod:Splinters","Flash of Steel"],"relics":["beaked:MendingPlumage","CogitoBucket","Replay:Wax Seal","vexMod:ConsolationPrize","hubris:Spice","halation:KoshaPiece","hubris:CuriousFeather","SkinProphecy"],"acts_visited":["Exordium","TheCity"],"potions_floor_usage":[19],"damage_taken":[{"damage":17.0,"enemies":"2 Louse","floor":1.0,"turns":4.0},{"damage":6.0,"enemies":"Small Slimes","floor":2.0,"turns":5.0},{"damage":24.0,"enemies":"Cultist","floor":3.0,"turns":5.0},{"damage":47.0,"enemies":"Gremlin Gang","floor":4.0,"turns":5.0},{"damage":12.0,"enemies":"Large Slime","floor":5.0,"turns":7.0},{"damage":34.0,"enemies":"3 Sentries","floor":6.0,"turns":5.0},{"damage":13.0,"enemies":"Exordium Thugs","floor":10.0,"turns":3.0},{"damage":20.0,"enemies":"Lagavulin","floor":11.0,"turns":5.0},{"damage":7.0,"enemies":"2 Fungi Beasts","floor":13.0,"turns":4.0},{"damage":45.0,"enemies":"3 Sentries","floor":14.0,"turns":5.0},{"damage":52.0,"enemies":"Hexaghost","floor":16.0,"turns":7.0},{"damage":79.0,"enemies":"2 Thieves","floor":18.0,"turns":6.0},{"damage":14,"enemies":"Chosen","floor":19,"turns":4},{"damage":17,"enemies":"Snake Plant","floor":21,"turns":2}],"seed_played":"-1870104409152341833","potions_obtained":[{"floor":4.0,"key":"Guardian:BlockOnCardUsePotion"},{"floor":10.0,"key":"SkillPotion"},{"floor":11.0,"key":"Ancient Potion"},{"floor":14.0,"key":"AttackPotion"},{"floor":19,"key":"SkillPotion"}],"is_trial":false,"path_per_floor":["M","M","M","M","M","E","R","?","T","M","E","?","M","E","R","B",null,"M","M","?","M"],"character_chosen":"BEAKED_THE_CULTIST","items_purchased":[],"campfire_rested":2,"item_purchase_floors":[],"current_hp_per_floor":[37,45,38,9,21,3,19,19,19,17,29,29,38,24,44,29,66,18,15,15,0,0],"gold":589,"neow_bonus":"","is_daily":false,"chose_seed":false,"campfire_upgraded":0,"win_rate":0.0,"timestamp":1610265298,"path_taken":["M","M","M","M","M","E","R","?","T","M","E","?","M","E","R","BOSS","M","?","?","M"],"items_purchased_type":[],"build_version":"2020-12-22","purchased_purges":0,"victory":false,"max_hp_per_floor":[50,50,55,55,55,55,55,55,55,55,63,63,63,68,68,68,76,76,78,78,80,80],"card_choices":[{"not_picked":["FairyFestival","Wellcheers"],"picked":"LaLuna","floor":1.0},{"not_picked":["ReplayTheSpireMod:Prepare the Ceremony","beaked:Pecker"],"picked":"beaked:Tweet","floor":1.0},{"not_picked":["ShyLook","Porccubus","Mercenary"],"picked":"Singing Bowl","floor":2.0},{"not_picked":["VoidDream","NakedNest"],"picked":"OSAHOGD","floor":2.0},{"not_picked":["beaked:Insight","beaked:Tweet"],"picked":"beaked:WildInstinct","floor":2.0},{"not_picked":["VoidDream","MeatLantern","UniverseFragment"],"picked":"Singing Bowl","floor":3.0},{"not_picked":["beaked:Brace","beaked:HuntressSpirit"],"picked":"beaked:VigorBurst","floor":3.0},{"not_picked":["CherryBlossoms","MHz"],"picked":"LongBird","floor":4.0},{"not_picked":["beaked:Windmill","beaked:SacrificialAttack"],"picked":"beaked:TuckingFeathers","floor":4.0},{"not_picked":["WallGazer","QueenBee"],"picked":"MHz","floor":5.0},{"not_picked":["beaked:DigDeep","beaked:TuckingFeathers"],"picked":"beaked:BloodRitual","floor":5.0},{"not_picked":["OldLady","FairyFestival"],"picked":"Funeral","floor":6.0},{"not_picked":["beaked:Replenish","beaked:MimicHuntress"],"picked":"beaked:DigDeeper","floor":6.0},{"not_picked":["HappyTeddy","GalaxyChild","Bloodbath"],"picked":"Singing Bowl","floor":10.0},{"not_picked":["Variant","ShyLook"],"picked":"QueenOfHatred","floor":10.0},{"not_picked":["beaked:DesperateSwing","beaked:Negation"],"picked":"beaked:Windmill","floor":10.0},{"not_picked":["FairyFestival","UniverseFragment"],"picked":"BlackArmy","floor":11.0},{"not_picked":["beaked:Cower","beaked:Daydream"],"picked":"beaked:BloodRitual","floor":11.0},{"not_picked":["ShyLook","Wellcheers","SpiderBud"],"picked":"Singing Bowl","floor":13.0},{"not_picked":["Scorched","Murderer"],"picked":"WallGazer","floor":13.0},{"not_picked":["beaked:Windmill","beaked:Insight"],"picked":"beaked:Overexert","floor":13.0},{"not_picked":["ShyLook","MeatLantern","CherryBlossoms"],"picked":"Singing Bowl","floor":14.0},{"not_picked":["VoidDream","CrumblingArmor"],"picked":"OldLady","floor":14.0},{"not_picked":["beaked:Overexert","beaked:DesperateSwing"],"picked":"beaked:VigorBurst","floor":14.0},{"not_picked":["Scorched","PunishingBird","VoidDream"],"picked":"Singing Bowl","floor":16.0},{"not_picked":["beaked:DarkTribute","beaked:VolatileMisfortune"],"picked":"beaked:ScreechingChant","floor":16.0},{"not_picked":["LittlePrince","BigBadWolf","PunishingBird"],"picked":"Singing Bowl","floor":18.0},{"not_picked":["beaked:Flinch","beaked:Roost"],"picked":"beaked:SurvivalInstinct","floor":18.0},{"not_picked":["Bloodbath","CrumblingArmor","WhitesApple"],"picked":"Singing Bowl","floor":19},{"not_picked":["beaked:Poke+1","ReplayTheSpireMod:RavenHex+1"],"picked":"beaked:TuckingFeathers","floor":19}],"player_experience":1546636,"relics_obtained":[{"floor":6.0,"key":"Replay:Wax Seal"},{"floor":9.0,"key":"vexMod:ConsolationPrize"},{"floor":11.0,"key":"hubris:Spice"},{"floor":14.0,"key":"hubris:CuriousFeather"}],"event_choices":[{"damage_healed":0.0,"max_hp_gain":0.0,"max_hp_loss":0.0,"gold_gain":0.0,"event_name":"WeMeetAgain","player_choice":"Paid Gold","floor":12.0,"gold_loss":72.0,"damage_taken":0.0,"relics_obtained":["halation:KoshaPiece"]},{"damage_healed":0,"gold_gain":0,"player_choice":"2 cards matched","damage_taken":0,"max_hp_gain":0,"max_hp_loss":0,"event_name":"Match and Keep!","floor":20,"gold_loss":0,"cards_obtained":["ReplayTheSpireMod:Splinters","Flash of Steel"]}],"is_beta":false,"boss_relics":[{"not_picked":["Busted Crown","hubris:Spice"],"picked":"hubris:Spice"}],"items_purged_floors":[],"is_endless":false,"potions_floor_spawned":[4,10,11,14,19],"killed_by":"Snake Plant","ascension_level":6}}