{"host":"dnvpprmy3abbf89m","time":1610260065,"event":{"mods":["BaseMod","Colored Map","Minty Spire (QoL Compilation)","StSLib"],"gold_per_floor":[116,116,127,127,138,169,169,169,169,181,181,181,206,42,42,141,141,158,158,173,173,22,50,50,50,76,50,50,50,62,76,76,181,181,194,194,208,208,225,225,252,95,95,95,108,8,58,111,111,111],"floor_reached":51,"playtime":9447,"items_purged":["Strike_P","Defend_P"],"score":749,"play_id":"b8b9bf96-5033-4ab4-9251-63bfe678453f","local_time":"20210110072745","is_ascension_mode":false,"campfire_choices":[{"data":"Eruption","floor":8.0,"key":"SMITH"},{"data":"WindmillStrike","floor":11.0,"key":"SMITH"},{"data":"Omniscience","floor":15.0,"key":"SMITH"},{"floor":24.0,"key":"REST"},{"floor":29.0,"key":"REST"},{"floor":32.0,"key":"REST"},{"floor":40,"key":"REST"},{"floor":44,"key":"REST"},{"floor":49,"key":"REST"}],"circlet_count":0,"master_deck":["Strike_P","Strike_P","Defend_P","Defend_P","Defend_P","Eruption+1","Vigilance","DeceiveReality","LikeWater+1","SandsOfTime","WindmillStrike+1","Sanctity","Omniscience+1","Trip","DevaForm","Evaluate+1","ClearTheMind","WaveOfTheHand","Establishment","Halt+1","Iron Wave","Wallop+1","WindmillStrike+1","MasterReality","Protect+1","Perseverance+1","ThirdEye+1"],"relics":["PureWater","NeowsBlessing","Question Card","Bag of Preparation","Oddly Smooth Stone","Fusion Hammer","ClockworkSouvenir","Juzu Bracelet","Happy Flower","Bronze Scales","VioletLotus","Nunchaku","Vajra","Ancient Tea Set","StoneCalendar","Prayer Wheel"],"acts_visited":["Exordium","TheCity","TheBeyond"],"potions_floor_usage":[39,47,50,50,50],"damage_taken":[{"damage":0.0,"enemies":"Jaw Worm","floor":1.0,"turns":1.0},{"damage":0.0,"enemies":"2 Louse","floor":3.0,"turns":1.0},{"damage":0.0,"enemies":"Small Slimes","floor":5.0,"turns":2.0},{"damage":0.0,"enemies":"Lagavulin","floor":6.0,"turns":7.0},{"damage":3.0,"enemies":"Looter","floor":10.0,"turns":3.0},{"damage":0.0,"enemies":"Gremlin Nob","floor":13.0,"turns":3.0},{"damage":6.0,"enemies":"The Guardian","floor":16.0,"turns":7.0},{"damage":0.0,"enemies":"Spheric Guardian","floor":18.0,"turns":4.0},{"damage":9.0,"enemies":"2 Thieves","floor":20.0,"turns":4.0},{"damage":0.0,"enemies":"Gremlin Leader","floor":23.0,"turns":5.0},{"damage":0.0,"enemies":"Snecko","floor":30.0,"turns":4.0},{"damage":0.0,"enemies":"Centurion and Healer","floor":31.0,"turns":5.0},{"damage":23.0,"enemies":"Champ","floor":33.0,"turns":14.0},{"damage":7,"enemies":"3 Shapes","floor":35,"turns":6},{"damage":18,"enemies":"Orb Walker","floor":37,"turns":5},{"damage":14,"enemies":"Maw","floor":39,"turns":8},{"damage":2,"enemies":"Giant Head","floor":41,"turns":6},{"damage":4,"enemies":"Spire Growth","floor":45,"turns":4},{"damage":6,"enemies":"Mind Bloom Boss Battle","floor":47,"turns":6},{"damage":17,"enemies":"2 Orb Walkers","floor":48,"turns":7},{"damage":25,"enemies":"Time Eater","floor":50,"turns":9}],"seed_played":"-6212914781464792250","potions_obtained":[{"floor":3.0,"key":"Ambrosia"},{"floor":6.0,"key":"PowerPotion"},{"floor":10.0,"key":"Weak Potion"},{"floor":13.0,"key":"Energy Potion"},{"floor":23.0,"key":"Ambrosia"},{"floor":31.0,"key":"StancePotion"},{"floor":35,"key":"EssenceOfSteel"},{"floor":45,"key":"LiquidBronze"},{"floor":48,"key":"Regen Potion"}],"is_trial":false,"path_per_floor":["M","?","M","$","M","E","?","R","T","M","R","?","E","$","R","B",null,"M","?","M","?","$","E","R","T","T","$","?","R","M","M","R","B",null,"M","?","M","$","M","R","E","$","T","R","M","$","?","?","R","B",null],"character_chosen":"WATCHER","items_purchased":["Trip","ClockworkSouvenir","ClearTheMind","Vajra"],"campfire_rested":6,"item_purchase_floors":[14,22,27,42],"current_hp_per_floor":[72,65,65,65,65,65,70,70,70,67,67,67,67,67,67,61,77,77,77,68,77,77,77,77,77,77,77,63,82,82,82,82,59,82,75,75,57,57,43,67,65,65,65,82,78,78,72,55,79,67],"gold":111,"neow_bonus":"THREE_ENEMY_KILL","is_daily":false,"chose_seed":false,"campfire_upgraded":3,"win_rate":0.0,"timestamp":1610260065,"path_taken":["M","?","M","$","M","E","?","R","T","M","R","?","E","$","R","BOSS","M","?","?","?","$","E","R","?","T","$","?","R","M","M","R","BOSS","M","?","M","$","M","R","E","$","T","R","M","?","?","?","R","BOSS"],"items_purchased_type":["Card","Relic","Card","Relic"],"build_version":"2020-12-22","purchased_purges":2,"victory":true,"max_hp_per_floor":[72,72,72,72,72,72,77,77,77,77,77,77,77,77,77,77,77,77,77,77,77,77,77,77,77,77,77,82,82,82,82,82,82,82,82,82,82,82,82,82,82,82,82,82,82,82,82,82,82,82],"card_choices":[{"not_picked":["FlyingSleeves","CutThroughFate"],"picked":"DeceiveReality","floor":1.0},{"not_picked":["FlurryOfBlows","Pray"],"picked":"LikeWater","floor":3.0},{"not_picked":["EmptyFist","Study"],"picked":"SandsOfTime","floor":5.0},{"not_picked":["CrushJoints","Adaptation"],"picked":"WindmillStrike","floor":6.0},{"not_picked":["SashWhip","Collect","Tantrum"],"picked":"Sanctity","floor":10.0},{"not_picked":["WaveOfTheHand","WheelKick","FlyingSleeves"],"picked":"Omniscience","floor":13.0},{"not_picked":["MasterReality","Ragnarok","Judgement"],"picked":"DevaForm","floor":16.0},{"not_picked":["JustLucky","ClearTheMind+1","EmptyFist"],"picked":"Evaluate+1","floor":18.0},{"not_picked":["Halt","Study","Sanctity+1","CrushJoints"],"picked":"SKIP","floor":20.0},{"not_picked":["DeusExMachina","CutThroughFate","InnerPeace","PathToVictory"],"picked":"SKIP","floor":23.0},{"not_picked":["Adaptation","Crescendo","CutThroughFate"],"picked":"WaveOfTheHand","floor":30.0},{"not_picked":["Indignation+1","Fasting2","Swivel"],"picked":"Wallop","floor":31.0},{"not_picked":["Brilliance","Scrawl","Ragnarok"],"picked":"Establishment","floor":33.0},{"not_picked":["Tantrum+1","Pray+1","CutThroughFate+1"],"picked":"Halt+1","floor":35},{"not_picked":["FollowUp+1","Swivel","Fasting2+1"],"picked":"Wallop+1","floor":37},{"not_picked":["PathToVictory","FlurryOfBlows","Evaluate+1"],"picked":"WindmillStrike+1","floor":39},{"not_picked":["Halt","Pray","EmptyBody+1"],"picked":"MasterReality","floor":41},{"not_picked":["CutThroughFate","EmptyBody+1","ClearTheMind"],"picked":"Protect+1","floor":45},{"not_picked":["CrushJoints+1","Evaluate+1","EmptyFist+1"],"picked":"Perseverance+1","floor":47},{"not_picked":["EmptyFist+1","WheelKick+1","Perseverance"],"picked":"ThirdEye+1","floor":48}],"player_experience":764811,"relics_obtained":[{"floor":6.0,"key":"Question Card"},{"floor":9.0,"key":"Bag of Preparation"},{"floor":13.0,"key":"Oddly Smooth Stone"},{"floor":23.0,"key":"Juzu Bracelet"},{"floor":25.0,"key":"Happy Flower"},{"floor":26.0,"key":"Bronze Scales"},{"floor":41,"key":"Nunchaku"},{"floor":43,"key":"Ancient Tea Set"},{"floor":47,"key":"StoneCalendar"},{"floor":48,"key":"Prayer Wheel"}],"event_choices":[{"cards_removed":["Strike_P"],"damage_healed":0.0,"max_hp_gain":0.0,"max_hp_loss":0.0,"gold_gain":0.0,"event_name":"Golden Wing","player_choice":"Card Removal","floor":2.0,"gold_loss":0.0,"damage_taken":7.0},{"damage_healed":0.0,"max_hp_gain":5.0,"max_hp_loss":0.0,"gold_gain":0.0,"event_name":"Big Fish","player_choice":"Donut","floor":7.0,"gold_loss":0.0,"damage_taken":0.0},{"damage_healed":0.0,"max_hp_gain":0.0,"max_hp_loss":0.0,"gold_gain":0.0,"event_name":"Living Wall","player_choice":"Grow","floor":12.0,"gold_loss":0.0,"damage_taken":0.0,"cards_upgraded":["LikeWater"]},{"damage_healed":0.0,"max_hp_gain":0.0,"max_hp_loss":0.0,"gold_gain":0.0,"event_name":"The Woman in Blue","player_choice":"Bought 0 Potions","floor":19.0,"gold_loss":0.0,"damage_taken":0.0},{"damage_healed":25.0,"max_hp_gain":0.0,"max_hp_loss":0.0,"gold_gain":0.0,"event_name":"The Library","player_choice":"Heal","floor":21.0,"gold_loss":0.0,"damage_taken":0.0},{"damage_healed":0.0,"max_hp_gain":5.0,"max_hp_loss":0.0,"gold_gain":0.0,"event_name":"Forgotten Altar","player_choice":"Shed Blood","floor":28.0,"gold_loss":0.0,"damage_taken":19.0},{"cards_removed":["Wallop"],"damage_healed":0,"gold_gain":0,"player_choice":"Took Card","damage_taken":0,"max_hp_gain":0,"max_hp_loss":0,"event_name":"NoteForYourself","floor":36,"gold_loss":0,"cards_obtained":["Iron Wave"]},{"damage_healed":0,"gold_gain":0,"player_choice":"Fight","damage_taken":0,"max_hp_gain":0,"max_hp_loss":0,"event_name":"MindBloom","floor":47,"gold_loss":0},{"damage_healed":0,"gold_gain":0,"player_choice":"Fight","damage_taken":0,"max_hp_gain":0,"max_hp_loss":0,"event_name":"Mysterious Sphere","floor":48,"gold_loss":0}],"is_beta":false,"boss_relics":[{"not_picked":["Snecko Eye","Tiny House"],"picked":"Fusion Hammer"},{"not_picked":["SacredBark","Coffee Dripper"],"picked":"VioletLotus"}],"items_purged_floors":[14,46],"is_endless":false,"potions_floor_spawned":[3,6,10,13,23,31,35,45,48],"ascension_level":0}}