{"host":"skvwuvqqk8x6jusd","time":1610312764,"event":{"mods":["AchievementEnabler","BaseMod","Colored Map","Colored Powertips","Highlight Path","Minty Spire (QoL Compilation)","Relic Stats","Slay-I"],"gold_per_floor":[114,124,140,215,185,185,202,202,202,235,253,253,273,20,20,119,119,136,156,156,176,188,188,220,220,220,230,240,240,240,339,339,436,436,446,446,546,561,577,602,602,621,675,481,481,481,481,496,496,496,496],"floor_reached":50,"playtime":1235,"items_purged":["Defend_R"],"score":569,"play_id":"e00708ac-9101-4a1c-b9f4-71be6314ca1c","local_time":"20210110210604","is_ascension_mode":false,"campfire_choices":[{"data":"Spot Weakness","floor":6.0,"key":"SMITH"},{"data":"Whirlwind","floor":8.0,"key":"SMITH"},{"data":"Iron Wave","floor":12.0,"key":"SMITH"},{"data":"Inflame","floor":15.0,"key":"SMITH"},{"floor":23,"key":"DIG"},{"floor":25,"key":"DIG"},{"floor":29,"key":"REST"},{"floor":32,"key":"DIG"},{"floor":41,"key":"DIG"},{"floor":46,"key":"DIG"},{"floor":49,"key":"DIG"}],"circlet_count":0,"master_deck":["Strike_R","Strike_R","Strike_R","Strike_R","Strike_R","Defend_R","Defend_R","Defend_R","Bash+1","Anger","Anger","Spot Weakness+1","Whirlwind+1","Iron Wave+1","Inflame+1","Flex","CurseOfTheBell","Sword Boomerang+1","Heavy Blade","Iron Wave+1","Whirlwind","Flex+1","Ghostly","Ghostly","Ghostly","Ghostly","Spot Weakness+1","Parasite","Whirlwind+1"],"relics":["Burning Blood","Mercury Hourglass","Self Forming Clay","Membership Card","Nunchaku","Calling Bell","Vajra","White Beast Statue","Shovel","InkBottle","Darkstone Periapt","MealTicket","Lizard Tail","Whetstone","Runic Pyramid","Kunai","Orichalcum","Boot","Sling","Toy Ornithopter","Juzu Bracelet","Du-Vu Doll"],"acts_visited":["Exordium","TheCity","TheBeyond"],"potions_floor_usage":[21,22,24,24,24,28,33,40,40,48],"damage_taken":[{"damage":5.0,"enemies":"Small Slimes","floor":1.0,"turns":3.0},{"damage":6.0,"enemies":"Cultist","floor":2.0,"turns":3.0},{"damage":6.0,"enemies":"2 Louse","floor":3.0,"turns":3.0},{"damage":12.0,"enemies":"2 Fungi Beasts","floor":7.0,"turns":3.0},{"damage":19.0,"enemies":"Lagavulin","floor":10.0,"turns":4.0},{"damage":0.0,"enemies":"Gremlin Gang","floor":11.0,"turns":1.0},{"damage":7.0,"enemies":"Blue Slaver","floor":13.0,"turns":2.0},{"damage":0.0,"enemies":"Slime Boss","floor":16.0,"turns":3.0},{"damage":5.0,"enemies":"Chosen","floor":18.0,"turns":3.0},{"damage":0,"enemies":"3 Byrds","floor":19,"turns":2},{"damage":12,"enemies":"3 Cultists","floor":21,"turns":3},{"damage":24,"enemies":"Centurion and Healer","floor":22,"turns":4},{"damage":15,"enemies":"Book of Stabbing","floor":24,"turns":4},{"damage":10,"enemies":"Snecko","floor":27,"turns":4},{"damage":21,"enemies":"Snake Plant","floor":28,"turns":3},{"damage":61,"enemies":"Champ","floor":33,"turns":9},{"damage":2,"enemies":"3 Shapes","floor":35,"turns":4},{"damage":1,"enemies":"Orb Walker","floor":38,"turns":4},{"damage":9,"enemies":"4 Shapes","floor":39,"turns":4},{"damage":5,"enemies":"Reptomancer","floor":40,"turns":6},{"damage":0,"enemies":"Spire Growth","floor":42,"turns":5},{"damage":33,"enemies":"Writhing Mass","floor":48,"turns":7},{"damage":38,"enemies":"Time Eater","floor":50,"turns":7}],"seed_played":"-1207102566683232605","potions_obtained":[{"floor":2.0,"key":"Fire Potion"},{"floor":5.0,"key":"Block Potion"},{"floor":5.0,"key":"Strength Potion"},{"floor":10.0,"key":"Weak Potion"},{"floor":11.0,"key":"BloodPotion"},{"floor":16.0,"key":"AttackPotion"},{"floor":20,"key":"DuplicationPotion"},{"floor":20,"key":"LiquidMemories"},{"floor":21,"key":"FearPotion"},{"floor":22,"key":"Fire Potion"},{"floor":24,"key":"BlessingOfTheForge"},{"floor":27,"key":"LiquidBronze"},{"floor":28,"key":"SpeedPotion"},{"floor":33,"key":"DuplicationPotion"},{"floor":35,"key":"ColorlessPotion"},{"floor":38,"key":"Regen Potion"},{"floor":40,"key":"BloodPotion"},{"floor":42,"key":"ElixirPotion"},{"floor":48,"key":"SkillPotion"}],"is_trial":false,"path_per_floor":["M","M","M","?","?","R","M","R","T","E","M","R","M","$","R","B",null,"M","M","?","M","M","R","E","R","T","M","M","R","?","?","R","B",null,"M","?","?","M","M","E","R","M","T","$","?","R","?","M","R","B"],"character_chosen":"IRONCLAD","items_purchased":["Membership Card","Nunchaku","Flex","Sling","Toy Ornithopter"],"campfire_rested":1,"item_purchase_floors":[14,14,14,44,44],"current_hp_per_floor":[80,80,80,69,69,69,63,63,63,50,56,56,55,55,55,61,80,80,80,80,74,56,56,47,47,47,43,28,52,40,40,40,26,40,40,40,40,40,37,40,40,40,40,40,40,40,40,33,33,0,0],"gold":496,"neow_bonus":"UPGRADE_CARD","is_daily":false,"chose_seed":false,"campfire_upgraded":4,"win_rate":0.0,"timestamp":1610312764,"path_taken":["M","M","M","?","?","R","M","R","T","E","?","R","?","$","R","BOSS","M","M","?","M","M","R","E","R","T","M","?","R","?","?","R","BOSS","M","?","?","?","M","E","R","M","T","$","?","R","?","M","R","BOSS"],"items_purchased_type":["Relic","Relic","Card","Relic","Relic"],"build_version":"2020-12-22","purchased_purges":1,"victory":false,"max_hp_per_floor":[80,80,80,80,80,80,80,80,80,80,80,80,80,80,80,80,80,80,80,80,80,80,80,80,80,80,80,80,80,40,40,40,40,40,40,40,40,40,40,40,40,40,40,40,40,40,40,46,46,46,46],"relic_stats":{"Darkstone Periapt":6,"counters":[23,91],"Self Forming Clay":[117],"Juzu Bracelet":0,"Whetstone":["Iron Wave","Sword Boomerang"],"Orichalcum":[54],"Boot":[6],"Burning Blood":106,"Mercury Hourglass":[316],"Nunchaku":[13],"Lizard Tail":20,"Shovel":6,"MealTicket":0,"Kunai":[4],"obtain_stats":[{"Darkstone Periapt":24,"Self Forming Clay":10,"Vajra":17,"Juzu Bracelet":46,"Whetstone":32,"Orichalcum":41,"Boot":43,"Sling":44,"Burning Blood":0,"White Beast Statue":17,"Mercury Hourglass":9,"Calling Bell":17,"Du-Vu Doll":49,"Nunchaku":14,"Lizard Tail":26,"Shovel":17,"MealTicket":25,"Membership Card":14,"Kunai":40,"InkBottle":23,"Toy Ornithopter":44,"Runic Pyramid":34},{"Darkstone Periapt":13,"Self Forming Clay":5,"Vajra":8,"Juzu Bracelet":21,"Whetstone":15,"Orichalcum":20,"Boot":21,"Sling":21,"Burning Blood":0,"White Beast Statue":8,"Mercury Hourglass":4,"Calling Bell":8,"Du-Vu Doll":22,"Nunchaku":7,"Lizard Tail":13,"Shovel":8,"MealTicket":13,"Membership Card":7,"Kunai":20,"InkBottle":12,"Toy Ornithopter":21,"Runic Pyramid":16},{"Darkstone Periapt":38,"Self Forming Clay":16,"Vajra":22,"Juzu Bracelet":77,"Whetstone":45,"Orichalcum":72,"Boot":77,"Sling":77,"Burning Blood":0,"White Beast Statue":22,"Mercury Hourglass":12,"Calling Bell":22,"Du-Vu Doll":84,"Nunchaku":19,"Lizard Tail":38,"Shovel":22,"MealTicket":38,"Membership Card":19,"Kunai":72,"InkBottle":34,"Toy Ornithopter":77,"Runic Pyramid":54}],"InkBottle":[16],"Toy Ornithopter":5},"card_choices":[{"not_picked":["Cleave","Pommel Strike"],"picked":"Anger","floor":1.0},{"not_picked":["Uppercut","Burning Pact"],"picked":"Anger","floor":2.0},{"not_picked":["Heavy Blade","True Grit"],"picked":"Spot Weakness","floor":3.0},{"not_picked":["Sever Soul","Ghostly Armor"],"picked":"Whirlwind","floor":7.0},{"not_picked":["Corruption","Clothesline","Shrug It Off"],"picked":"SKIP","floor":10.0},{"not_picked":["Metallicize","Havoc"],"picked":"Iron Wave","floor":11.0},{"not_picked":["True Grit","Iron Wave"],"picked":"Inflame","floor":13.0},{"not_picked":["Dark Embrace+1","Flame Barrier"],"picked":"Sword Boomerang","floor":18.0},{"not_picked":["True Grit","Intimidate","Ghostly Armor"],"picked":"SKIP","floor":19},{"not_picked":["Seeing Red","True Grit"],"picked":"Heavy Blade","floor":21},{"not_picked":["Feel No Pain","Clothesline"],"picked":"Iron Wave","floor":22},{"not_picked":["Feed","Armaments"],"picked":"Whirlwind","floor":24},{"not_picked":["Evolve","Battle Trance"],"picked":"Flex+1","floor":27},{"not_picked":["Shrug It Off","Metallicize+1","Twin Strike"],"picked":"SKIP","floor":28},{"not_picked":["Dark Embrace","Wild Strike"],"picked":"Spot Weakness+1","floor":35},{"not_picked":["Headbutt","Sentinel","Perfected Strike+1"],"picked":"SKIP","floor":38},{"not_picked":["Bludgeon","Clothesline","Perfected Strike"],"picked":"SKIP","floor":39},{"not_picked":["Warcry+1","Flame Barrier","Shockwave+1"],"picked":"SKIP","floor":40},{"not_picked":["Fire Breathing","Pommel Strike","Power Through"],"picked":"SKIP","floor":42},{"not_picked":["True Grit","Carnage"],"picked":"Whirlwind+1","floor":48}],"player_experience":610259,"relics_obtained":[{"floor":9.0,"key":"Mercury Hourglass"},{"floor":10.0,"key":"Self Forming Clay"},{"floor":17.0,"key":"Vajra"},{"floor":17.0,"key":"White Beast Statue"},{"floor":17.0,"key":"Shovel"},{"floor":23,"key":"InkBottle"},{"floor":24,"key":"Darkstone Periapt"},{"floor":25,"key":"MealTicket"},{"floor":26,"key":"Lizard Tail"},{"floor":32,"key":"Whetstone"},{"floor":40,"key":"Kunai"},{"floor":41,"key":"Orichalcum"},{"floor":43,"key":"Boot"},{"floor":46,"key":"Juzu Bracelet"},{"floor":49,"key":"Du-Vu Doll"}],"event_choices":[{"damage_healed":0.0,"max_hp_gain":0.0,"max_hp_loss":0.0,"gold_gain":75.0,"event_name":"World of Goop","player_choice":"Gather Gold","floor":4.0,"gold_loss":0.0,"damage_taken":11.0},{"damage_healed":0.0,"max_hp_gain":0.0,"max_hp_loss":0.0,"gold_gain":0.0,"event_name":"The Woman in Blue","player_choice":"Bought 2 Potions","floor":5.0,"gold_loss":0.0,"damage_taken":0.0},{"damage_healed":0,"gold_gain":0,"player_choice":"Got Potions","damage_taken":0,"max_hp_gain":0,"max_hp_loss":0,"event_name":"Lab","floor":20,"gold_loss":0},{"damage_healed":0,"gold_gain":0,"player_choice":"Became a Ghost","damage_taken":0,"max_hp_gain":0,"max_hp_loss":40,"event_name":"Ghosts","floor":30,"gold_loss":0,"cards_obtained":["Ghostly","Ghostly","Ghostly","Ghostly","Ghostly"]},{"damage_healed":0,"gold_gain":99,"player_choice":"Stole From Cult","damage_taken":0,"max_hp_gain":0,"max_hp_loss":0,"event_name":"Nest","floor":31,"gold_loss":0},{"damage_healed":0,"gold_gain":0,"player_choice":"Ignored","damage_taken":0,"max_hp_gain":0,"max_hp_loss":0,"event_name":"Tomb of Lord Red Mask","floor":36,"gold_loss":0},{"damage_healed":0,"gold_gain":100,"player_choice":"Pray","damage_taken":0,"max_hp_gain":0,"max_hp_loss":0,"event_name":"Golden Shrine","floor":37,"gold_loss":0},{"damage_healed":0,"gold_gain":0,"player_choice":"Ignored","damage_taken":0,"max_hp_gain":0,"max_hp_loss":0,"event_name":"Mysterious Sphere","floor":45,"gold_loss":0},{"cards_removed":["Ghostly"],"damage_healed":0,"gold_gain":0,"player_choice":"Removed Skill","damage_taken":0,"max_hp_gain":0,"max_hp_loss":0,"event_name":"Falling","floor":47,"gold_loss":0}],"is_beta":false,"boss_relics":[{"not_picked":["Snecko Eye","Sozu"],"picked":"Calling Bell"},{"not_picked":["Astrolabe","SlaversCollar"],"picked":"Runic Pyramid"}],"items_purged_floors":[44],"is_endless":false,"potions_floor_spawned":[2,10,11,13,16,18,19,21,22,24,27,28,33,35,38,39,40,42,48],"killed_by":"Time Eater","ascension_level":0}}