{"host":"7gewg82ormp6yt4e","time":1610271614,"event":{"mods":["BaseMod","Block Reminder","Colored Map","Colored Powertips","DeckTracker","Highlight Path","Minty Spire (QoL Compilation)","Relic Stats","StSLib","ojb\u0027s Info Mod"],"gold_per_floor":[112,37,37,37,84,84,127,145,145,180,180,1,15,15,15,108,108,132,168,148,168,184,184,218,218,268,268,268],"floor_reached":27,"playtime":955,"items_purged":["Strike_B"],"score":574,"play_id":"e7a58065-f1fb-47fd-996d-aca09cb26c81","local_time":"20210110184014","is_ascension_mode":true,"campfire_choices":[{"data":"Zap","floor":6,"key":"SMITH"},{"data":"Rip and Tear","floor":11,"key":"SMITH"},{"data":"Barrage","floor":15,"key":"SMITH"},{"data":"Electrodynamics","floor":23,"key":"SMITH"}],"circlet_count":0,"master_deck":["AscendersBane","Strike_B","Strike_B","Defend_B","Defend_B","Defend_B","Defend_B+1","Zap+1","Dualcast","Cold Snap","Seek","Rip and Tear+1","Cold Snap","Ball Lightning","Barrage+1","Doom and Gloom","Electrodynamics+1","Conserve Battery+1","Stack+1","Fission"],"relics":["Cracked Core","NeowsBlessing","Golden Idol","Regal Pillow","Eternal Feather","FossilizedHelix","Meat on the Bone","Coffee Dripper","Red Mask","Girya","War Paint"],"acts_visited":["Exordium","TheCity"],"potions_floor_usage":[10,21,24,24],"damage_taken":[{"damage":0,"enemies":"Cultist","floor":1,"turns":1},{"damage":0,"enemies":"Lagavulin","floor":7,"turns":1},{"damage":0,"enemies":"Jaw Worm","floor":8,"turns":1},{"damage":21,"enemies":"3 Sentries","floor":10,"turns":8},{"damage":0,"enemies":"Small Slimes","floor":13,"turns":2},{"damage":45,"enemies":"The Guardian","floor":16,"turns":13},{"damage":11,"enemies":"2 Thieves","floor":18,"turns":2},{"damage":6,"enemies":"Masked Bandits","floor":19,"turns":2},{"damage":1,"enemies":"Shell Parasite","floor":21,"turns":5},{"damage":20,"enemies":"Snake Plant","floor":22,"turns":3},{"damage":0,"enemies":"Slavers","floor":24,"turns":2},{"damage":37,"enemies":"Book of Stabbing","floor":27,"turns":4}],"seed_played":"1435323038153094554","potions_obtained":[{"floor":7,"key":"DuplicationPotion"},{"floor":16,"key":"DuplicationPotion"},{"floor":18,"key":"Ancient Potion"},{"floor":22,"key":"GamblersBrew"}],"is_trial":false,"path_per_floor":["M","?","?","$","T","R","E","M","T","E","R","$","M","?","R","B",null,"M","?","?","M","M","R","E","?","T","E"],"character_chosen":"DEFECT","items_purchased":["Ball Lightning","Barrage"],"campfire_rested":0,"item_purchase_floors":[12,12],"current_hp_per_floor":[64,64,64,64,64,64,64,64,64,43,49,49,49,49,58,25,54,43,37,37,36,28,37,37,37,37,0,0],"gold":268,"neow_bonus":"THREE_ENEMY_KILL","is_daily":false,"chose_seed":false,"campfire_upgraded":4,"win_rate":0.0,"timestamp":1610271614,"path_taken":["M","?","?","$","?","R","E","?","T","E","R","$","M","?","R","BOSS","M","?","?","?","M","R","E","?","T","E"],"items_purchased_type":["Card","Card"],"build_version":"2020-12-22","purchased_purges":1,"victory":false,"max_hp_per_floor":[71,71,64,64,64,64,64,64,64,64,64,64,64,64,64,64,64,64,64,64,64,64,64,64,64,64,64,64],"relic_stats":{"Regal Pillow":0,"counters":[12,44],"Golden Idol":68,"Eternal Feather":24,"War Paint":["Defend_B","Conserve Battery"],"obtain_stats":[{"Girya":24,"Regal Pillow":5,"NeowsBlessing":0,"Golden Idol":3,"Eternal Feather":7,"Coffee Dripper":17,"Red Mask":19,"War Paint":26,"Cracked Core":0,"FossilizedHelix":9,"Meat on the Bone":10},{"Girya":11,"Regal Pillow":1,"NeowsBlessing":0,"Golden Idol":1,"Eternal Feather":2,"Coffee Dripper":6,"Red Mask":8,"War Paint":11,"Cracked Core":0,"FossilizedHelix":3,"Meat on the Bone":4},{"Girya":40,"Regal Pillow":1,"NeowsBlessing":0,"Golden Idol":1,"Eternal Feather":2,"Coffee Dripper":26,"Red Mask":30,"War Paint":40,"Cracked Core":0,"FossilizedHelix":3,"Meat on the Bone":11}],"Meat on the Bone":24},"card_choices":[{"not_picked":["Leap","Heatsinks"],"picked":"Cold Snap","floor":1},{"not_picked":["Steam","Rebound"],"picked":"Seek","floor":7},{"not_picked":["Go for the Eyes","Redo"],"picked":"Rip and Tear","floor":8},{"not_picked":["Stack","Streamline"],"picked":"Cold Snap","floor":10},{"not_picked":["Hologram","Chaos"],"picked":"Doom and Gloom","floor":13},{"not_picked":["Creative AI","Buffer"],"picked":"Electrodynamics","floor":16},{"not_picked":["Redo","Turbo","Rip and Tear"],"picked":"SKIP","floor":18},{"not_picked":["Rebound","Stack"],"picked":"Conserve Battery","floor":21},{"not_picked":["Skim","Steam"],"picked":"Stack+1","floor":22},{"not_picked":["All For One","Leap"],"picked":"Fission","floor":24}],"player_experience":2517572,"relics_obtained":[{"floor":5,"key":"Regal Pillow"},{"floor":7,"key":"Eternal Feather"},{"floor":9,"key":"FossilizedHelix"},{"floor":10,"key":"Meat on the Bone"},{"floor":19,"key":"Red Mask"},{"floor":24,"key":"Girya"},{"floor":26,"key":"War Paint"}],"event_choices":[{"cards_removed":["Strike_B"],"damage_healed":0,"gold_gain":0,"player_choice":"Card Removal","damage_taken":0,"max_hp_gain":0,"max_hp_loss":0,"event_name":"The Cleric","floor":2,"gold_loss":75},{"damage_healed":0,"gold_gain":0,"player_choice":"Lose Max HP","damage_taken":0,"relics_obtained":["Golden Idol"],"max_hp_gain":0,"max_hp_loss":7,"event_name":"Golden Idol","floor":3,"gold_loss":0},{"damage_healed":0,"gold_gain":0,"player_choice":"Ignored","damage_taken":0,"max_hp_gain":0,"max_hp_loss":0,"event_name":"Liars Game","floor":14,"gold_loss":0},{"damage_healed":0,"gold_gain":0,"player_choice":"Fought Bandits","damage_taken":0,"max_hp_gain":0,"max_hp_loss":0,"event_name":"Masked Bandits","floor":19,"gold_loss":0},{"damage_healed":0,"gold_gain":0,"player_choice":"Bought 1 Potion","damage_taken":0,"max_hp_gain":0,"max_hp_loss":0,"event_name":"The Woman in Blue","floor":20,"gold_loss":0},{"damage_healed":0,"gold_gain":0,"player_choice":"Ignored","damage_taken":0,"max_hp_gain":0,"max_hp_loss":0,"event_name":"The Mausoleum","floor":25,"gold_loss":0}],"is_beta":false,"boss_relics":[{"not_picked":["Calling Bell","Ectoplasm"],"picked":"Coffee Dripper"}],"items_purged_floors":[12],"is_endless":false,"potions_floor_spawned":[7,16,18,22],"killed_by":"Book of Stabbing","ascension_level":20}}