{"host":"bhbf7zxbh2qxgvbr","time":1610300156,"event":{"mods":["BaseMod","Chen","Friendly Minions","Marisa£®ÏF”Í°°ƒß¿Ì…≥£©","Minty Spire (QoL Compilation)","Quick Restart","Reimu£®≤©¿ˆ¡È√Œ£©","Remilia£®¿Ÿ√◊¿Ú—«£©","StSLib","The Administrix","The Servant 0.9.4","Youmu£®ªÍ∆«—˝√Œ£©","vexMod"],"gold_per_floor":[114,114,39,114,114,145,145,145,171,171,185,85,106,106,106,227,893,917,917,641,641,240,276,276,358,358,58,58,76,114,114,114],"floor_reached":31,"playtime":1124,"items_purged":["Defend_MRS","Defend_MRS","Pride","Pride"],"score":344,"play_id":"a9ee83c5-f160-49b3-b619-bb7542cdadd2","local_time":"20210111013556","is_ascension_mode":true,"campfire_choices":[{"data":"PowerUp","floor":7.0,"key":"SMITH"},{"data":"UpSweep","floor":10.0,"key":"SMITH"},{"data":"MasterSpark","floor":15.0,"key":"SMITH"},{"floor":24.0,"key":"REST"}],"circlet_count":0,"master_deck":["Strike_MRS","Strike_MRS","Strike_MRS","Defend_MRS","Defend_MRS","MasterSpark+1","UpSweep+1","PowerUp+1","Parasite","GalacticHalo","BinaryStars","MilkyWay","PulseMagic","ShootTheMoon","EventHorizon","OortCloud","PulseMagic+1"],"relics":["MiniHakkero","Golden Idol","vexMod:ScavengeHelm","vexMod:MemoryStick","Oddly Smooth Stone","vexMod:RockOfEvil","Shuriken","Orichalcum","HornCleat","RuthlessExorcism:ReiMu","SimpleLauncher","PreservedInsect","vexMod:CardConverter"],"acts_visited":["Exordium","TheCity"],"potions_floor_usage":[],"damage_taken":[{"damage":3.0,"enemies":"2 Louse","floor":1.0,"turns":3.0},{"damage":14.0,"enemies":"Gremlin Nob","floor":6.0,"turns":3.0},{"damage":0.0,"enemies":"Jaw Worm","floor":11.0,"turns":2.0},{"damage":0.0,"enemies":"Small Slimes","floor":13.0,"turns":2.0},{"damage":14.0,"enemies":"Hexaghost","floor":16.0,"turns":9.0},{"damage":40.0,"enemies":"2 Thieves","floor":18.0,"turns":4.0},{"damage":28.0,"enemies":"Gremlin Leader","floor":23.0,"turns":5.0},{"damage":5.0,"enemies":"3 Byrds","floor":29.0,"turns":5.0},{"damage":17.0,"enemies":"Slavers","floor":30.0,"turns":4.0},{"damage":11,"enemies":"Snake Plant","floor":31,"turns":3}],"seed_played":"-4488904724758383005","potions_obtained":[{"floor":11.0,"key":"ShroomBrew"},{"floor":13.0,"key":"SpeedPotion"},{"floor":16.0,"key":"GamblersBrew"},{"floor":18.0,"key":"CultistPotion"}],"is_trial":false,"path_per_floor":["M","?","$","?","?","E","R","?","T","R","M","$","M","$","R","B",null,"M","?","$","?","$","E","R","T","T","$","?","M","E","M"],"character_chosen":"MARISA","items_purchased":["PulseMagic","ShootTheMoon","Shuriken","SimpleLauncher"],"campfire_rested":1,"item_purchase_floors":[20,20,22,27],"current_hp_per_floor":[72,54,54,43,40,26,26,44,44,44,44,44,44,44,44,30,75,35,35,35,35,35,7,29,29,29,29,29,24,9,0,0],"gold":114,"neow_bonus":"REMOVE_CARD","is_daily":false,"chose_seed":false,"campfire_upgraded":3,"win_rate":0.0,"timestamp":1610300156,"path_taken":["M","?","$","?","?","E","R","?","T","R","M","$","M","$","R","BOSS","M","?","$","?","$","E","R","?","T","?","?","M","E","M"],"items_purchased_type":["Card","Card","Relic","Relic"],"build_version":"2020-12-22","purchased_purges":4,"victory":false,"max_hp_per_floor":[75,75,75,75,75,75,75,75,75,75,75,75,75,75,75,75,75,75,75,75,75,75,75,75,75,75,75,75,75,77,77,77],"card_choices":[{"not_picked":["NonDirectionalLaser","6A"],"picked":"PowerUp","floor":1.0},{"not_picked":["IllusionStar","OrrerysSun","StarBarrage"],"picked":"SKIP","floor":6.0},{"not_picked":["DarkSpark","DC"],"picked":"GalacticHalo","floor":11.0},{"not_picked":["DoubleSpark","EnergyRecoil","GalacticHalo"],"picked":"SKIP","floor":13.0},{"not_picked":["JA","EscapeVelocity"],"picked":"BinaryStars","floor":16.0},{"not_picked":["SporeBomb+1","PowerUp"],"picked":"MilkyWay","floor":18.0},{"not_picked":["PowerUp+1","UnstableBomb"],"picked":"EventHorizon","floor":23.0},{"not_picked":["SporeBomb","IllusionStar"],"picked":"OortCloud","floor":29.0},{"not_picked":["IllusionStar+1","NonDirectionalLaser+1"],"picked":"PulseMagic+1","floor":30.0}],"player_experience":360612,"relics_obtained":[{"floor":6.0,"key":"vexMod:MemoryStick"},{"floor":9.0,"key":"Oddly Smooth Stone"},{"floor":23.0,"key":"Orichalcum"},{"floor":25.0,"key":"HornCleat"},{"floor":26.0,"key":"RuthlessExorcism:ReiMu"},{"floor":30.0,"key":"vexMod:CardConverter"}],"event_choices":[{"damage_healed":0.0,"max_hp_gain":0.0,"max_hp_loss":0.0,"gold_gain":0.0,"event_name":"Golden Idol","player_choice":"Take Damage","floor":2.0,"gold_loss":0.0,"damage_taken":18.0,"relics_obtained":["Golden Idol"]},{"damage_healed":0.0,"max_hp_gain":0.0,"max_hp_loss":0.0,"gold_gain":75.0,"event_name":"World of Goop","player_choice":"Gather Gold","floor":4.0,"gold_loss":0.0,"damage_taken":11.0},{"damage_healed":0.0,"max_hp_gain":0.0,"max_hp_loss":0.0,"gold_gain":0.0,"event_name":"Scrap Ooze","player_choice":"Success","floor":5.0,"gold_loss":0.0,"damage_taken":3.0,"relics_obtained":["vexMod:ScavengeHelm"]},{"damage_healed":18.0,"max_hp_gain":0.0,"max_hp_loss":0.0,"gold_gain":0.0,"event_name":"Mushrooms_MRS","player_choice":"Healed and dodged fight","floor":8.0,"gold_loss":0.0,"damage_taken":0.0,"cards_obtained":["Parasite"]},{"cards_removed":["Pride"],"damage_healed":0.0,"max_hp_gain":0.0,"max_hp_loss":0.0,"gold_gain":0.0,"event_name":"Back to Basics","player_choice":"Elegance","floor":19.0,"gold_loss":0.0,"damage_taken":0.0},{"damage_healed":0.0,"max_hp_gain":0.0,"max_hp_loss":0.0,"gold_gain":0.0,"event_name":"Ghosts","player_choice":"Ignored","floor":21.0,"gold_loss":0.0,"damage_taken":0.0},{"damage_healed":0.0,"max_hp_gain":0.0,"max_hp_loss":0.0,"gold_gain":0.0,"event_name":"The Mausoleum","player_choice":"Opened","floor":28.0,"gold_loss":0.0,"damage_taken":0.0,"relics_obtained":["PreservedInsect"]}],"is_beta":false,"boss_relics":[{"not_picked":["Ectoplasm","ExperimentalFamiliar"],"picked":"vexMod:RockOfEvil"}],"items_purged_floors":[3,12,20,22],"is_endless":false,"potions_floor_spawned":[11,13,16,18,30],"killed_by":"Snake Plant","ascension_level":2}}