{"host":"qy89j0vid1u7yuu4","time":1610237962,"event":{"mods":["Act Like it!","Aspiration","BaseMod","Better Match","Better Third Choice","Card Forge","Colored Powertips","Elementarium","GifTheSpireLib","Hermit","Hubris","Infinite Spire","Menagerie","Minty Spire (QoL Compilation)","Replay The Spire","Spicy Shops","StSLib","Stuff the Spire","The Blue Laboratory"],"gold_per_floor":[141,141,180,216,216,363,396,396,396,537,624,648,648,735,735,1062,1062,1095,1095,1152,1239,1317,1362,1362],"floor_reached":23,"playtime":968,"items_purged":[],"score":238,"play_id":"6ecd2336-18fa-4bcb-b545-592a6a742f6b","local_time":"20210109171922","daily_mods":["Heirloom","DeadlyEvents","Elite Swarm","Midas"],"is_ascension_mode":false,"campfire_choices":[{"floor":8,"key":"REST"},{"floor":13,"key":"REST"},{"floor":15,"key":"REST"}],"circlet_count":0,"master_deck":["Strike_B","Strike_B","Strike_B","Strike_B","Defend_B","Defend_B","Defend_B","Defend_B","Zap+1","Dualcast+1","Leap","Streamline+1","Beam Cell+1","Core Surge+1","Leap","Electrodynamics+1","Barrage+1","Reboot","Defragment+1","Go for the Eyes","Go for the Eyes+1","Rip and Tear"],"relics":["Cracked Core","Hammer of Thor","Seething Fire","Anvil of the Gods","Durian","ReplayTheSpireMod:Ring of Challenge","ReplayTheSpireMod:Ring of Addiction","Toy Ornithopter","SacredBark","StuffTheSpire:OldFever","infinitespire:CheckeredPen","Ginger","ReplayTheSpireMod:Lightbulb","Onion Ring","StuffTheSpire:HeavyRock","Fusion Hammer"],"acts_visited":["Exordium","TheCity"],"potions_floor_usage":[6,18,21,23],"damage_taken":[{"damage":2,"enemies":"2 Louse","floor":1,"turns":2},{"damage":3,"enemies":"Small Slimes","floor":3,"turns":3},{"damage":0,"enemies":"Cultist","floor":4,"turns":4},{"damage":23,"enemies":"Gremlin Nob","floor":6,"turns":4},{"damage":1,"enemies":"3 Louse","floor":7,"turns":2},{"damage":24,"enemies":"Lagavulin","floor":10,"turns":6},{"damage":6,"enemies":"Exordium Wildlife","floor":11,"turns":3},{"damage":7,"enemies":"Gremlin Nob","floor":14,"turns":3},{"damage":31,"enemies":"Hexaghost","floor":16,"turns":8},{"damage":0,"enemies":"3 Byrds","floor":18,"turns":1},{"damage":0,"enemies":"Spheric Guardian","floor":20,"turns":2},{"damage":0,"enemies":"Snake Plant","floor":21,"turns":2},{"damage":4,"enemies":"Centurion and Healer","floor":22,"turns":4},{"damage":15,"enemies":"Gremlin Leader","floor":23,"turns":2}],"seed_played":"-8304300143104161149","potions_obtained":[{"floor":5,"key":"SneckoOil"},{"floor":5,"key":"Strength Potion"},{"floor":5,"key":"blueLaboratory:RememoryPotion"},{"floor":7,"key":"blueLaboratory:BottleOfVodka"},{"floor":10,"key":"blueLaboratory:SystemWipe"},{"floor":11,"key":"SpeedPotion"},{"floor":20,"key":"Cursed Concoction"},{"floor":21,"key":"blueLaboratory:FrostheartPotion"}],"is_trial":true,"path_per_floor":["M","?","M","M","?","E","M","R","T","E","M","T","R","E","R","B",null,"M","?","M","M","M","E"],"character_chosen":"DEFECT","items_purchased":[],"campfire_rested":3,"item_purchase_floors":[],"current_hp_per_floor":[78,78,75,75,75,57,56,80,80,54,48,48,70,63,76,43,74,74,74,74,74,70,59,59],"gold":1362,"neow_bonus":"","is_daily":false,"chose_seed":false,"campfire_upgraded":0,"win_rate":0.0,"timestamp":1610237962,"path_taken":["M","?","M","M","?","E","M","R","T","E","?","?","R","?","R","BOSS","M","?","?","?","M","E"],"items_purchased_type":[],"build_version":"2020-12-22","purchased_purges":0,"victory":false,"max_hp_per_floor":[80,80,80,80,80,80,80,80,80,78,78,78,76,76,76,74,74,74,74,74,74,74,74,74],"card_choices":[{"not_picked":["Compile Driver","Stack"],"picked":"Leap","floor":1},{"not_picked":["StuffTheSpire:Plugnplay","BasicCrystalCard"],"picked":"Streamline","floor":3},{"not_picked":["Recycle","Redo"],"picked":"Beam Cell","floor":4},{"not_picked":["Meteor Strike","ReplayRNGCard"],"picked":"Core Surge","floor":6},{"not_picked":["Steam","Rip and Tear"],"picked":"Leap","floor":7},{"not_picked":["ReplayRNGCard","Rainbow"],"picked":"Electrodynamics","floor":10},{"not_picked":["Static Discharge","Compile Driver"],"picked":"Barrage","floor":11},{"not_picked":["Multi-Cast","StuffTheSpire:EventHorizon","Electrodynamics"],"picked":"SKIP","floor":14},{"not_picked":["StuffTheSpire:Purify","StuffTheSpire:EventHorizon"],"picked":"Reboot","floor":16},{"not_picked":["Coolheaded+1","StuffTheSpire:NuclearReactor+1"],"picked":"Defragment+1","floor":18},{"not_picked":["Redo","BasicCrystalCard"],"picked":"Go for the Eyes+1","floor":20},{"not_picked":["StuffTheSpire:Rend","Streamline"],"picked":"Rip and Tear","floor":21},{"not_picked":["Stack+1","StuffTheSpire:Plugnplay","Turbo"],"picked":"SKIP","floor":22}],"player_experience":106086,"relics_obtained":[{"floor":5,"key":"ReplayTheSpireMod:Ring of Challenge"},{"floor":5,"key":"ReplayTheSpireMod:Ring of Addiction"},{"floor":5,"key":"Toy Ornithopter"},{"floor":5,"key":"SacredBark"},{"floor":6,"key":"StuffTheSpire:OldFever"},{"floor":9,"key":"infinitespire:CheckeredPen"},{"floor":10,"key":"Ginger"},{"floor":12,"key":"ReplayTheSpireMod:Lightbulb"},{"floor":14,"key":"Onion Ring"},{"floor":16,"key":"StuffTheSpire:HeavyRock"}],"event_choices":[],"is_beta":false,"boss_relics":[{"not_picked":["Philosopher\u0027s Stone","ChewingGum"],"picked":"Fusion Hammer"}],"items_purged_floors":[],"is_endless":false,"potions_floor_spawned":[7,10,11,20,21],"killed_by":"Gremlin Leader","ascension_level":0}}