{"host":"qgru5siit3fz0wh9","time":1610298112,"event":{"mods":["AchievementEnabler","BaseMod","Highlight Path","Minty Spire (QoL Compilation)"],"gold_per_floor":[113,132,132,132,151,177,177,191,216,242,242,89,123,123,123,228,228,242,242,49,49,61,73,97,109,109],"floor_reached":25,"playtime":1094,"items_purged":[],"score":321,"play_id":"11a04440-5674-40b2-93ea-f865a1a169bf","local_time":"20210110180152","is_ascension_mode":true,"campfire_choices":[{"data":"Eruption","floor":7,"key":"SMITH"},{"floor":11,"key":"REST"},{"floor":15,"key":"REST"},{"floor":23,"key":"REST"}],"circlet_count":0,"master_deck":["Strike_P","Strike_P","Defend_P","Defend_P","Defend_P","Defend_P","Eruption+1","Vigilance","Indignation+1","BowlingBash","FearNoEvil","Vengeance","FollowUp","LessonLearned+1","Nirvana+1","BattleHymn","DevaForm","Swivel+1","ClearTheMind"],"relics":["PureWater","Oddly Smooth Stone","Nunchaku","Potion Belt","Tiny Chest","Sling","Mercury Hourglass","Sozu","Juzu Bracelet","MawBank","Singing Bowl"],"acts_visited":["Exordium","TheCity"],"potions_floor_usage":[6],"damage_taken":[{"damage":2,"enemies":"Small Slimes","floor":1,"turns":4},{"damage":0,"enemies":"Cultist","floor":2,"turns":2},{"damage":10,"enemies":"2 Louse","floor":5,"turns":3},{"damage":12,"enemies":"Lagavulin","floor":6,"turns":10},{"damage":7,"enemies":"Blue Slaver","floor":8,"turns":2},{"damage":36,"enemies":"3 Sentries","floor":10,"turns":6},{"damage":0,"enemies":"Gremlin Nob","floor":13,"turns":2},{"damage":0,"enemies":"Slime Boss","floor":16,"turns":3},{"damage":36,"enemies":"Chosen","floor":18,"turns":5},{"damage":21,"enemies":"Shell Parasite","floor":24,"turns":4},{"damage":27,"enemies":"Gremlin Leader","floor":25,"turns":5}],"seed_played":"3455049477488500646","potions_obtained":[{"floor":1,"key":"EssenceOfSteel"},{"floor":16,"key":"SteroidPotion"}],"is_trial":false,"path_per_floor":["M","M","?","?","M","E","R","M","T","E","R","$","E","?","R","B",null,"M","?","$","?","T","R","M","E"],"character_chosen":"WATCHER","items_purchased":["Sling","ClearTheMind","Juzu Bracelet"],"campfire_rested":3,"item_purchase_floors":[12,20,20],"current_hp_per_floor":[70,70,70,70,60,48,48,41,41,5,26,26,26,26,47,47,72,36,23,23,23,23,46,27,0,0],"gold":109,"neow_bonus":"RANDOM_COMMON_RELIC","is_daily":false,"chose_seed":false,"campfire_upgraded":1,"win_rate":0.0,"timestamp":1610298112,"path_taken":["M","M","?","?","M","E","R","?","T","E","R","$","E","?","R","BOSS","M","?","$","?","?","R","M","E"],"items_purchased_type":["Relic","Card","Relic"],"build_version":"2020-12-22","purchased_purges":0,"victory":false,"max_hp_per_floor":[72,72,72,72,72,72,72,72,72,72,72,72,72,72,72,72,72,72,77,77,77,77,77,79,79,79],"card_choices":[{"not_picked":["Tantrum","Halt"],"picked":"Indignation","floor":1},{"not_picked":["EmptyBody","Halt"],"picked":"BowlingBash","floor":2},{"not_picked":["EmptyBody","Crescendo"],"picked":"FearNoEvil","floor":5},{"not_picked":["BowlingBash","CutThroughFate"],"picked":"Vengeance","floor":6},{"not_picked":["Weave","Consecrate"],"picked":"FollowUp","floor":8},{"not_picked":["Halt","Devotion"],"picked":"LessonLearned","floor":10},{"not_picked":["Perseverance","Wallop"],"picked":"Nirvana","floor":13},{"not_picked":["Judgement","Vault"],"picked":"DevaForm","floor":16},{"not_picked":["Evaluate","SignatureMove"],"picked":"Swivel+1","floor":18},{"not_picked":["Crescendo","Halt","PathToVictory"],"picked":"Singing Bowl","floor":24}],"player_experience":384329,"relics_obtained":[{"floor":6,"key":"Nunchaku"},{"floor":9,"key":"Potion Belt"},{"floor":10,"key":"Tiny Chest"},{"floor":13,"key":"Mercury Hourglass"},{"floor":21,"key":"MawBank"},{"floor":22,"key":"Singing Bowl"}],"event_choices":[{"damage_healed":0,"gold_gain":0,"player_choice":"Leave","damage_taken":0,"max_hp_gain":0,"max_hp_loss":0,"event_name":"The Cleric","floor":3,"gold_loss":0},{"cards_removed":["Strike_P"],"damage_healed":0,"gold_gain":0,"player_choice":"Purged","damage_taken":0,"max_hp_gain":0,"max_hp_loss":0,"event_name":"Purifier","floor":4,"gold_loss":0},{"damage_healed":0,"gold_gain":0,"cards_transformed":["Strike_P"],"player_choice":"Change","damage_taken":0,"max_hp_gain":0,"max_hp_loss":0,"event_name":"Living Wall","floor":14,"gold_loss":0,"cards_obtained":["BattleHymn"]},{"damage_healed":0,"gold_gain":0,"player_choice":"Shed Blood","damage_taken":18,"max_hp_gain":5,"max_hp_loss":0,"event_name":"Forgotten Altar","floor":19,"gold_loss":0},{"damage_healed":0,"gold_gain":0,"player_choice":"Relic","damage_taken":0,"max_hp_gain":0,"max_hp_loss":0,"event_name":"Wheel of Change","floor":21,"gold_loss":0}],"is_beta":false,"boss_relics":[{"not_picked":["Astrolabe","Tiny House"],"picked":"Sozu"}],"items_purged_floors":[],"is_endless":false,"potions_floor_spawned":[1,16,24],"killed_by":"Gremlin Leader","ascension_level":2}}