{"host":"bm1qfstn98p1odmu","time":1610321171,"event":{"mods":["AchievementEnabler","BaseMod","Bestiary","Block Reminder","Colored Map","Colored Powertips","DeckTracker","Highlight Path","Minty Spire (QoL Compilation)","Relic Stats","Replay The Spire","StSLib"],"gold_per_floor":[119,119,119,134,150,150,177,177,231,261,61,74,74,97,97,97,97],"floor_reached":16,"playtime":527,"items_purged":["Strike_B"],"score":110,"play_id":"7a9bd95a-eda1-4ba2-a0fb-5b46dbb4d7b5","local_time":"20210111012611","is_ascension_mode":false,"campfire_choices":[{"data":"Coolheaded","floor":6,"key":"SMITH"},{"floor":8,"key":"REST"}],"circlet_count":0,"master_deck":["Strike_B","Strike_B","Defend_B","Defend_B","Defend_B","Defend_B","Zap","Dualcast","Strike_B","Crystallizer","Chaos+1","Coolheaded+1","Redo","Doom and Gloom","ReplayRNGCard","Genetic Algorithm"],"relics":["Cracked Core","Smiling Mask","Anchor","Blue Doll","Juzu Bracelet","Golden Idol","Bag of Preparation"],"acts_visited":["Exordium"],"potions_floor_usage":[10,10,16],"damage_taken":[{"damage":5,"enemies":"Small Slimes","floor":1,"turns":4},{"damage":3,"enemies":"Jaw Worm","floor":4,"turns":3},{"damage":14,"enemies":"2 Louse","floor":5,"turns":2},{"damage":40,"enemies":"Gremlin Nob","floor":7,"turns":4},{"damage":1,"enemies":"3 Sentries","floor":10,"turns":3},{"damage":0,"enemies":"2 Fungi Beasts","floor":12,"turns":3},{"damage":4,"enemies":"3 Louse","floor":14,"turns":4},{"damage":18,"enemies":"The Guardian","floor":16,"turns":3}],"seed_played":"-4840687718352617952","potions_obtained":[{"floor":1,"key":"Death Potion"},{"floor":5,"key":"ColorlessPotion"},{"floor":7,"key":"Regen Potion"},{"floor":12,"key":"Elixir"}],"is_trial":false,"path_per_floor":["M","?","?","M","M","R","E","R","T","E","$","M","?","M","R_BF","B"],"character_chosen":"DEFECT","items_purchased":["Juzu Bracelet"],"campfire_rested":1,"item_purchase_floors":[11],"current_hp_per_floor":[84,84,77,74,60,60,20,46,46,57,57,57,35,31,13,0,0],"gold":97,"neow_bonus":"TWENTY_PERCENT_HP_BONUS","is_daily":false,"chose_seed":false,"campfire_upgraded":1,"win_rate":0.0,"timestamp":1610321171,"path_taken":["M","?","?","M","M","R","E","R","T","E","$","M","?","M","R_BF","BOSS"],"items_purchased_type":["Relic"],"build_version":"2020-12-22","purchased_purges":1,"victory":false,"max_hp_per_floor":[89,89,89,89,89,89,89,89,89,89,89,89,89,89,89,89,89],"relic_stats":{"counters":[8,26],"Golden Idol":5,"Juzu Bracelet":0,"Bag of Preparation":[2],"Smiling Mask":25,"obtain_stats":[{"Anchor":9,"Golden Idol":13,"Blue Doll":10,"Juzu Bracelet":11,"Bag of Preparation":15,"Cracked Core":0,"Smiling Mask":7},{"Anchor":4,"Golden Idol":6,"Blue Doll":5,"Juzu Bracelet":5,"Bag of Preparation":7,"Cracked Core":0,"Smiling Mask":4},{"Anchor":13,"Golden Idol":19,"Blue Doll":16,"Juzu Bracelet":16,"Bag of Preparation":23,"Cracked Core":0,"Smiling Mask":13}]},"card_choices":[{"not_picked":["Blizzard","Streamline"],"picked":"Crystallizer","floor":1},{"not_picked":["Panic Button","Barrage"],"picked":"Coolheaded","floor":4},{"not_picked":["Rip and Tear","Gash"],"picked":"Redo","floor":5},{"not_picked":["Panic Button","Compile Driver","ReplayTheSpireMod:System Scan"],"picked":"SKIP","floor":7},{"not_picked":["Compile Driver","Leap"],"picked":"Doom and Gloom","floor":10},{"not_picked":["Leap","Sweeping Beam"],"picked":"ReplayRNGCard","floor":12},{"not_picked":["ReplayTheSpireMod:Reroute Power","Leap"],"picked":"Genetic Algorithm","floor":14}],"player_experience":46246,"relics_obtained":[{"floor":7,"key":"Smiling Mask"},{"floor":9,"key":"Anchor"},{"floor":10,"key":"Blue Doll"}],"event_choices":[{"cards_removed":["Strike_B"],"damage_healed":0,"gold_gain":0,"player_choice":"Card Removal","damage_taken":7,"max_hp_gain":0,"max_hp_loss":0,"event_name":"Golden Wing","floor":3,"gold_loss":0},{"damage_healed":0,"gold_gain":0,"player_choice":"Take Damage","damage_taken":22,"relics_obtained":["Golden Idol"],"max_hp_gain":0,"max_hp_loss":0,"event_name":"Golden Idol","floor":13,"gold_loss":0},{"damage_healed":0,"gold_gain":0,"player_choice":"Success","damage_taken":18,"relics_obtained":["Bag of Preparation"],"max_hp_gain":0,"max_hp_loss":0,"event_name":"Scrap Ooze","floor":15,"gold_loss":0}],"is_beta":false,"boss_relics":[],"items_purged_floors":[11],"is_endless":false,"potions_floor_spawned":[1,5,7,12],"killed_by":"The Guardian","ascension_level":0}}