{"host":"w9yruvs4bqht6bhw","time":1610242590,"event":{"mods":["BaseMod","Colored Powertips","Minty Spire (QoL Compilation)"],"gold_per_floor":[213,213,213,229,229,229,158,190,228,240,272,302,325,347,359,470,532,556,40,40,54,54,54,54,65,65,65,65],"floor_reached":27,"playtime":851,"items_purged":["Defend_R"],"score":315,"play_id":"406ef868-2bb5-475e-b64a-459c47eadc28","local_time":"20210109203630","is_ascension_mode":true,"campfire_choices":[{"data":"Uppercut","floor":6,"key":"SMITH"},{"data":"Thunderclap","floor":10,"key":"SMITH"},{"data":"Limit Break","floor":15,"key":"SMITH"},{"data":"Bash","floor":23,"key":"PURGE"}],"circlet_count":0,"master_deck":["Strike_R+1","Strike_R+1","Strike_R+1","Strike_R+1","Strike_R+1","Defend_R+1","Defend_R+1","Defend_R+1","Uppercut+1","Thunderclap+1","Sword Boomerang","Limit Break+1","Headbutt+1","Dropkick","Shrug It Off","Shrug It Off","Battle Trance"],"relics":["Burning Blood","Orichalcum","MawBank","Toy Ornithopter","Tiny House","Orrery","Peace Pipe","Sundial"],"acts_visited":["Exordium","TheCity"],"potions_floor_usage":[14,16,18,24],"damage_taken":[{"damage":7,"enemies":"Jaw Worm","floor":1,"turns":3},{"damage":5,"enemies":"Small Slimes","floor":4,"turns":4},{"damage":0,"enemies":"Cultist","floor":8,"turns":3},{"damage":1,"enemies":"Gremlin Gang","floor":11,"turns":3},{"damage":5,"enemies":"Looter","floor":12,"turns":3},{"damage":11,"enemies":"Large Slime","floor":13,"turns":4},{"damage":7,"enemies":"Exordium Wildlife","floor":14,"turns":3},{"damage":63,"enemies":"The Guardian","floor":16,"turns":14},{"damage":38,"enemies":"Shell Parasite","floor":18,"turns":8},{"damage":15,"enemies":"Spheric Guardian","floor":21,"turns":4},{"damage":2,"enemies":"Gremlin Leader","floor":24,"turns":2},{"damage":17,"enemies":"Snecko","floor":25,"turns":5},{"damage":74,"enemies":"Book of Stabbing","floor":27,"turns":5}],"seed_played":"-6187587454122048431","potions_obtained":[{"floor":4,"key":"ColorlessPotion"},{"floor":11,"key":"SmokeBomb"},{"floor":12,"key":"Weak Potion"},{"floor":17,"key":"FearPotion"}],"is_trial":false,"path_per_floor":["M","?","?","M","$","R","?","M","T","R","M","M","M","M","R","B",null,"M","$","?","M","?","R","E","M","T","E"],"character_chosen":"IRONCLAD","items_purchased":["Orrery","Peace Pipe"],"campfire_rested":0,"item_purchase_floors":[19,19],"current_hp_per_floor":[71,76,69,70,70,70,70,76,76,76,81,82,77,81,81,28,76,49,49,79,70,70,70,79,68,68,0,0],"gold":65,"neow_bonus":"HUNDRED_GOLD","is_daily":false,"chose_seed":false,"campfire_upgraded":3,"win_rate":0.0,"timestamp":1610242590,"path_taken":["M","?","?","M","$","R","?","M","T","R","M","?","?","M","R","BOSS","M","$","?","M","?","R","E","M","T","E"],"items_purchased_type":["Relic","Relic"],"build_version":"2020-12-22","purchased_purges":1,"victory":false,"max_hp_per_floor":[80,85,85,85,85,85,85,85,85,85,85,85,85,85,85,85,90,90,90,90,90,90,90,90,90,90,90,90],"card_choices":[{"not_picked":["Havoc","Carnage"],"picked":"Uppercut","floor":1},{"not_picked":["Headbutt","Clash"],"picked":"Thunderclap","floor":4},{"not_picked":["Clash","Shockwave","Power Through"],"picked":"SKIP","floor":8},{"not_picked":["Flex","Metallicize","Sever Soul"],"picked":"SKIP","floor":11},{"not_picked":["Twin Strike","Flame Barrier"],"picked":"Sword Boomerang","floor":12},{"not_picked":["Rupture","Sever Soul","Fire Breathing"],"picked":"SKIP","floor":13},{"not_picked":["Whirlwind","Power Through"],"picked":"Limit Break","floor":14},{"not_picked":["Headbutt+1","Armaments","Clothesline"],"picked":"SKIP","floor":18},{"not_picked":["Perfected Strike","Warcry"],"picked":"Headbutt+1","floor":19},{"not_picked":["Whirlwind","Burning Pact"],"picked":"Dropkick","floor":19},{"not_picked":["Impervious","Offering"],"picked":"Shrug It Off","floor":19},{"not_picked":["Power Through","Intimidate+1"],"picked":"Shrug It Off","floor":19},{"not_picked":["Double Tap","Shrug It Off","Sword Boomerang"],"picked":"SKIP","floor":21},{"not_picked":["Sentinel","Clash"],"picked":"Battle Trance","floor":25}],"player_experience":364833,"relics_obtained":[{"floor":9,"key":"Toy Ornithopter"},{"floor":26,"key":"Sundial"}],"event_choices":[{"damage_healed":0,"gold_gain":0,"player_choice":"Donut","damage_taken":0,"max_hp_gain":5,"max_hp_loss":0,"event_name":"Big Fish","floor":2,"gold_loss":0},{"damage_healed":0,"gold_gain":0,"player_choice":"Success","damage_taken":7,"relics_obtained":["Orichalcum"],"max_hp_gain":0,"max_hp_loss":0,"event_name":"Scrap Ooze","floor":3,"gold_loss":0},{"damage_healed":0,"gold_gain":0,"player_choice":"Paid Gold","damage_taken":0,"relics_obtained":["MawBank"],"max_hp_gain":0,"max_hp_loss":0,"event_name":"WeMeetAgain","floor":7,"gold_loss":71},{"damage_healed":30,"gold_gain":0,"player_choice":"Heal","damage_taken":0,"max_hp_gain":0,"max_hp_loss":0,"event_name":"The Library","floor":20,"gold_loss":0},{"damage_healed":0,"gold_gain":0,"player_choice":"Simplicity","damage_taken":0,"max_hp_gain":0,"max_hp_loss":0,"event_name":"Back to Basics","floor":22,"gold_loss":0,"cards_upgraded":["Strike_R","Strike_R","Strike_R","Strike_R","Strike_R","Defend_R","Defend_R"]}],"is_beta":false,"boss_relics":[{"not_picked":["Coffee Dripper","Runic Pyramid"],"picked":"Tiny House"}],"items_purged_floors":[19],"is_endless":false,"potions_floor_spawned":[4,11,12,24],"killed_by":"Book of Stabbing","ascension_level":8}}