{"host":"v9oq5ccz01n9mezq","time":1610302101,"event":{"mods":["BaseMod","Colored Map","Minty Spire (QoL Compilation)"],"gold_per_floor":[115,131,143,143,159,159,203,203,203,203,223,223,223,254,254,377,377,398,398,398,416,416,416,454,454,454,379,56,92,92,92,92,92,92],"floor_reached":33,"playtime":1178,"items_purged":["Strike_G"],"score":332,"play_id":"730e90f3-2a7c-4013-b7c5-3edae158d08e","local_time":"20210110130821","is_ascension_mode":true,"campfire_choices":[{"data":"Terror","floor":6,"key":"SMITH"},{"data":"Neutralize","floor":8,"key":"SMITH"},{"data":"Dash","floor":10,"key":"SMITH"},{"data":"Blade Dance","floor":13,"key":"SMITH"},{"floor":15,"key":"REST"},{"data":"Envenom","floor":23,"key":"SMITH"},{"floor":25,"key":"REST"},{"floor":30,"key":"REST"},{"floor":32,"key":"REST"}],"circlet_count":0,"master_deck":["Strike_G","Defend_G","Defend_G","Defend_G","Defend_G","Survivor","Neutralize+1","Quick Slash","Dash+1","Terror+1","Backflip+1","Blade Dance+1","Envenom+1","Deadly Poison+1","Flying Knee+1","Envenom+1","Blade Dance","Writhe","Outmaneuver+1","RitualDagger","Prepared","Catalyst","Backflip","Bane"],"relics":["Ring of the Snake","Juzu Bracelet","Golden Idol","MealTicket","Letter Opener","Lizard Tail","Astrolabe","Bronze Scales","Pen Nib","Sundial","Bag of Preparation","Question Card","Enchiridion"],"acts_visited":["Exordium","TheCity"],"potions_floor_usage":[7,16,18,21],"damage_taken":[{"damage":10,"enemies":"Cultist","floor":1,"turns":4},{"damage":0,"enemies":"Small Slimes","floor":2,"turns":3},{"damage":1,"enemies":"Jaw Worm","floor":3,"turns":5},{"damage":1,"enemies":"2 Fungi Beasts","floor":5,"turns":4},{"damage":17,"enemies":"3 Sentries","floor":7,"turns":12},{"damage":0,"enemies":"Looter","floor":11,"turns":2},{"damage":7,"enemies":"Gremlin Nob","floor":14,"turns":3},{"damage":15,"enemies":"Hexaghost","floor":16,"turns":9},{"damage":4,"enemies":"3 Byrds","floor":18,"turns":4},{"damage":28,"enemies":"Spheric Guardian","floor":21,"turns":4},{"damage":40,"enemies":"Book of Stabbing","floor":24,"turns":5},{"damage":41,"enemies":"Slavers","floor":29,"turns":6},{"damage":45,"enemies":"Collector","floor":33,"turns":5}],"seed_played":"-3178901121354439875","potions_obtained":[{"floor":2,"key":"Weak Potion"},{"floor":3,"key":"SmokeBomb"},{"floor":11,"key":"LiquidMemories"},{"floor":14,"key":"SteroidPotion"},{"floor":18,"key":"Energy Potion"}],"is_trial":false,"path_per_floor":["M","M","M","?","M","R","E","R","T","R","M","?","R","E","R","B",null,"M","?","?","M","?","R","E","R","T","?","$","E","R","?","R","B"],"character_chosen":"THE_SILENT","items_purchased":["Catalyst","Backflip","Bag of Preparation"],"campfire_rested":4,"item_purchase_floors":[28,28,28],"current_hp_per_floor":[60,60,59,59,58,58,41,41,41,41,41,41,41,34,53,38,65,61,61,61,33,27,27,23,42,42,42,57,16,35,19,38,0,0],"gold":92,"neow_bonus":"RANDOM_COMMON_RELIC","is_daily":false,"chose_seed":false,"campfire_upgraded":5,"win_rate":0.0,"timestamp":1610302101,"path_taken":["M","M","M","?","M","R","E","R","T","R","M","?","R","E","R","BOSS","M","?","?","M","?","R","E","R","T","?","$","E","R","?","R","BOSS"],"items_purchased_type":["Card","Card","Relic"],"build_version":"2020-12-22","purchased_purges":1,"victory":false,"max_hp_per_floor":[70,70,70,65,65,65,65,65,65,65,65,65,65,65,65,65,65,65,65,65,65,65,65,65,65,65,65,65,65,65,65,65,65,65],"card_choices":[{"not_picked":["Sucker Punch","Underhanded Strike"],"picked":"Quick Slash","floor":1},{"not_picked":["Sucker Punch","PiercingWail"],"picked":"Dash","floor":2},{"not_picked":["Riddle With Holes","Catalyst"],"picked":"Terror","floor":3},{"not_picked":["Outmaneuver","Prepared"],"picked":"Backflip","floor":5},{"not_picked":["Cloak And Dagger","Backflip","Bane"],"picked":"SKIP","floor":7},{"not_picked":["Deadly Poison","Dagger Spray"],"picked":"Blade Dance","floor":11},{"not_picked":["Well Laid Plans","Bane","Doppelganger"],"picked":"SKIP","floor":14},{"not_picked":["Malaise","Adrenaline"],"picked":"Envenom","floor":16},{"not_picked":["Deadly Poison","Reflex+1"],"picked":"Blade Dance","floor":18},{"not_picked":["Endless Agony","Acrobatics"],"picked":"Outmaneuver+1","floor":21},{"not_picked":["Skewer","Acrobatics"],"picked":"Prepared","floor":24},{"not_picked":["Prepared+1","Bullet Time"],"picked":"Bane","floor":29}],"player_experience":71437,"relics_obtained":[{"floor":7,"key":"MealTicket"},{"floor":9,"key":"Letter Opener"},{"floor":14,"key":"Lizard Tail"},{"floor":24,"key":"Pen Nib"},{"floor":26,"key":"Sundial"},{"floor":29,"key":"Question Card"},{"floor":31,"key":"Enchiridion"}],"event_choices":[{"damage_healed":0,"gold_gain":0,"player_choice":"Lose Max HP","damage_taken":0,"relics_obtained":["Golden Idol"],"max_hp_gain":0,"max_hp_loss":5,"event_name":"Golden Idol","floor":4,"gold_loss":0},{"damage_healed":0,"gold_gain":0,"player_choice":"Upgraded","damage_taken":0,"max_hp_gain":0,"max_hp_loss":0,"event_name":"Upgrade Shrine","floor":12,"gold_loss":0,"cards_upgraded":["Backflip"]},{"damage_healed":0,"gold_gain":0,"player_choice":"Opened","damage_taken":0,"relics_obtained":["Bronze Scales"],"max_hp_gain":0,"max_hp_loss":0,"event_name":"The Mausoleum","floor":19,"gold_loss":0,"cards_obtained":["Writhe"]},{"damage_healed":0,"gold_gain":0,"player_choice":"Ignored","damage_taken":0,"max_hp_gain":0,"max_hp_loss":0,"event_name":"Vampires","floor":20,"gold_loss":0},{"damage_healed":0,"gold_gain":0,"player_choice":"Joined the Cult","damage_taken":6,"max_hp_gain":0,"max_hp_loss":0,"event_name":"Nest","floor":22,"gold_loss":0,"cards_obtained":["RitualDagger"]},{"cards_removed":["Strike_G"],"damage_healed":0,"gold_gain":0,"player_choice":"Gave Gold","damage_taken":0,"max_hp_gain":0,"max_hp_loss":0,"event_name":"Beggar","floor":27,"gold_loss":75},{"damage_healed":0,"gold_gain":0,"player_choice":"Obtained Book","damage_taken":16,"max_hp_gain":0,"max_hp_loss":0,"event_name":"Cursed Tome","floor":31,"gold_loss":0}],"is_beta":false,"boss_relics":[{"not_picked":["Snecko Eye","Black Star"],"picked":"Astrolabe"}],"items_purged_floors":[28],"is_endless":false,"potions_floor_spawned":[2,3,11,14,18],"killed_by":"Collector","ascension_level":3}}