{"host":"nnxvcju6x1qybncj","time":1610289736,"event":{"mods":["BaseMod","Displayed Cursed Tome","Downfall","Evolution","Jorbs\u0027s Wanderer Trilogy","Minty Spire (QoL Compilation)","Quick Restart","StSLib"],"gold_per_floor":[113,128,148,3,78,78,105,105,155,155,182,182,211,225,225,328,328,347,10,10,23,23,23,41,41,65,82,92,0,0,0],"floor_reached":30,"playtime":1120,"items_purged":[],"score":310,"play_id":"7ab7faf4-d7ed-4b4b-9115-86617fffc503","local_time":"20210110154216","is_ascension_mode":true,"campfire_choices":[{"data":"True Grit","floor":6.0,"key":"SMITH"},{"floor":10.0,"key":"REST"},{"data":"Shrug It Off","floor":12.0,"key":"SMITH"},{"data":"Bash","floor":15.0,"key":"SMITH"},{"data":"Limit Break","floor":23,"key":"SMITH"},{"floor":25,"key":"REST"}],"circlet_count":0,"master_deck":["Wild Strike","Wild Strike","Strike_R","Strike_R","Defend_R","Defend_R","Defend_R","Defend_R+1","Bash+1","Shrug It Off+1","Rampage","True Grit+1","Cleave","Shrug It Off+1","Thunderclap","Metallicize","Limit Break+1","Metallicize","Whirlwind","Carnage","Armaments+1"],"relics":["Burning Blood","EVO:Axolotl","Medical Kit","Art of War","War Paint","Orichalcum","Matryoshka","Runic Cube","Membership Card","Ice Cream","Toxic Egg 2","Lantern"],"acts_visited":["Exordium","TheCity"],"potions_floor_usage":[21,24,28],"damage_taken":[{"damage":0.0,"enemies":"Cultist","floor":1.0,"turns":2.0},{"damage":0.0,"enemies":"Small Slimes","floor":2.0,"turns":3.0},{"damage":1.0,"enemies":"2 Louse","floor":3.0,"turns":2.0},{"damage":31.0,"enemies":"Lagavulin","floor":7.0,"turns":7.0},{"damage":6.0,"enemies":"3 Sentries","floor":11.0,"turns":7.0},{"damage":28.0,"enemies":"Lagavulin","floor":13.0,"turns":5.0},{"damage":6.0,"enemies":"Red Slaver","floor":14.0,"turns":4.0},{"damage":22.0,"enemies":"Hexaghost","floor":16.0,"turns":12.0},{"damage":22.0,"enemies":"3 Byrds","floor":18.0,"turns":6.0},{"damage":4,"enemies":"Shell Parasite","floor":21,"turns":7},{"damage":24,"enemies":"Snake Plant","floor":24,"turns":6},{"damage":23,"enemies":"Centurion and Healer","floor":27,"turns":7},{"damage":28,"enemies":"Sentry and Sphere","floor":28,"turns":10},{"damage":0,"enemies":"Cultist and Chosen","floor":30,"turns":1}],"seed_played":"-2455248881765623358","potions_obtained":[{"floor":1.0,"key":"SpeedPotion"},{"floor":14.0,"key":"Energy Potion"},{"floor":16.0,"key":"Energy Potion"},{"floor":21,"key":"AttackPotion"},{"floor":24,"key":"DistilledChaos"},{"floor":28,"key":"SneckoOil"}],"is_trial":false,"path_per_floor":["M","M","M","$","?","R","E","?","T","R","E","R","E","M","R","B",null,"M","$","?","M","?","R","M","R","T","M","M","?","M"],"character_chosen":"IRONCLAD","items_purchased":["Medical Kit","Membership Card","Ice Cream","Metallicize"],"campfire_rested":2,"item_purchase_floors":[4,19,19,19],"current_hp_per_floor":[80,80,80,80,69,69,44,44,44,68,68,68,46,46,46,30,68,52,52,52,54,54,54,36,60,60,43,21,21,21,21],"gold":0,"neow_bonus":"THREE_CARDS","is_daily":false,"chose_seed":false,"campfire_upgraded":4,"win_rate":0.0,"timestamp":1610289736,"path_taken":["M","?","M","$","?","R","E","?","T","R","E","R","E","M","R","BOSS","M","$","?","M","?","R","M","R","T","M","?","?","M"],"items_purchased_type":["Relic","Relic","Relic","Card"],"build_version":"2020-12-22","purchased_purges":0,"victory":false,"max_hp_per_floor":[80,80,80,80,80,80,80,80,80,80,80,80,80,80,80,80,80,80,80,80,80,80,80,80,80,80,80,80,80,80,80],"card_choices":[{"not_picked":["Carnage","Infernal Blade"],"picked":"Shrug It Off","floor":0.0},{"not_picked":["Perfected Strike","True Grit"],"picked":"Rampage","floor":1.0},{"not_picked":["Rampage","Sentinel"],"picked":"True Grit","floor":2.0},{"not_picked":["Clothesline","Sword Boomerang"],"picked":"Cleave","floor":3.0},{"not_picked":["Flex","Evolve"],"picked":"Shrug It Off","floor":7.0},{"not_picked":["Evolve","Rampage"],"picked":"Thunderclap","floor":11.0},{"not_picked":["Shrug It Off","Sever Soul"],"picked":"Metallicize","floor":13.0},{"not_picked":["Pummel","Cleave","Body Slam"],"picked":"SKIP","floor":14.0},{"not_picked":["Corruption","Double Tap"],"picked":"Limit Break","floor":16.0},{"not_picked":["Clash","Iron Wave+1","True Grit"],"picked":"SKIP","floor":18.0},{"not_picked":["Hemokinesis","Combust"],"picked":"Whirlwind","floor":21},{"not_picked":["Cleave+1","Anger"],"picked":"Carnage","floor":24},{"not_picked":["Warcry+1","Sword Boomerang+1"],"picked":"Armaments+1","floor":27},{"not_picked":["Iron Wave","Thunderclap","Body Slam"],"picked":"SKIP","floor":28}],"player_experience":671819,"relics_obtained":[{"floor":7.0,"key":"Art of War"},{"floor":9.0,"key":"War Paint"},{"floor":11.0,"key":"Orichalcum"},{"floor":13.0,"key":"Matryoshka"},{"floor":26,"key":"Toxic Egg 2"},{"floor":26,"key":"Lantern"}],"event_choices":[{"damage_healed":0.0,"max_hp_gain":0.0,"max_hp_loss":0.0,"gold_gain":75.0,"event_name":"World of Goop","player_choice":"Gather Gold","floor":5.0,"gold_loss":0.0,"damage_taken":11.0},{"cards_removed":["Strike_R"],"damage_healed":0.0,"max_hp_gain":0.0,"max_hp_loss":0.0,"gold_gain":0.0,"event_name":"Wheel of Change","player_choice":"Card Removal","floor":8.0,"gold_loss":0.0,"damage_taken":0.0},{"damage_healed":0,"gold_gain":0,"player_choice":"Ignored","damage_taken":0,"max_hp_gain":0,"max_hp_loss":0,"event_name":"Ghosts","floor":20,"gold_loss":0},{"damage_healed":0,"gold_gain":0,"player_choice":"Ignored","damage_taken":0,"max_hp_gain":0,"max_hp_loss":0,"event_name":"Vampires","floor":22,"gold_loss":0},{"damage_healed":0,"gold_gain":0,"player_choice":"Paid Fearfully","damage_taken":0,"max_hp_gain":0,"max_hp_loss":0,"event_name":"Masked Bandits","floor":29,"gold_loss":92}],"is_beta":false,"boss_relics":[{"not_picked":["Philosopher\u0027s Stone","Snecko Eye"],"picked":"Runic Cube"}],"items_purged_floors":[],"is_endless":false,"potions_floor_spawned":[1,14,16,21,24,28],"killed_by":"Cultist and Chosen","ascension_level":5}}