{"host":"ldbx2jhnvtia1ouf","time":1610291817,"event":{"mods":["BaseMod","Better Note","Better Sensory Stone","Better Skull","Better Third Choice","Block Reminder","Colored Map","Colored Powertips","Curses Come First","Highlight Path","Minty Spire (QoL Compilation)","Permanent Neow","Replay The Spire","Spicy Shops","StSLib","Transform Curses","Unceasing Turn Reminder"],"gold_per_floor":[113,132,132,0,14,48,48,48,94,94,127,202,202,222,222,329,329,337,337],"floor_reached":18,"playtime":1317,"items_purged":["Strike_R"],"score":168,"play_id":"82e9793f-b37a-4a3a-8735-507e0b1fa3a9","local_time":"20210111011657","is_ascension_mode":false,"campfire_choices":[{"floor":7,"key":"REST"},{"floor":10,"key":"REST"},{"floor":13,"key":"REST"},{"floor":15,"key":"REST"}],"circlet_count":0,"master_deck":["Strike_R","Strike_R","Strike_R","Defend_R","Defend_R","Defend_R","Defend_R","Bash","Crow Ritual","Armaments","ReplayReversal+1","Iron Wave","Iron Wave","Decay","Hallucinations","ReplayTheSpireMod:Faulty Equipment"],"relics":["Burning Blood","Bottled Tornado","Matryoshka","Replay:Bandana","Vajra","Replay:Ancient Bell","PreservedInsect","Toxic Egg 2","Ice Cream"],"acts_visited":["Exordium","TheCity"],"potions_floor_usage":[11,16,16],"damage_taken":[{"damage":1,"enemies":"Cultist","floor":1,"turns":4},{"damage":2,"enemies":"2 Louse","floor":2,"turns":3},{"damage":6,"enemies":"Jaw Worm","floor":5,"turns":5},{"damage":64,"enemies":"Gremlin Nob","floor":6,"turns":7},{"damage":31,"enemies":"Lagavulin","floor":11,"turns":13},{"damage":6,"enemies":"Lots of Slimes","floor":14,"turns":6},{"damage":7,"enemies":"Slime Boss","floor":16,"turns":12},{"damage":33,"enemies":"Shell Parasite","floor":18,"turns":7}],"seed_played":"7329091769966023850","potions_obtained":[{"floor":5,"key":"EssenceOfSteel"},{"floor":6,"key":"ColorlessPotion"},{"floor":14,"key":"LifebloodPotion"}],"is_trial":false,"path_per_floor":["M","M","T","$","M","E","R","?","T","R","E","?","R","M","R","B",null,"M"],"character_chosen":"IRONCLAD","items_purchased":["ReplayReversal+1"],"campfire_rested":4,"item_purchase_floors":[4],"current_hp_per_floor":[61,65,65,65,65,7,31,31,31,55,30,19,43,43,67,66,80,47,47],"gold":337,"neow_bonus":"RANDOM_COLORLESS_2","is_daily":false,"chose_seed":false,"campfire_upgraded":0,"win_rate":0.0,"timestamp":1610291817,"path_taken":["M","?","?","$","M","E","R","?","T","R","E","?","R","M","R","BOSS","M"],"items_purchased_type":["Card"],"build_version":"2020-12-22","purchased_purges":1,"victory":false,"max_hp_per_floor":[80,80,80,80,80,80,80,80,80,80,80,80,80,80,80,80,80,80,80],"card_choices":[{"not_picked":["Secret Technique","HandOfGreed"],"picked":"Crow Ritual","floor":0},{"not_picked":["Sword Boomerang","Havoc","ReplayTheSpireMod:Muscle Training"],"picked":"SKIP","floor":1},{"not_picked":["True Grit","Run Through"],"picked":"Armaments","floor":2},{"not_picked":["ReplayTheSpireMod:Strike From Hell","Whirlwind"],"picked":"Iron Wave","floor":5},{"not_picked":["Wild Strike","Perfected Strike","Exhume"],"picked":"SKIP","floor":6},{"not_picked":["ReplayTheSpireMod:Strike From Hell","Anger"],"picked":"Iron Wave","floor":11},{"not_picked":["ReplayReversal","Reckless Charge","True Grit"],"picked":"SKIP","floor":14},{"not_picked":["Parasite","Shame"],"picked":"Decay","floor":17},{"not_picked":["Replay:Hysterical Blindness","Amnesia"],"picked":"Hallucinations","floor":17},{"not_picked":["Looming Evil","ReplayTheSpireMod:Doomed"],"picked":"ReplayTheSpireMod:Faulty Equipment","floor":17}],"player_experience":93240,"relics_obtained":[{"floor":3,"key":"Bottled Tornado"},{"floor":6,"key":"Matryoshka"},{"floor":9,"key":"Replay:Bandana"},{"floor":11,"key":"Vajra"}],"event_choices":[{"damage_healed":0,"gold_gain":75,"player_choice":"Gold","damage_taken":11,"max_hp_gain":0,"max_hp_loss":0,"event_name":"betterThird:BetterGoop","floor":12,"gold_loss":0}],"is_beta":false,"boss_relics":[{"not_picked":["Replay:Wanted Poster","Ring of Chaos"],"picked":"Replay:Ancient Bell"},{"not_picked":["Nunchaku","Pen Nib"],"picked":"PreservedInsect"},{"not_picked":["Meat on the Bone","Molten Egg 2"],"picked":"Toxic Egg 2"},{"not_picked":["Ginger","Replay:Kaleidoscope"],"picked":"Ice Cream"}],"items_purged_floors":[4],"is_endless":false,"potions_floor_spawned":[5,6,14],"killed_by":"Shell Parasite","ascension_level":0}}