{"host":"ppno391ju7318je5","time":1610310742,"event":{"mods":["AchievementEnabler","BaseMod","DeckTracker","Keyboard Shortcuts","Minty Spire (QoL Compilation)"],"gold_per_floor":[113,136,146,96,171,206,222,256,281,281,281,295,44,59,59,155,155,155,155,155,8,8,8,8,8],"floor_reached":24,"playtime":1995,"items_purged":["Regret"],"score":264,"play_id":"6b3721d2-c6b7-4b32-bbb7-855a4dc6d6cb","local_time":"20210110213222","is_ascension_mode":true,"campfire_choices":[{"data":"Capacitor","floor":11.0,"key":"SMITH"},{"data":"Loop","floor":15.0,"key":"SMITH"}],"circlet_count":0,"master_deck":["Strike_B","Strike_B","Strike_B","Defend_B","Defend_B","Defend_B","Defend_B","Zap","Dualcast","Cold Snap","White Noise","Capacitor+1","Go for the Eyes","Echo Form","Conserve Battery","Loop+1","Rebound","Conserve Battery","Creative AI","Fusion+1","Coolheaded","Beam Cell"],"relics":["Cracked Core","NeowsBlessing","Gremlin Horn","Dream Catcher","Oddly Smooth Stone","Ornamental Fan","Ectoplasm","HandDrill","Ancient Tea Set"],"acts_visited":[],"potions_floor_usage":[],"damage_taken":[{"damage":0.0,"enemies":"Cultist","floor":1.0,"turns":1.0},{"damage":0.0,"enemies":"Jaw Worm","floor":3.0,"turns":1.0},{"damage":0.0,"enemies":"Gremlin Nob","floor":6.0,"turns":1.0},{"damage":0.0,"enemies":"2 Louse","floor":7.0,"turns":3.0},{"damage":24.0,"enemies":"Lagavulin","floor":8.0,"turns":8.0},{"damage":13.0,"enemies":"Red Slaver","floor":12.0,"turns":6.0},{"damage":4.0,"enemies":"Blue Slaver","floor":14.0,"turns":4.0},{"damage":3.0,"enemies":"Slime Boss","floor":16.0,"turns":6.0},{"damage":8.0,"enemies":"Shell Parasite","floor":18.0,"turns":8.0},{"damage":34.0,"enemies":"Spheric Guardian","floor":19.0,"turns":8.0},{"damage":13.0,"enemies":"Chosen and Byrds","floor":22.0,"turns":7.0},{"damage":31.0,"enemies":"Gremlin Leader","floor":23.0,"turns":6.0},{"damage":33,"enemies":"Cultist and Chosen","floor":24,"turns":4}],"seed_played":"-2442242294761820982","potions_obtained":[{"floor":3.0,"key":"FearPotion"},{"floor":7.0,"key":"DistilledChaos"},{"floor":8.0,"key":"SteroidPotion"},{"floor":14.0,"key":"SkillPotion"},{"floor":18.0,"key":"FairyPotion"},{"floor":20.0,"key":"DistilledChaos"}],"is_trial":false,"path_per_floor":["M","T","M","?","?","E","M","E","T","?","R","M","$","M","R","B",null,"M","M","?","$","M","E","M"],"character_chosen":"DEFECT","items_purchased":["Loop","Rebound","DuplicationPotion","HandDrill"],"campfire_rested":0,"item_purchase_floors":[13,13,13,21],"current_hp_per_floor":[75,75,75,75,68,68,68,44,44,44,44,31,31,27,27,24,75,67,33,33,33,20,19,0,0],"gold":8,"neow_bonus":"THREE_ENEMY_KILL","is_daily":false,"chose_seed":false,"campfire_upgraded":2,"win_rate":0.0,"timestamp":1610310742,"path_taken":["M","?","M","?","?","E","?","E","T","?","R","M","?","M","R","BOSS","M","?","?","?","M","E","M"],"items_purchased_type":["Card","Card","Potion","Relic"],"build_version":"2020-12-22","purchased_purges":1,"victory":false,"max_hp_per_floor":[75,75,75,75,75,75,75,75,75,75,75,75,75,75,75,75,75,75,75,75,75,75,75,75,75],"card_choices":[{"not_picked":["Turbo","Undo"],"picked":"Cold Snap","floor":1.0},{"not_picked":["Consume","Self Repair"],"picked":"White Noise","floor":3.0},{"not_picked":["Coolheaded","Stack"],"picked":"Capacitor","floor":6.0},{"not_picked":["Turbo","Stack"],"picked":"Go for the Eyes","floor":7.0},{"not_picked":["Chaos","Hologram"],"picked":"Echo Form","floor":8.0},{"not_picked":["Gash","Barrage"],"picked":"Conserve Battery","floor":12.0},{"not_picked":["Ball Lightning","BootSequence"],"picked":"Conserve Battery","floor":14.0},{"not_picked":["Core Surge","Seek"],"picked":"Creative AI","floor":16.0},{"not_picked":["Steam","Go for the Eyes"],"picked":"Fusion+1","floor":18.0},{"not_picked":["Gash","Self Repair"],"picked":"Coolheaded","floor":19.0},{"not_picked":["BootSequence","Force Field","Coolheaded"],"picked":"SKIP","floor":22.0},{"not_picked":["Skim","Meteor Strike"],"picked":"Beam Cell","floor":23.0}],"player_experience":112573,"relics_obtained":[{"floor":6.0,"key":"Gremlin Horn"},{"floor":8.0,"key":"Dream Catcher"},{"floor":9.0,"key":"Oddly Smooth Stone"},{"floor":23.0,"key":"Ancient Tea Set"}],"event_choices":[{"cards_removed":["Strike_B"],"damage_healed":0.0,"max_hp_gain":0.0,"max_hp_loss":0.0,"gold_gain":0.0,"event_name":"The Cleric","player_choice":"Card Removal","floor":4.0,"gold_loss":50.0,"damage_taken":0.0},{"damage_healed":0.0,"max_hp_gain":0.0,"max_hp_loss":0.0,"gold_gain":75.0,"event_name":"FaceTrader","player_choice":"Touch","floor":5.0,"gold_loss":0.0,"damage_taken":7.0},{"damage_healed":0.0,"max_hp_gain":0.0,"max_hp_loss":0.0,"gold_gain":0.0,"event_name":"Big Fish","player_choice":"Box","floor":10.0,"gold_loss":0.0,"damage_taken":0.0,"relics_obtained":["Ornamental Fan"],"cards_obtained":["Regret"]},{"damage_healed":0.0,"max_hp_gain":0.0,"max_hp_loss":0.0,"gold_gain":0.0,"event_name":"Lab","player_choice":"Got Potions","floor":20.0,"gold_loss":0.0,"damage_taken":0.0}],"is_beta":false,"boss_relics":[{"not_picked":["Fusion Hammer","Runic Dome"],"picked":"Ectoplasm"}],"items_purged_floors":[13],"is_endless":false,"potions_floor_spawned":[3,7,8,14,18],"killed_by":"Cultist and Chosen","ascension_level":1}}