{"host":"8o45mh5p3pp1o2mi","time":1610244078,"event":{"mods":["BaseMod","Better Match","Better Third Choice","BetterRewards","Downfall","Minty Spire (QoL Compilation)","Rare Cards Sparkle","Relic Stats","Replay The Spire","Shop Mod","StSLib","everything is the same but u backflip on backflip"],"gold_per_floor":[99,118,129,156,156,214,260,276,307,307,232,232,257,58,94,223,223,223,253,280,320,320,245,268,298,298,325,350,350,19,119,131,229,229,229,247,258,308,324,349,349,360,460,477,527,552,477,732,750,750,750,779,319,319,319],"floor_reached":56,"playtime":5689,"items_purged":["Voices"],"score":1419,"play_id":"df14b5be-fd03-47a2-8d1c-d04251f4816b","local_time":"20210110020118","is_ascension_mode":true,"campfire_choices":[{"data":"Guardian:TwinSlam","floor":1,"key":"SMITH"},{"floor":11,"key":"REST"},{"floor":18,"key":"RECALL"},{"data":"Guardian:DecasProtection","floor":23,"key":"SMITH"},{"data":"Guardian:CrystalBeam","floor":29,"key":"SMITH"},{"data":"Guardian:BaubleBeam","floor":35,"key":"SMITH"},{"data":"Guardian:FierceBash","floor":47,"key":"SMITH"},{"data":"Guardian:SphericShield","floor":54,"key":"SMITH"}],"circlet_count":0,"master_deck":["Guardian:CurlUp","Guardian:TwinSlam+1","Guardian:CrystalBeam+1","Guardian:TemporalStrike","Guardian:GatlingBeam","Guardian:RollAttack","Guardian:DecasProtection+1","Guardian:Reroute","Guardian:TemporalShield","Guardian:SphericShield+1","Guardian:PrimingBeam+1","Guardian:ExploitGems+1","Guardian:ShieldCharger+1","Guardian:BronzeOrb","Guardian:MultiBeam","Guardian:GuardianWhirl","Guardian:BronzeOrb+1","Guardian:StasisField","Guardian:StasisField","Guardian:BaubleBeam+1","Guardian:RevengeProtocol","Guardian:FierceBash+1","Guardian:VentSteam+1","Guardian:BronzeArmor+1","Guardian:ArmoredProtocol+1","Guardian:PiercingHide+1","Guardian:ChargeUp","ReplayUltimateDefense","Replay:SS_forest_5+1","Guardian:Recover+1","Guardian:PrismaticBarrier","Guardian:Suspension","Guardian:TimeSifter","Guardian:TimeSifter","Discovery"],"relics":["Guardian:ModeShifterPlus","downfall:ShatteredFragment","Snack Pack","downfall:HeartBlessingBlue","ClockworkSouvenir","Nloth\u0027s Gift","downfall:HeartBlessingRed","Replay:Mystery Machine","Juzu Bracelet","ReplayTheSpireMod:Ring of Challenge","Mercury Hourglass","Red Mask","Membership Card","downfall:CloakOfManyFaces","CultistMask","FaceOfCleric","NlothsMask","GremlinMask","SsserpentHead","Painkiller Herb","ChewingGum","Replay:Bottled Snecko","Molten Egg 2","downfall:HeartBlessingGreen","Medical Kit","MerchantsRug","Strawberry","ReplayTheSpireMod:Lightbulb","Kunai","Guardian:BottledStasis"],"acts_visited":["Exordium","TheCity","TheBeyond","TheEnding"],"potions_floor_usage":[9,25,33,33,44,55],"damage_taken":[{"damage":0,"enemies":"Cultist","floor":2,"turns":3},{"damage":0,"enemies":"2 Louse","floor":3,"turns":2},{"damage":12,"enemies":"3 Sentries","floor":6,"turns":6},{"damage":3,"enemies":"Small Slimes","floor":8,"turns":3},{"damage":12,"enemies":"3 Sentries","floor":9,"turns":6},{"damage":0,"enemies":"Exordium Thugs","floor":13,"turns":3},{"damage":10,"enemies":"downfall:FleeingMerchant","floor":14,"turns":4},{"damage":2,"enemies":"Large Slime","floor":15,"turns":4},{"damage":38,"enemies":"downfall:Defect","floor":16,"turns":9},{"damage":0,"enemies":"Chosen","floor":19,"turns":4},{"damage":0,"enemies":"3 Byrds","floor":20,"turns":2},{"damage":12,"enemies":"Centurion and Healer","floor":21,"turns":7},{"damage":11,"enemies":"Book of Stabbing","floor":25,"turns":4},{"damage":13,"enemies":"Slavers","floor":27,"turns":4},{"damage":0,"enemies":"Masked Bandits","floor":28,"turns":2},{"damage":15,"enemies":"downfall:FleeingMerchant","floor":30,"turns":4},{"damage":0,"enemies":"downfall:FaceTrader","floor":31,"turns":5},{"damage":22,"enemies":"Shelled Parasite and Fungi","floor":32,"turns":3},{"damage":11,"enemies":"downfall:Watcher","floor":33,"turns":10},{"damage":9,"enemies":"3 Shapes","floor":36,"turns":3},{"damage":0,"enemies":"Orb Walker","floor":37,"turns":2},{"damage":0,"enemies":"Sphere and 2 Shapes","floor":39,"turns":3},{"damage":1,"enemies":"R_Hoarder","floor":40,"turns":6},{"damage":0,"enemies":"4 Shapes","floor":42,"turns":3},{"damage":0,"enemies":"Mind Bloom Boss Battle","floor":43,"turns":5},{"damage":0,"enemies":"Spire Growth","floor":44,"turns":4},{"damage":0,"enemies":"Reptomancer","floor":46,"turns":2},{"damage":0,"enemies":"downfall:FleeingMerchant","floor":48,"turns":2},{"damage":3,"enemies":"Writhing Mass","floor":49,"turns":4},{"damage":12,"enemies":"downfall:Ironclad","floor":50,"turns":9},{"damage":2,"enemies":"downfall:CharBossMerchant","floor":52,"turns":7},{"damage":19,"enemies":"downfall:NeowBoss","floor":55,"turns":21}],"seed_played":"2084569891068600646","potions_obtained":[{"floor":3,"key":"Block Potion"},{"floor":9,"key":"SteroidPotion"},{"floor":15,"key":"FairyPotion"},{"floor":16,"key":"SkillPotion"},{"floor":19,"key":"Guardian:AcceleratePotion"},{"floor":25,"key":"sneckomod:MuddlingPotion"},{"floor":28,"key":"SkillPotion"},{"floor":33,"key":"Doom Potion"},{"floor":36,"key":"Cursed Concoction"},{"floor":39,"key":"AttackPotion"},{"floor":42,"key":"LiquidBronze"}],"is_trial":false,"path_per_floor":["R","M","M","T","?","?","T","M","E","?","R","?","M","$","M","B",null,"R","M","M","M","?","R","T","E","?","E","?","R","$","?","M","B",null,"T","?","?","?","?","E","T","?","?","?","?","E","T","?","?","B",null,"E","T","T","B",null],"character_chosen":"GUARDIAN","items_purchased":["ClockworkSouvenir","Guardian:Reroute","Membership Card","Guardian:Gem_Orange","Guardian:StasisField","Pear","Medical Kit","MerchantsRug","Guardian:ChargeUp","ReplayUltimateDefense","Replay:SS_forest_5+1","ReplayTheSpireMod:Lightbulb","Kunai","Guardian:BottledStasis","Guardian:Suspension","Guardian:TimeSifter","Discovery","AttackPotion"],"campfire_rested":1,"item_purchase_floors":[14,14,30,30,30,48,48,48,48,48,48,53,53,53,53,53,53,53],"current_hp_per_floor":[56,56,56,56,32,20,20,19,11,11,48,48,48,44,48,16,90,90,90,90,84,84,84,84,77,77,70,74,74,67,75,60,66,92,92,84,87,87,92,96,96,97,98,99,99,100,100,111,111,107,113,121,121,121,121],"gold":319,"neow_bonus":"TRANSFORM_TWO_CARDS","is_daily":false,"chose_seed":false,"campfire_upgraded":6,"win_rate":0.0,"timestamp":1610244078,"path_taken":["R","M","M","?","?","?","T","M","E","?","R","?","?","$","M","BOSS","R","M","M","M","?","R","T","E","?","E","?","R","$","?","M","BOSS","T","?","?","?","?","E","T","?","?","?","?","E","T","?","?","BOSS","E","T","T","BOSS"],"items_purchased_type":["Relic","Card","Relic","Card","Card","Relic","Relic","Relic","Card","Card","Card","Relic","Relic","Relic","Card","Card","Card","Potion"],"build_version":"2020-12-22","purchased_purges":1,"victory":true,"max_hp_per_floor":[80,80,80,80,80,80,80,80,80,80,90,90,90,90,90,90,90,90,90,90,90,90,90,90,90,90,90,90,90,90,90,91,92,92,92,93,94,94,95,96,96,97,98,99,99,100,100,111,112,113,113,121,121,121,122],"relic_stats":{"SsserpentHead":200,"FaceOfCleric":15,"counters":[32,154],"Nloth\u0027s Gift":2,"Juzu Bracelet":1,"Kunai":[11],"Medical Kit":[1],"obtain_stats":[{"Guardian:ModeShifterPlus":34,"Blue Doll":4,"GremlinMask":31,"Painkiller Herb":34,"Guardian:SackOfGems":43,"downfall:HeartBlessingGreen":47,"Juzu Bracelet":25,"Replay:Mystery Machine":24,"ClockworkSouvenir":14,"SsserpentHead":31,"Replay:Bandana":9,"FaceOfCleric":31,"downfall:HeartBlessingBlue":11,"Strawberry":52,"Red Mask":28,"downfall:CloakOfManyFaces":31,"Replay:Bottled Snecko":40,"Kunai":53,"MerchantsRug":48,"Guardian:BottledStasis":53,"downfall:ShatteredFragment":5,"Pear":48,"downfall:HeartBlessingRed":23,"Astrolabe":17,"Replay:Grab Bag":34,"Guardian:ModeShifter":0,"Medical Kit":48,"Mercury Hourglass":27,"ChewingGum":34,"Molten Egg 2":46,"CultistMask":31,"Snack Pack":6,"Nloth\u0027s Gift":22,"Membership Card":30,"ReplayTheSpireMod:Ring of Challenge":26,"ReplayTheSpireMod:Lightbulb":53,"NlothsMask":31},{"Guardian:ModeShifterPlus":19,"Blue Doll":2,"GremlinMask":17,"Painkiller Herb":19,"Guardian:SackOfGems":25,"downfall:HeartBlessingGreen":27,"Juzu Bracelet":13,"Replay:Mystery Machine":12,"ClockworkSouvenir":7,"SsserpentHead":17,"Replay:Bandana":5,"FaceOfCleric":17,"downfall:HeartBlessingBlue":5,"Strawberry":31,"Red Mask":15,"downfall:CloakOfManyFaces":17,"Replay:Bottled Snecko":23,"Kunai":31,"MerchantsRug":28,"Guardian:BottledStasis":31,"downfall:ShatteredFragment":2,"Pear":28,"downfall:HeartBlessingRed":12,"Astrolabe":9,"Replay:Grab Bag":19,"Guardian:ModeShifter":0,"Medical Kit":28,"Mercury Hourglass":14,"ChewingGum":19,"Molten Egg 2":27,"CultistMask":17,"Snack Pack":3,"Nloth\u0027s Gift":12,"Membership Card":16,"ReplayTheSpireMod:Ring of Challenge":13,"ReplayTheSpireMod:Lightbulb":31,"NlothsMask":17},{"Guardian:ModeShifterPlus":83,"Blue Doll":5,"GremlinMask":70,"Painkiller Herb":83,"Guardian:SackOfGems":105,"downfall:HeartBlessingGreen":111,"Juzu Bracelet":55,"Replay:Mystery Machine":51,"ClockworkSouvenir":26,"SsserpentHead":70,"Replay:Bandana":19,"FaceOfCleric":70,"downfall:HeartBlessingBlue":19,"Strawberry":133,"Red Mask":61,"downfall:CloakOfManyFaces":70,"Replay:Bottled Snecko":97,"Kunai":133,"MerchantsRug":113,"Guardian:BottledStasis":133,"downfall:ShatteredFragment":5,"Pear":113,"downfall:HeartBlessingRed":51,"Astrolabe":38,"Replay:Grab Bag":83,"Guardian:ModeShifter":0,"Medical Kit":113,"Mercury Hourglass":59,"ChewingGum":83,"Molten Egg 2":111,"CultistMask":70,"Snack Pack":11,"Nloth\u0027s Gift":51,"Membership Card":65,"ReplayTheSpireMod:Ring of Challenge":55,"ReplayTheSpireMod:Lightbulb":133,"NlothsMask":70}],"Mercury Hourglass":[235]},"card_choices":[{"not_picked":["Guardian:CrystalBeam","Guardian:Suspension"],"picked":"Guardian:Gem_Cyan","floor":2},{"not_picked":["Guardian:Gem_Cyan","Guardian:ArmoredProtocol"],"picked":"Guardian:GatlingBeam","floor":3},{"not_picked":["Guardian:Gem_Red","Guardian:TemporalStrike"],"picked":"Guardian:RollAttack","floor":6},{"not_picked":["Guardian:Recover","Guardian:SentryBeam"],"picked":"Guardian:Gem_Green","floor":8},{"not_picked":["Guardian:Orbwalk","Guardian:VentSteam"],"picked":"Guardian:DecasProtection","floor":9},{"not_picked":["Guardian:Gem_Cyan","Guardian:ArmoredProtocol"],"picked":"Guardian:Gem_Lightblue","floor":13},{"not_picked":["Guardian:ChargeCore","Guardian:TemporalStrike"],"picked":"Guardian:FastForward","floor":14},{"not_picked":["Guardian:Repulse","Guardian:WalkerClaw"],"picked":"Guardian:TemporalShield","floor":15},{"not_picked":["Guardian:GemFire","Guardian:TimeSifter"],"picked":"Guardian:SphericShield","floor":16},{"not_picked":["Guardian:RollAttack+1","Guardian:PiercingHide+1"],"picked":"Guardian:ShieldCharger+1","floor":19},{"not_picked":["Guardian:GuardianWhirl","Guardian:ChargeUp"],"picked":"Guardian:Gem_Red","floor":20},{"not_picked":["Guardian:Incinerate","Guardian:Repulse"],"picked":"Guardian:BronzeOrb","floor":21},{"not_picked":["Guardian:ShieldCharger+1","Guardian:PrismaticBarrier"],"picked":"Guardian:Gem_Green","floor":25},{"not_picked":["Guardian:RefractedBeam","Guardian:Harden+1"],"picked":"Guardian:MultiBeam","floor":27},{"not_picked":["Guardian:Gem_Red","Guardian:ChargeCore"],"picked":"Guardian:GuardianWhirl","floor":28},{"not_picked":["Guardian:PiercingHide","Guardian:RollAttack+1"],"picked":"Guardian:BronzeOrb+1","floor":30},{"not_picked":["Guardian:MultiBeam+1","Guardian:BronzeOrb"],"picked":"Guardian:BaubleBeam","floor":31},{"not_picked":["Guardian:Gem_Crimson","Guardian:Gem_Red"],"picked":"Guardian:Gem_Purple","floor":32},{"not_picked":["Guardian:StasisField","Guardian:AncientConstruct"],"picked":"Guardian:Gem_Orange","floor":33},{"not_picked":["Guardian:Gem_Red","Guardian:TemporalShield+1"],"picked":"Guardian:Gem_Yellow","floor":36},{"not_picked":["Guardian:Gem_Green","Guardian:ChargeCore+1"],"picked":"Guardian:Gem_Yellow","floor":37},{"not_picked":["Guardian:RollAttack+1","Guardian:ChargeCore+1"],"picked":"Guardian:RevengeProtocol","floor":39},{"not_picked":["Guardian:Planning+1","Guardian:TemporalShield"],"picked":"Guardian:FierceBash","floor":40},{"not_picked":["Guardian:Suspension+1","Guardian:RollAttack","Guardian:ShieldCharger"],"picked":"SKIP","floor":42},{"not_picked":["Guardian:SpikerProtocol","Guardian:HyperBeam_Guardian"],"picked":"Guardian:VentSteam+1","floor":43},{"not_picked":["Guardian:WalkerClaw","Guardian:Incinerate"],"picked":"Guardian:BronzeArmor+1","floor":44},{"not_picked":["Guardian:ShieldSpikes+1","Guardian:RefractedBeam+1"],"picked":"Guardian:ArmoredProtocol+1","floor":46},{"not_picked":["Guardian:GemFinder","Guardian:ShieldSpikes"],"picked":"Guardian:PiercingHide+1","floor":48},{"not_picked":["Guardian:ChargeCore+1","Guardian:BronzeArmor"],"picked":"Guardian:Recover+1","floor":49},{"not_picked":["Guardian:Emergency","Guardian:Gem_Lightblue"],"picked":"Guardian:PrismaticBarrier","floor":52}],"player_experience":83663,"relics_obtained":[{"floor":4,"key":"Blue Doll"},{"floor":6,"key":"Snack Pack"},{"floor":9,"key":"Replay:Bandana"},{"floor":24,"key":"Replay:Mystery Machine"},{"floor":25,"key":"Juzu Bracelet"},{"floor":26,"key":"ReplayTheSpireMod:Ring of Challenge"},{"floor":27,"key":"Mercury Hourglass"},{"floor":28,"key":"Red Mask"},{"floor":31,"key":"downfall:CloakOfManyFaces"},{"floor":40,"key":"Replay:Bottled Snecko"},{"floor":43,"key":"Guardian:SackOfGems"},{"floor":46,"key":"Molten Egg 2"},{"floor":52,"key":"Strawberry"}],"event_choices":[{"cards_removed":["Guardian:Strike_Guardian"],"damage_healed":0,"gold_gain":0,"player_choice":"Card Removal","damage_taken":0,"max_hp_gain":0,"max_hp_loss":0,"event_name":"The Cleric","floor":10,"gold_loss":0},{"damage_healed":0,"gold_gain":0,"player_choice":"Fought Bandits","damage_taken":0,"max_hp_gain":0,"max_hp_loss":0,"event_name":"Masked Bandits","floor":28,"gold_loss":0},{"cards_removed":["Guardian:FastForward"],"damage_healed":0,"gold_gain":0,"player_choice":"Removed Skill","damage_taken":0,"max_hp_gain":0,"max_hp_loss":0,"event_name":"Falling","floor":38,"gold_loss":0}],"is_beta":false,"boss_relics":[{"not_picked":["Fusion Hammer","Runic Dome"],"picked":"Astrolabe"},{"not_picked":["Ring of Chaos","Runic Pyramid"],"picked":"Replay:Grab Bag"},{"not_picked":["Sozu","Coffee Dripper"],"picked":"Painkiller Herb"},{"not_picked":["Velvet Choker","ReplayTheSpireMod:DimensionalGlitch"],"picked":"ChewingGum"},{"not_picked":["Kintsugi","SacredBark"],"picked":"Guardian:ModeShifterPlus"}],"items_purged_floors":[30],"is_endless":false,"potions_floor_spawned":[3,9,15,16,19,25,28,33,36,39,42],"ascension_level":1}}