{"host":"fx1msjnmzlhlr397","time":1610321039,"event":{"mods":["AchievementEnabler","BaseMod","Colored Map","Colored Powertips","Downfall","Duelist Mod","Friendly Minions","GifTheSpireLib","Marisa????????","Minty Spire (QoL Compilation)","Quick Restart","Rare Cards Sparkle","Replay The Spire","SOS???????","StSLib","The Alterego","The Animator","The Hierophant","The Wild Card"],"gold_per_floor":[211,211,98,113,128,128,128],"floor_reached":6,"playtime":330,"items_purged":[],"score":36,"play_id":"7bc1fd99-f59f-463c-afbd-613b8a95ffb2","local_time":"20210110182359","is_ascension_mode":false,"campfire_choices":[],"circlet_count":0,"master_deck":["animator:Strike_Konosuba","animator:Defend_Konosuba","animator:Strike","animator:Strike","animator:Strike+1","animator:Defend+1","animator:Defend","animator:Defend","animator:Kazuma","animator:Aqua","animator:Illya","animator:Archer","animator:Azekura","animator:Azekura","animator:Genos","animator:Illya"],"relics":["animator:LivingPicture","animator:TheMissingPiece"],"acts_visited":["Exordium"],"potions_floor_usage":[],"damage_taken":[{"damage":9,"enemies":"Small Slimes","floor":1,"turns":5},{"damage":10,"enemies":"Cultist","floor":4,"turns":5},{"damage":21,"enemies":"Jaw Worm","floor":5,"turns":3},{"damage":21,"enemies":"Gremlin Nob","floor":6,"turns":2}],"seed_played":"5575561617158626380","potions_obtained":[{"floor":1,"key":"GamblersBrew"}],"is_trial":false,"path_per_floor":["M","?","$","M","M","E"],"character_chosen":"THE_ANIMATOR","items_purchased":["animator:Archer","animator:Azekura"],"campfire_rested":0,"item_purchase_floors":[3,3],"current_hp_per_floor":[59,46,46,38,19,0,0],"gold":128,"neow_bonus":"HUNDRED_GOLD","is_daily":false,"chose_seed":false,"campfire_upgraded":0,"win_rate":0.0,"timestamp":1610321039,"path_taken":["M","?","$","M","M","E"],"items_purchased_type":["Card","Card"],"build_version":"2020-12-22","purchased_purges":0,"victory":false,"max_hp_per_floor":[66,66,66,66,66,66,66],"card_choices":[{"not_picked":["animator:NarberalGamma","animator:Bozes"],"picked":"animator:Illya","floor":1},{"not_picked":["animator:LeleiLaLalena","animator:CrowleyEusford"],"picked":"animator:Genos","floor":4},{"not_picked":["animator:Demiurge","animator:Tatsumaki"],"picked":"animator:Illya","floor":5}],"player_experience":2586,"relics_obtained":[],"event_choices":[{"damage_healed":0,"gold_gain":0,"player_choice":"Entered Light","damage_taken":13,"max_hp_gain":0,"max_hp_loss":0,"event_name":"Shining Light","floor":2,"gold_loss":0,"cards_upgraded":["animator:Strike","animator:Defend"]}],"is_beta":false,"boss_relics":[],"items_purged_floors":[],"is_endless":false,"potions_floor_spawned":[1],"killed_by":"Gremlin Nob","ascension_level":0}}