{"host":"9tzam4717zt8ei1o","time":1610287739,"event":{"mods":["BaseMod","Colored Map","Keyboard Shortcuts","Minty Spire (QoL Compilation)","Quick Restart","StSLib","SuperFastMode"],"gold_per_floor":[115,115,115,129,142,142,156,156,183,8,41,41,41,59,59,59,59],"floor_reached":16,"playtime":294,"items_purged":["Strike_G"],"score":250,"play_id":"e77f693d-6900-460e-9108-6ba120e4f4ef","local_time":"20210110230859","is_ascension_mode":true,"campfire_choices":[{"data":"Storm of Steel","floor":6,"key":"SMITH"},{"data":"Acrobatics","floor":8,"key":"SMITH"},{"data":"Footwork","floor":12,"key":"SMITH"},{"data":"Neutralize","floor":15,"key":"SMITH"}],"circlet_count":0,"master_deck":["AscendersBane","Strike_G","Strike_G","Strike_G","Defend_G","Defend_G","Defend_G","Defend_G","Defend_G","Survivor","Neutralize+1","Backflip","Storm of Steel+1","Acrobatics+1","Flash of Steel","Footwork+1"],"relics":["Ring of the Snake","PreservedInsect","Snake Skull","Unceasing Top","Golden Idol"],"acts_visited":["Exordium"],"potions_floor_usage":[11,11],"damage_taken":[{"damage":8,"enemies":"2 Louse","floor":1,"turns":2},{"damage":6,"enemies":"Jaw Worm","floor":4,"turns":5},{"damage":16,"enemies":"Small Slimes","floor":5,"turns":3},{"damage":7,"enemies":"Looter","floor":7,"turns":4},{"damage":0,"enemies":"Lagavulin","floor":11,"turns":2},{"damage":6,"enemies":"3 Louse","floor":14,"turns":4},{"damage":20,"enemies":"Hexaghost","floor":16,"turns":10}],"seed_played":"-3381468238366833868","potions_obtained":[{"floor":1,"key":"DistilledChaos"},{"floor":4,"key":"Explosive Potion"}],"is_trial":false,"path_per_floor":["M","?","?","M","M","R","M","R","T","$","E","R","?","M","R","B"],"character_chosen":"THE_SILENT","items_purchased":["Flash of Steel"],"campfire_rested":0,"item_purchase_floors":[10],"current_hp_per_floor":[57,52,52,46,30,30,23,23,23,23,23,23,23,17,17,0,0],"gold":59,"neow_bonus":"TEN_PERCENT_HP_BONUS","is_daily":false,"chose_seed":false,"campfire_upgraded":4,"win_rate":0.0,"timestamp":1610287739,"path_taken":["M","?","?","M","M","R","M","R","T","?","E","R","?","M","R","BOSS"],"items_purchased_type":["Card"],"build_version":"2020-12-22","purchased_purges":1,"victory":false,"max_hp_per_floor":[72,72,72,72,72,72,72,72,72,72,72,72,65,65,65,65,65],"card_choices":[{"not_picked":["Well Laid Plans","Caltrops"],"picked":"Backflip","floor":1},{"not_picked":["Concentrate","Reflex"],"picked":"Acrobatics","floor":4},{"not_picked":["Leg Sweep","Bane","Backflip"],"picked":"SKIP","floor":5},{"not_picked":["Dagger Spray","Skewer","Flying Knee"],"picked":"SKIP","floor":7},{"not_picked":["Prepared","Slice"],"picked":"Footwork","floor":11},{"not_picked":["Backflip","Outmaneuver","Bouncing Flask"],"picked":"SKIP","floor":14}],"player_experience":179437,"relics_obtained":[{"floor":9,"key":"Snake Skull"},{"floor":11,"key":"Unceasing Top"}],"event_choices":[{"damage_healed":0,"gold_gain":0,"player_choice":"Success","damage_taken":5,"relics_obtained":["PreservedInsect"],"max_hp_gain":0,"max_hp_loss":0,"event_name":"Scrap Ooze","floor":2,"gold_loss":0},{"damage_healed":0,"gold_gain":0,"cards_transformed":["Strike_G"],"player_choice":"Change","damage_taken":0,"max_hp_gain":0,"max_hp_loss":0,"event_name":"Living Wall","floor":3,"gold_loss":0,"cards_obtained":["Storm of Steel"]},{"damage_healed":0,"gold_gain":0,"player_choice":"Lose Max HP","damage_taken":0,"relics_obtained":["Golden Idol"],"max_hp_gain":0,"max_hp_loss":7,"event_name":"Golden Idol","floor":13,"gold_loss":0}],"is_beta":false,"boss_relics":[],"items_purged_floors":[10],"is_endless":false,"potions_floor_spawned":[1,4,7],"killed_by":"Hexaghost","ascension_level":20}}