{"host":"ox77rn1xcurm2t5a","time":1610321939,"event":{"mods":["2.2 Compatiblity","AchievementEnabler","Act Like it!","Aspiration","BaseMod","Best Route Mod","Better Match","Better Note","Better Sensory Stone","Block Reminder","Colored Map","Colored Powertips","Conjunction","Conspire","Custom Start","Energized Spire","GifTheSpireLib","Gold Saver","Gremlin Skip","Halation","Highlight Path","Hubris","Infinite Spire","Minty Spire (QoL Compilation)","Pale of the Ancients","Quick Restart","Replay The Spire","Reworked Bosses","ShortenTheSpire","Spire Exporter","StSLib","Stuff the Spire","Wandering Minibosses","vexMod"],"gold_per_floor":[109,109,3048,3061,3077,3077,3102,3102,3102,2198,2198,2223,2223,2223,2223,2297,2297,2312,2312,1156,1156,508,537,537,569,592,562,562],"floor_reached":27,"playtime":636,"items_purged":["Strike_B","Strike_B"],"score":459,"play_id":"847715e1-b8a5-4a16-9826-450253a4e064","local_time":"20210111013859","is_ascension_mode":true,"campfire_choices":[{"data":"Defragment","floor":6,"key":"SMITH"},{"floor":8,"key":"RECALL"},{"data":"Defragment","floor":13,"key":"SMITH"},{"data":"Echo Form","floor":15,"key":"SMITH"}],"circlet_count":0,"master_deck":["AscendersBane","Defend_B+1","Defend_B","Defend_B+1","Defend_B+1","Zap+1","Dualcast","Ball Lightning","Ball Lightning","Defragment+1","Gash","Defragment+1","Storm","Echo Form+1","Creative AI","Storm","Bite+1","Bite","Bite+1","Bite","Bite","StuffTheSpire:Perfection","Gash","Defragment+1","StuffTheSpire:Synthwave"],"relics":["Cracked Core","NeowsBlessing","Pen Nib","BargainBundle","Chameleon Ring","infinitespire:FocusingShard","HandDrill","StuffTheSpire:SapphireSignet","conspire:TopHat","StuffTheSpire:Mouthbags","infinitespire:CheckeredPen","DollysMirror","Blue Doll","infinitespire:BottledMercury","aspiration:HiddenCompartment","Simple Rune"],"acts_visited":["Exordium","TheCity"],"potions_floor_usage":[7,12,14,16,23,25],"damage_taken":[{"damage":0,"enemies":"Small Slimes","floor":1,"turns":1},{"damage":0,"enemies":"Cultist","floor":4,"turns":1},{"damage":0,"enemies":"Jaw Worm","floor":5,"turns":1},{"damage":13,"enemies":"3 Sentries","floor":7,"turns":4},{"damage":6,"enemies":"Gremlin Nob","floor":12,"turns":4},{"damage":0,"enemies":"3 Louse","floor":14,"turns":1},{"damage":28,"enemies":"Slime Boss","floor":16,"turns":7},{"damage":1,"enemies":"Spheric Guardian","floor":18,"turns":3},{"damage":30,"enemies":"Nightmare","floor":23,"turns":7},{"damage":61,"enemies":"Book of Stabbing","floor":25,"turns":5},{"damage":17,"enemies":"2 Thieves","floor":27,"turns":1}],"seed_played":"-3982879056970646076","potions_obtained":[{"floor":1,"key":"LifebloodPotion"},{"floor":7,"key":"SpeedPotion"},{"floor":12,"key":"SmokeBomb"},{"floor":16,"key":"FairyPotion"},{"floor":23,"key":"Explosive Potion"}],"is_trial":false,"path_per_floor":["M","?","$","M","M","R","E","R","T","$","?","E","R","M","R","B",null,"M","?","?","?","$","NM","T","E","T","M"],"character_chosen":"DEFECT","items_purchased":["Ball Lightning","Gash","Defragment","Pen Nib","BargainBundle","LifebloodPotion","Echo Form","infinitespire:FocusingShard","HandDrill","StuffTheSpire:SapphireSignet","StuffTheSpire:Mouthbags","infinitespire:CheckeredPen","Venom Potion","DollysMirror"],"campfire_rested":0,"item_purchase_floors":[3,3,3,3,3,3,10,10,10,10,22,22,22,22],"current_hp_per_floor":[64,64,64,64,64,64,51,51,51,51,58,52,52,52,52,28,60,61,49,49,49,49,36,36,8,8,0,0],"gold":562,"neow_bonus":"THREE_ENEMY_KILL","is_daily":false,"chose_seed":false,"campfire_upgraded":3,"win_rate":0.0,"timestamp":1610321939,"path_taken":["M","?","$","M","?","R","E","R","T","$","?","E","R","M","R","BOSS","M","?","?","?","$","NM","?","E","T","?"],"items_purchased_type":["Card","Card","Card","Relic","Relic","Potion","Card","Relic","Relic","Relic","Relic","Relic","Potion","Relic"],"build_version":"2020-12-22","purchased_purges":2,"victory":false,"max_hp_per_floor":[71,71,71,71,71,71,71,71,71,71,71,71,71,71,71,71,71,71,49,49,49,49,49,49,49,49,49,49],"card_choices":[{"not_picked":["Heatsinks","Streamline"],"picked":"Ball Lightning","floor":1},{"not_picked":["Stack","StuffTheSpire:LoadUp"],"picked":"Gash","floor":4},{"not_picked":["Redo","Ball Lightning"],"picked":"Defragment","floor":5},{"not_picked":["ReplaySolidLightProjector","BasicCrystalCard"],"picked":"Storm","floor":7},{"not_picked":["BasicCrystalCard","Hologram","Redo"],"picked":"SKIP","floor":12},{"not_picked":["StuffTheSpire:Purify","StuffTheSpire:ForEach"],"picked":"Creative AI","floor":16},{"not_picked":["Beam Cell","Rip and Tear"],"picked":"Storm","floor":18},{"not_picked":["Doom and Gloom","BasicCrystalCard","Melter"],"picked":"SKIP","floor":23},{"not_picked":["Compile Driver","BasicCrystalCard+1"],"picked":"StuffTheSpire:Synthwave","floor":25}],"player_experience":2981964,"relics_obtained":[{"floor":7,"key":"Chameleon Ring"},{"floor":12,"key":"conspire:TopHat"},{"floor":23,"key":"Blue Doll"},{"floor":24,"key":"infinitespire:BottledMercury"},{"floor":25,"key":"aspiration:HiddenCompartment"},{"floor":26,"key":"Simple Rune"}],"event_choices":[{"damage_healed":0,"gold_gain":0,"player_choice":"Upgraded","damage_taken":0,"max_hp_gain":0,"max_hp_loss":0,"event_name":"Upgrade Shrine","floor":2,"gold_loss":0,"cards_upgraded":["Zap"]},{"damage_healed":0,"gold_gain":0,"player_choice":"Became a vampire","damage_taken":0,"max_hp_gain":0,"max_hp_loss":22,"event_name":"Vampires","floor":19,"gold_loss":0,"cards_obtained":["Bite","Bite","Bite","Bite","Bite"]}],"is_beta":false,"boss_relics":[{"not_picked":["hubris:TerracottaHorce","StuffTheSpire:Kangaroo","conspire:SeveredTorchhead"]}],"items_purged_floors":[3,10],"is_endless":false,"potions_floor_spawned":[1,7,12,14,16,23],"killed_by":"2 Thieves","ascension_level":14}}