{"host":"qm4rv4rkpk76sbxu","time":1610321075,"event":{"mods":["BaseMod","Bestiary","Block Reminder","DeckTracker","Filter the Spire","Keyboard Shortcuts","Minty Spire (QoL Compilation)","MonsterHotkey","Potion Indicator Mod","Quick Restart","Relic Stats","Slay-I","StSLib","ojb\u0027s Better Paths Mod"],"gold_per_floor":[11,24,24,35,51,51,68,68,95,110,141,12,12,41,41,115,115,127,127,177,452,462,488,488,488,488,323,348,348,348,80,80,153,153,169,169,181,206,236,277,300,342,406,447,459,490,502,4,4,4,4,4,4,4,32,32,32],"floor_reached":56,"playtime":2983,"items_purged":["Strike_G"],"score":2087,"play_id":"6a783828-4e81-435a-9357-adf91441ccaa","local_time":"20210111002435","is_ascension_mode":true,"campfire_choices":[{"data":"Terror","floor":6.0,"key":"SMITH"},{"data":"Neutralize","floor":8.0,"key":"SMITH"},{"data":"Storm of Steel","floor":13.0,"key":"SMITH"},{"data":"Wraith Form v2","floor":15.0,"key":"SMITH"},{"data":"Venomology","floor":24.0,"key":"SMITH"},{"data":"Ghostly","floor":30.0,"key":"SMITH"},{"data":"Ghostly","floor":32.0,"key":"SMITH"},{"data":"Ghostly","floor":45.0,"key":"SMITH"},{"floor":49.0,"key":"RECALL"},{"data":"Tactician","floor":53.0,"key":"SMITH"}],"circlet_count":0,"master_deck":["AscendersBane","Defend_G","Defend_G","Defend_G","Defend_G","Survivor","Neutralize+1","Backflip","Heel Hook","Dagger Throw+1","Storm of Steel+1","Wraith Form v2+1","Terror+1","Slice","Poisoned Stab","Crippling Poison","Corpse Explosion","Dagger Throw+1","Venomology+1","Tactician+1","Ghostly+1","Ghostly+1","Ghostly+1","Well Laid Plans","Adrenaline","Blur","Predator","Dagger Throw+1","Venomology"],"relics":["Ring of the Snake","Bag of Preparation","Potion Belt","Bronze Scales","Philosopher\u0027s Stone","Tiny Chest","White Beast Statue","OrangePellets","Happy Flower","Toy Ornithopter","Coffee Dripper","MawBank","Oddly Smooth Stone","Question Card","Turnip","InkBottle","Whetstone"],"acts_visited":["Exordium","TheCity","TheBeyond","TheEnding"],"potions_floor_usage":[],"damage_taken":[{"damage":0.0,"enemies":"Jaw Worm","floor":1.0,"turns":4.0},{"damage":0.0,"enemies":"2 Louse","floor":2.0,"turns":2.0},{"damage":0.0,"enemies":"Cultist","floor":4.0,"turns":3.0},{"damage":0.0,"enemies":"Looter","floor":5.0,"turns":3.0},{"damage":19.0,"enemies":"Exordium Thugs","floor":7.0,"turns":5.0},{"damage":1.0,"enemies":"2 Fungi Beasts","floor":10.0,"turns":2.0},{"damage":5.0,"enemies":"Gremlin Nob","floor":11.0,"turns":3.0},{"damage":15.0,"enemies":"3 Sentries","floor":14.0,"turns":7.0},{"damage":5.0,"enemies":"Hexaghost","floor":16.0,"turns":6.0},{"damage":7.0,"enemies":"Shell Parasite","floor":18.0,"turns":4.0},{"damage":10.0,"enemies":"Spheric Guardian","floor":22.0,"turns":5.0},{"damage":8.0,"enemies":"Slavers","floor":23.0,"turns":2.0},{"damage":0.0,"enemies":"Gremlin Leader","floor":28.0,"turns":5.0},{"damage":39.0,"enemies":"Champ","floor":33.0,"turns":15.0},{"damage":1.0,"enemies":"Orb Walker","floor":35.0,"turns":4.0},{"damage":1.0,"enemies":"3 Darklings","floor":38.0,"turns":4.0},{"damage":1.0,"enemies":"Jaw Worm Horde","floor":39.0,"turns":3.0},{"damage":0.0,"enemies":"Reptomancer","floor":40.0,"turns":6.0},{"damage":1.0,"enemies":"Transient","floor":41.0,"turns":6.0},{"damage":7.0,"enemies":"Giant Head","floor":42.0,"turns":5.0},{"damage":9.0,"enemies":"Nemesis","floor":44.0,"turns":7.0},{"damage":0.0,"enemies":"Maw","floor":46.0,"turns":8.0},{"damage":8.0,"enemies":"Donu and Deca","floor":50.0,"turns":10.0},{"damage":9.0,"enemies":"Awakened One","floor":51.0,"turns":10.0},{"damage":41.0,"enemies":"Shield and Spear","floor":55.0,"turns":9.0},{"damage":0,"enemies":"The Heart","floor":56,"turns":1}],"seed_played":"2351654639420447280","potions_obtained":[{"floor":5.0,"key":"SpeedPotion"},{"floor":7.0,"key":"Energy Potion"},{"floor":10.0,"key":"DuplicationPotion"},{"floor":11.0,"key":"Poison Potion"},{"floor":16.0,"key":"Dexterity Potion"},{"floor":28.0,"key":"SkillPotion"},{"floor":33.0,"key":"SteroidPotion"},{"floor":35.0,"key":"AttackPotion"},{"floor":38.0,"key":"Swift Potion"},{"floor":39.0,"key":"Energy Potion"},{"floor":40.0,"key":"PowerPotion"},{"floor":41.0,"key":"SteroidPotion"},{"floor":44.0,"key":"Weak Potion"},{"floor":46.0,"key":"Poison Potion"},{"floor":55.0,"key":"CunningPotion"}],"is_trial":false,"path_per_floor":["M","M","?","M","M","R","M","R","T","M","E","$","R","E","R","B",null,"M","?","?","?","M","E","R","?","T","$","E","?","R","$","R","B",null,"M","T","?","M","M","E","M","E","T","E","R","M","?","$","R","B","B",null,"R","$","E","B"],"character_chosen":"THE_SILENT","items_purchased":["Dexterity Potion","OrangePellets","Toy Ornithopter","Well Laid Plans","BlessingOfTheForge","Fruit Juice","CultistPotion","InkBottle"],"campfire_rested":0,"item_purchase_floors":[12,27,31,31,31,48,48,48],"current_hp_per_floor":[59,59,59,59,59,59,40,40,40,39,34,34,34,19,19,14,53,46,46,46,46,36,28,28,28,28,28,28,28,28,28,28,3,26,25,25,25,29,32,33,32,26,26,22,22,27,43,48,48,45,43,47,47,47,9,9,9],"gold":32,"neow_bonus":"TRANSFORM_TWO_CARDS","is_daily":false,"chose_seed":false,"campfire_upgraded":9,"win_rate":0.0,"timestamp":1610321075,"path_taken":["M","M","?","M","M","R","M","R","T","M","E","$","R","E","R","BOSS","M","?","?","?","?","E","R","?","T","?","E","?","R","$","R","BOSS","M","?","?","M","M","E","M","E","T","E","R","?","?","$","R","BOSS","BOSS","R","$","E","BOSS"],"items_purchased_type":["Potion","Relic","Relic","Card","Potion","Potion","Potion","Relic"],"build_version":"2020-12-22","purchased_purges":1,"victory":false,"max_hp_per_floor":[66,66,66,66,66,66,66,66,66,66,66,66,66,66,66,66,66,66,66,66,66,66,66,66,66,66,66,66,33,33,33,33,33,33,33,33,33,33,33,33,33,33,33,33,33,33,43,48,48,48,48,48,48,48,48,48,48],"relic_stats":{"Happy Flower":[29],"counters":[26,139],"Bag of Preparation":[42],"Whetstone":["Dagger Throw","Dagger Throw"],"MawBank":144,"Question Card":3,"OrangePellets":[22],"Bronze Scales":[348],"Tiny Chest":1,"Turnip":[5],"obtain_stats":[{"Potion Belt":11,"Happy Flower":28,"Oddly Smooth Stone":40,"Bag of Preparation":9,"Whetstone":55,"MawBank":36,"Question Card":42,"White Beast Statue":26,"OrangePellets":27,"Bronze Scales":14,"Philosopher\u0027s Stone":17,"Tiny Chest":23,"Turnip":44,"Coffee Dripper":34,"Toy Ornithopter":31,"InkBottle":48,"Ring of the Snake":0},{"Potion Belt":7,"Happy Flower":13,"Oddly Smooth Stone":18,"Bag of Preparation":5,"Whetstone":25,"MawBank":15,"Question Card":20,"White Beast Statue":12,"OrangePellets":12,"Bronze Scales":8,"Philosopher\u0027s Stone":9,"Tiny Chest":12,"Turnip":21,"Coffee Dripper":14,"Toy Ornithopter":13,"InkBottle":22,"Ring of the Snake":0},{"Potion Belt":22,"Happy Flower":51,"Oddly Smooth Stone":83,"Bag of Preparation":17,"Whetstone":138,"MawBank":70,"Question Card":94,"White Beast Statue":46,"OrangePellets":46,"Bronze Scales":29,"Philosopher\u0027s Stone":35,"Tiny Chest":46,"Turnip":101,"Coffee Dripper":66,"Toy Ornithopter":51,"InkBottle":109,"Ring of the Snake":0}],"Toy Ornithopter":50,"InkBottle":[16],"Ring of the Snake":[52]},"card_choices":[{"not_picked":["Acrobatics","Outmaneuver"],"picked":"Heel Hook","floor":1.0},{"not_picked":["Flechettes","Prepared"],"picked":"Dagger Throw","floor":2.0},{"not_picked":["Cloak And Dagger","Sucker Punch"],"picked":"Wraith Form v2","floor":4.0},{"not_picked":["Reflex","Deadly Poison"],"picked":"Terror","floor":5.0},{"not_picked":["Heel Hook","Acrobatics","Outmaneuver"],"picked":"SKIP","floor":7.0},{"not_picked":["Dodge and Roll","Deflect"],"picked":"Slice","floor":10.0},{"not_picked":["Outmaneuver","Corpse Explosion"],"picked":"Poisoned Stab","floor":11.0},{"not_picked":["Outmaneuver","Underhanded Strike"],"picked":"Crippling Poison","floor":14.0},{"not_picked":["A Thousand Cuts","Die Die Die"],"picked":"Corpse Explosion","floor":16.0},{"not_picked":["Bane","Flying Knee","Concentrate"],"picked":"SKIP","floor":18.0},{"not_picked":["Dodge and Roll","Expertise","Bane"],"picked":"SKIP","floor":22.0},{"not_picked":["Expertise+1","Skewer+1","Deadly Poison"],"picked":"SKIP","floor":23.0},{"not_picked":["PiercingWail","A Thousand Cuts"],"picked":"Tactician","floor":28.0},{"not_picked":["Corpse Explosion","Storm of Steel"],"picked":"Adrenaline","floor":33.0},{"not_picked":["Underhanded Strike+1","Slice","Skewer"],"picked":"SKIP","floor":35.0},{"not_picked":["Acrobatics","Dagger Spray+1","Reflex"],"picked":"SKIP","floor":38.0},{"not_picked":["Deflect","Dagger Throw"],"picked":"Blur","floor":39.0},{"not_picked":["Quick Slash+1","Phantasmal Killer"],"picked":"Predator","floor":40.0},{"not_picked":["Dodge and Roll","Flying Knee+1"],"picked":"Dagger Throw+1","floor":41.0},{"not_picked":["Underhanded Strike","Sucker Punch","Blade Dance"],"picked":"SKIP","floor":42.0},{"not_picked":["Expertise","Flying Knee+1","Dodge and Roll","Unload"],"picked":"SKIP","floor":44.0},{"not_picked":["Sucker Punch","Flying Knee","Expertise","Deadly Poison"],"picked":"SKIP","floor":46.0},{"not_picked":["PiercingWail","Distraction","Backstab+1"],"picked":"Venomology","floor":55.0}],"player_experience":1251921,"relics_obtained":[{"floor":9.0,"key":"Bag of Preparation"},{"floor":11.0,"key":"Potion Belt"},{"floor":14.0,"key":"Bronze Scales"},{"floor":23.0,"key":"Tiny Chest"},{"floor":26.0,"key":"White Beast Statue"},{"floor":28.0,"key":"Happy Flower"},{"floor":36.0,"key":"MawBank"},{"floor":40.0,"key":"Oddly Smooth Stone"},{"floor":42.0,"key":"Question Card"},{"floor":44.0,"key":"Turnip"},{"floor":55.0,"key":"Whetstone"}],"event_choices":[{"damage_healed":0.0,"max_hp_gain":0.0,"max_hp_loss":0.0,"gold_gain":0.0,"cards_transformed":["Strike_G"],"event_name":"Living Wall","player_choice":"Change","floor":3.0,"gold_loss":0.0,"damage_taken":0.0,"cards_obtained":["Storm of Steel"]},{"damage_healed":0.0,"max_hp_gain":0.0,"max_hp_loss":0.0,"gold_gain":0.0,"cards_transformed":["Strike_G","Strike_G"],"event_name":"Drug Dealer","player_choice":"Became Test Subject","floor":19.0,"gold_loss":0.0,"damage_taken":0.0,"cards_obtained":["Dagger Throw","Venomology"]},{"damage_healed":0.0,"max_hp_gain":0.0,"max_hp_loss":0.0,"gold_gain":50.0,"event_name":"Nest","player_choice":"Stole From Cult","floor":20.0,"gold_loss":0.0,"damage_taken":0.0},{"damage_healed":0.0,"max_hp_gain":0.0,"max_hp_loss":0.0,"gold_gain":275.0,"event_name":"Golden Shrine","player_choice":"Desecrate","floor":21.0,"gold_loss":0.0,"damage_taken":0.0,"cards_obtained":["Regret"]},{"cards_removed":["Regret"],"damage_healed":0.0,"max_hp_gain":0.0,"max_hp_loss":0.0,"gold_gain":0.0,"event_name":"Fountain of Cleansing","player_choice":"Removed Curses","floor":25.0,"gold_loss":0.0,"damage_taken":0.0},{"damage_healed":0.0,"max_hp_gain":0.0,"max_hp_loss":33.0,"gold_gain":0.0,"event_name":"Ghosts","player_choice":"Became a Ghost","floor":29.0,"gold_loss":0.0,"damage_taken":0.0,"cards_obtained":["Ghostly","Ghostly","Ghostly"]},{"damage_healed":0.0,"max_hp_gain":0.0,"max_hp_loss":0.0,"gold_gain":0.0,"event_name":"SecretPortal","player_choice":"Ignored","floor":37.0,"gold_loss":0.0,"damage_taken":0.0},{"cards_removed":["Unload"],"damage_healed":6.0,"max_hp_gain":10.0,"max_hp_loss":0.0,"gold_gain":0.0,"event_name":"Bonfire Elementals","player_choice":"Offered Rare","floor":47.0,"gold_loss":0.0,"damage_taken":0.0}],"is_beta":false,"boss_relics":[{"not_picked":["Empty Cage","Tiny House"],"picked":"Philosopher\u0027s Stone"},{"not_picked":["Sozu","Fusion Hammer"],"picked":"Coffee Dripper"}],"items_purged_floors":[12],"is_endless":false,"potions_floor_spawned":[5,7,10,11,16,28,33,35,38,39,40,41,42,44,46,55],"killed_by":"The Heart","ascension_level":20}}