{"host":"0tiuc76yumknr6qf","time":1610316627,"event":{"mods":["BaseMod","Colored Map","Highlight Path","Jedi Mod","Minty Spire (QoL Compilation)","StSLib"],"gold_per_floor":[109,120,120,135,149,149,224,254,305,48,48,60,93,121,121,201,201,230,230,230,230,72,106,106,134,188,197,222,241,270,294,294,294,294],"floor_reached":33,"playtime":1791,"items_purged":["Strike_R"],"score":636,"play_id":"85a8a12c-e531-46a2-bde6-7cb871e4c9be","local_time":"20210110161027","is_ascension_mode":true,"campfire_choices":[{"data":"Offering","floor":6,"key":"SMITH"},{"data":"jedi:controlledanger","floor":11,"key":"SMITH"},{"floor":15,"key":"REST"},{"data":"Flame Barrier","floor":24,"key":"SMITH"},{"floor":32,"key":"REST"}],"circlet_count":0,"master_deck":["AscendersBane","Strike_R","Strike_R","Defend_R","Defend_R","Defend_R","Defend_R","Bash","Offering+1","Thunderclap","Flex","Pommel Strike","jedi:controlledanger+1","Pummel","Feed","Shrug It Off","Flame Barrier+1","jedi:strikingstrike","Evolve","Disarm+1","Feel No Pain","Feel No Pain"],"relics":["Burning Blood","jedi:Pinwheel","CeramicFish","Medical Kit","Odd Mushroom","Potion Belt","Snecko Eye","Enchiridion","Centennial Puzzle","Lantern","Pen Nib","MealTicket","HornCleat"],"acts_visited":["Exordium","TheCity"],"potions_floor_usage":[8,14,16],"damage_taken":[{"damage":14,"enemies":"2 Louse","floor":1,"turns":3},{"damage":6,"enemies":"Cultist","floor":2,"turns":3},{"damage":6,"enemies":"Small Slimes","floor":4,"turns":2},{"damage":6,"enemies":"Exordium Wildlife","floor":5,"turns":2},{"damage":26,"enemies":"3 Sentries","floor":8,"turns":7},{"damage":6,"enemies":"Red Slaver","floor":12,"turns":1},{"damage":19,"enemies":"The Mushroom Lair","floor":13,"turns":3},{"damage":11,"enemies":"Gremlin Nob","floor":14,"turns":3},{"damage":20,"enemies":"The Guardian","floor":16,"turns":11},{"damage":21,"enemies":"Shell Parasite","floor":18,"turns":3},{"damage":6,"enemies":"Book of Stabbing","floor":23,"turns":3},{"damage":0,"enemies":"3 Byrds","floor":25,"turns":4},{"damage":6,"enemies":"Centurion and Healer","floor":29,"turns":2},{"damage":21,"enemies":"Slavers","floor":30,"turns":3},{"damage":0,"enemies":"Snake Plant","floor":31,"turns":3},{"damage":69,"enemies":"Automaton","floor":33,"turns":8}],"seed_played":"-5886947158791798744","potions_obtained":[{"floor":5,"key":"Energy Potion"},{"floor":8,"key":"SteroidPotion"},{"floor":12,"key":"Strength Potion"},{"floor":25,"key":"PowerPotion"},{"floor":31,"key":"Explosive Potion"}],"is_trial":false,"path_per_floor":["M","M","?","M","M","R","?","E","T","$","R","M","?","E","R","B",null,"M","?","?","?","$","E","R","M","T","?","T","M","E","M","R","B"],"character_chosen":"IRONCLAD","items_purchased":["Medical Kit","Shrug It Off","Lantern"],"campfire_rested":2,"item_purchase_floors":[10,10,22],"current_hp_per_floor":[60,60,60,60,60,60,49,29,29,29,29,32,22,17,41,27,68,53,32,32,32,32,32,32,41,41,41,41,44,32,41,68,0,0],"gold":294,"neow_bonus":"TRANSFORM_CARD","is_daily":false,"chose_seed":false,"campfire_upgraded":3,"win_rate":0.0,"timestamp":1610316627,"path_taken":["M","M","?","?","M","R","?","E","T","?","R","?","?","E","R","BOSS","M","?","?","?","$","E","R","M","T","?","?","M","E","?","R","BOSS"],"items_purchased_type":["Relic","Card","Relic"],"build_version":"2020-12-22","purchased_purges":1,"victory":false,"max_hp_per_floor":[75,75,75,75,75,75,75,75,75,75,75,78,81,81,81,81,81,81,81,81,81,81,81,81,84,84,84,84,87,90,93,93,93,93],"card_choices":[{"not_picked":["Twin Strike","Havoc"],"picked":"Thunderclap","floor":1},{"not_picked":["jedi:suffering","Entrench"],"picked":"Flex","floor":2},{"not_picked":["Twin Strike","Cleave"],"picked":"jedi:controlledanger","floor":4},{"not_picked":["Perfected Strike","True Grit"],"picked":"Pummel","floor":5},{"not_picked":["Sword Boomerang","Sever Soul"],"picked":"Feed","floor":8},{"not_picked":["Anger","Flex","True Grit"],"picked":"SKIP","floor":12},{"not_picked":["Combust","Body Slam"],"picked":"Flame Barrier","floor":13},{"not_picked":["jedi:fear","Sentinel","Warcry"],"picked":"SKIP","floor":14},{"not_picked":["Exhume","Double Tap"],"picked":"jedi:strikingstrike","floor":16},{"not_picked":["Second Wind","Cleave"],"picked":"Evolve","floor":18},{"not_picked":["Warcry","Armaments","Hemokinesis"],"picked":"SKIP","floor":23},{"not_picked":["Burning Pact","Berserk"],"picked":"Disarm+1","floor":25},{"not_picked":["Havoc","Wild Strike","Pommel Strike"],"picked":"SKIP","floor":29},{"not_picked":["Armaments","Thunderclap+1","Clash"],"picked":"SKIP","floor":30},{"not_picked":["Dark Embrace","Sword Boomerang"],"picked":"Feel No Pain","floor":31}],"player_experience":1848789,"relics_obtained":[{"floor":8,"key":"jedi:Pinwheel"},{"floor":9,"key":"CeramicFish"},{"floor":13,"key":"Odd Mushroom"},{"floor":14,"key":"Potion Belt"},{"floor":19,"key":"Enchiridion"},{"floor":21,"key":"Centennial Puzzle"},{"floor":23,"key":"Pen Nib"},{"floor":28,"key":"MealTicket"},{"floor":30,"key":"HornCleat"}],"event_choices":[{"damage_healed":0,"gold_gain":0,"cards_transformed":["Strike_R"],"player_choice":"Transformed","damage_taken":0,"max_hp_gain":0,"max_hp_loss":0,"event_name":"Transmorgrifier","floor":3,"gold_loss":0,"cards_obtained":["Pommel Strike"]},{"damage_healed":0,"gold_gain":75,"player_choice":"Gather Gold","damage_taken":11,"max_hp_gain":0,"max_hp_loss":0,"event_name":"World of Goop","floor":7,"gold_loss":0},{"damage_healed":0,"gold_gain":0,"player_choice":"Fought Mushrooms","damage_taken":0,"max_hp_gain":0,"max_hp_loss":0,"event_name":"Mushrooms","floor":13,"gold_loss":0},{"damage_healed":0,"gold_gain":0,"player_choice":"Obtained Book","damage_taken":21,"max_hp_gain":0,"max_hp_loss":0,"event_name":"Cursed Tome","floor":19,"gold_loss":0},{"damage_healed":0,"gold_gain":0,"player_choice":"Ignored","damage_taken":0,"max_hp_gain":0,"max_hp_loss":0,"event_name":"Vampires","floor":20,"gold_loss":0},{"damage_healed":0,"gold_gain":0,"player_choice":"Read","damage_taken":0,"max_hp_gain":0,"max_hp_loss":0,"event_name":"The Library","floor":27,"gold_loss":0,"cards_obtained":["Feel No Pain"]}],"is_beta":false,"boss_relics":[{"not_picked":["Runic Dome","Astrolabe"],"picked":"Snecko Eye"}],"items_purged_floors":[10],"is_endless":false,"potions_floor_spawned":[5,8,12,13,25,31],"killed_by":"Automaton","ascension_level":20}}