{"host":"7qf1todfnxspvw7w","time":1610316410,"event":{"mods":["AchievementEnabler","BaseMod","Block Reminder","Colored Powertips","Disable Question Mark Monsters","Displayed Cursed Tome","Googly Eyes","Minty Spire (QoL Compilation)","Poor People Problems","Rare Cards Sparkle","Relic Stats","Reorder Act Four","SacredBarkPlus","Shop Mod","StSLib","Uncapped"],"gold_per_floor":[112,37,37,37,62,93,168,168,168,183,3,31,31,55,55,185,248,266,285,285,305,305,305,319,319,319,333,333,432,154,154,154,252,252,265,315,315,315,315,315,325,175,198,217,227,227,246,71,71,71,71],"floor_reached":50,"playtime":1664,"items_purged":["Strike_R","Defend_R","Strike_R","Barricade","Barricade"],"score":488,"play_id":"b27f1e12-fc57-419f-bf23-839964ab1334","local_time":"20210111010650","is_ascension_mode":false,"campfire_choices":[{"floor":13,"key":"REST"},{"floor":15,"key":"REST"},{"floor":23,"key":"REST"},{"floor":32,"key":"REST"},{"data":"Bash","floor":40,"key":"SMITH"},{"floor":46,"key":"REST"},{"floor":49,"key":"REST"}],"circlet_count":0,"master_deck":["Bash+1","Clash","Dropkick","Clash","Shrug It Off+1","Dropkick","Battle Trance","Body Slam","Feed"],"relics":["Burning Blood","Bag of Preparation","Bloody Idol","Prayer Wheel","Pear","Matryoshka","Odd Mushroom","Tiny House","Nilry\u0027s Codex","Nunchaku","Blood Vial","Brimstone","Pandora\u0027s Box","Turnip","Regal Pillow","Strawberry"],"acts_visited":["Exordium","TheCity","TheBeyond"],"potions_floor_usage":[12,16,18,33,41,47,50,50],"damage_taken":[{"damage":6,"enemies":"Small Slimes","floor":1,"turns":3},{"damage":7,"enemies":"2 Louse","floor":5,"turns":3},{"damage":38,"enemies":"3 Sentries","floor":6,"turns":10},{"damage":1,"enemies":"Jaw Worm","floor":10,"turns":2},{"damage":12,"enemies":"The Mushroom Lair","floor":12,"turns":3},{"damage":0,"enemies":"2 Fungi Beasts","floor":14,"turns":3},{"damage":67,"enemies":"The Guardian","floor":16,"turns":9},{"damage":31,"enemies":"Spheric Guardian","floor":18,"turns":6},{"damage":17,"enemies":"Chosen","floor":19,"turns":5},{"damage":44,"enemies":"Shelled Parasite and Fungi","floor":21,"turns":6},{"damage":21,"enemies":"Snecko","floor":24,"turns":4},{"damage":27,"enemies":"3 Cultists","floor":27,"turns":6},{"damage":19,"enemies":"Champ","floor":33,"turns":7},{"damage":45,"enemies":"3 Shapes","floor":35,"turns":5},{"damage":6,"enemies":"Mind Bloom Boss Battle","floor":36,"turns":4},{"damage":22,"enemies":"Orb Walker","floor":41,"turns":3},{"damage":23,"enemies":"4 Shapes","floor":44,"turns":5},{"damage":23,"enemies":"Spire Growth","floor":45,"turns":3},{"damage":64,"enemies":"Sphere and 2 Shapes","floor":47,"turns":5},{"damage":103,"enemies":"Awakened One","floor":50,"turns":4}],"seed_played":"380193284423341821","potions_obtained":[{"floor":6,"key":"AttackPotion"},{"floor":10,"key":"Ancient Potion"},{"floor":14,"key":"LiquidBronze"},{"floor":17,"key":"Block Potion"},{"floor":27,"key":"Block Potion"},{"floor":33,"key":"AttackPotion"},{"floor":41,"key":"Strength Potion"},{"floor":44,"key":"Energy Potion"}],"is_trial":false,"path_per_floor":["M","$","?","?","M","E","?","?","T","M","$","?","R","M","R","B",null,"M","M","?","M","?","R","M","?","T","M","?","?","$","?","R","B",null,"M","?","?","?","?","R","M","$","T","M","M","R","M","$","R","B"],"character_chosen":"IRONCLAD","items_purchased":["Dropkick","Brimstone"],"campfire_rested":6,"item_purchase_floors":[11,30],"current_hp_per_floor":[80,80,60,60,59,27,16,23,23,28,28,22,49,55,82,21,95,70,59,59,26,26,54,44,28,28,14,14,19,19,19,47,41,95,64,71,71,71,71,71,62,62,74,64,54,99,50,50,95,0,0],"gold":71,"neow_bonus":"RANDOM_COMMON_RELIC","is_daily":false,"chose_seed":false,"campfire_upgraded":1,"win_rate":0.0,"timestamp":1610316410,"path_taken":["M","$","?","?","M","E","?","?","T","?","$","?","R","M","R","BOSS","M","M","?","M","?","R","M","?","T","M","?","?","$","?","R","BOSS","M","?","?","?","?","R","?","?","T","M","?","R","M","$","R","BOSS"],"items_purchased_type":["Card","Relic"],"build_version":"2020-12-22","purchased_purges":5,"victory":false,"max_hp_per_floor":[80,80,80,80,80,80,80,90,90,90,90,90,90,90,90,90,95,95,95,95,95,95,95,95,95,95,95,95,95,95,95,95,95,95,98,98,98,98,93,93,93,93,100,100,100,100,103,103,103,106,106],"relic_stats":{"Blood Vial":15,"Nunchaku":[10],"Regal Pillow":30,"counters":[20,96],"Bloody Idol":60,"Prayer Wheel":12,"Pandora\u0027s Box":["Battle Trance","Barricade","Barricade","Body Slam","Feed"],"Turnip":[5],"Bag of Preparation":[40],"obtain_stats":[{"Regal Pillow":43,"Pear":8,"Tiny House":17,"Golden Idol":3,"Nilry\u0027s Codex":25,"Bag of Preparation":0,"Odd Mushroom":12,"Burning Blood":0,"Blood Vial":26,"Nunchaku":26,"Matryoshka":9,"Brimstone":30,"Bloody Idol":20,"Strawberry":43,"Prayer Wheel":6,"Pandora\u0027s Box":34,"Turnip":36},{"Regal Pillow":16,"Pear":3,"Tiny House":7,"Golden Idol":1,"Nilry\u0027s Codex":11,"Bag of Preparation":0,"Odd Mushroom":5,"Burning Blood":0,"Blood Vial":11,"Nunchaku":11,"Matryoshka":3,"Brimstone":12,"Bloody Idol":9,"Strawberry":16,"Prayer Wheel":3,"Pandora\u0027s Box":13,"Turnip":15},{"Regal Pillow":79,"Pear":16,"Tiny House":33,"Golden Idol":3,"Nilry\u0027s Codex":54,"Bag of Preparation":0,"Odd Mushroom":21,"Burning Blood":0,"Blood Vial":54,"Nunchaku":54,"Matryoshka":16,"Brimstone":60,"Bloody Idol":44,"Strawberry":79,"Prayer Wheel":16,"Pandora\u0027s Box":67,"Turnip":76}],"Burning Blood":114},"card_choices":[{"not_picked":["Wild Strike","Ghostly Armor","Havoc"],"picked":"SKIP","floor":1},{"not_picked":["Thunderclap","Body Slam"],"picked":"Clash","floor":5},{"not_picked":["Iron Wave","Spot Weakness","Perfected Strike"],"picked":"SKIP","floor":6},{"not_picked":["Wild Strike","Corruption","Battle Trance"],"picked":"SKIP","floor":10},{"not_picked":["Sever Soul","Clothesline","Bloodletting"],"picked":"SKIP","floor":10},{"not_picked":["True Grit","Clothesline","Feel No Pain"],"picked":"SKIP","floor":14},{"not_picked":["Sword Boomerang","Heavy Blade","Disarm"],"picked":"SKIP","floor":14},{"not_picked":["Body Slam","Havoc","Burning Pact"],"picked":"SKIP","floor":18},{"not_picked":["Thunderclap","Inflame","Dark Embrace"],"picked":"SKIP","floor":18},{"not_picked":["Anger","Sever Soul","True Grit"],"picked":"SKIP","floor":19},{"not_picked":["Armaments","Immolate","Anger"],"picked":"SKIP","floor":19},{"not_picked":["True Grit","Blood for Blood+1"],"picked":"Clash","floor":21},{"not_picked":["Clothesline","Havoc","Warcry"],"picked":"SKIP","floor":21},{"not_picked":["Clash","Twin Strike+1"],"picked":"Shrug It Off+1","floor":24},{"not_picked":["Warcry","Heavy Blade","Headbutt"],"picked":"SKIP","floor":24},{"not_picked":["Intimidate+1","Blood for Blood","Infernal Blade"],"picked":"SKIP","floor":27},{"not_picked":["Flame Barrier+1","Body Slam+1","Pommel Strike"],"picked":"SKIP","floor":27},{"not_picked":["Perfected Strike+1","Clash","Flame Barrier+1"],"picked":"SKIP","floor":35},{"not_picked":["Iron Wave+1","Body Slam","Pummel"],"picked":"SKIP","floor":35},{"not_picked":["Body Slam+1","Combust+1","Heavy Blade"],"picked":"SKIP","floor":41},{"not_picked":["Shrug It Off+1","Pummel+1","Clothesline"],"picked":"SKIP","floor":41},{"not_picked":["Heavy Blade","Pummel+1","Armaments+1"],"picked":"SKIP","floor":44},{"not_picked":["Armaments","Havoc","Sever Soul+1"],"picked":"SKIP","floor":44},{"not_picked":["Perfected Strike","Cleave+1","Shrug It Off+1"],"picked":"SKIP","floor":45},{"not_picked":["Thunderclap","Reckless Charge","Intimidate+1"],"picked":"SKIP","floor":45},{"not_picked":["Clash","Feed","Havoc"],"picked":"SKIP","floor":47},{"not_picked":["Heavy Blade+1","Fire Breathing+1","Whirlwind"],"picked":"SKIP","floor":47}],"player_experience":501955,"relics_obtained":[{"floor":6,"key":"Prayer Wheel"},{"floor":9,"key":"Matryoshka"},{"floor":12,"key":"Odd Mushroom"},{"floor":26,"key":"Nunchaku"},{"floor":26,"key":"Blood Vial"},{"floor":36,"key":"Turnip"},{"floor":43,"key":"Regal Pillow"},{"floor":43,"key":"Strawberry"}],"event_choices":[{"damage_healed":0,"gold_gain":0,"player_choice":"Take Damage","damage_taken":20,"relics_obtained":["Golden Idol"],"max_hp_gain":0,"max_hp_loss":0,"event_name":"Golden Idol","floor":3,"gold_loss":0},{"cards_removed":["Defend_R"],"damage_healed":0,"gold_gain":0,"player_choice":"Forget","damage_taken":0,"max_hp_gain":0,"max_hp_loss":0,"event_name":"Living Wall","floor":4,"gold_loss":0},{"damage_healed":0,"gold_gain":75,"player_choice":"Gather Gold","damage_taken":11,"max_hp_gain":0,"max_hp_loss":0,"event_name":"World of Goop","floor":7,"gold_loss":0},{"damage_healed":0,"gold_gain":0,"player_choice":"Success","damage_taken":3,"relics_obtained":["Pear"],"max_hp_gain":0,"max_hp_loss":0,"event_name":"Scrap Ooze","floor":8,"gold_loss":0},{"damage_healed":0,"gold_gain":0,"player_choice":"Fought Mushrooms","damage_taken":0,"max_hp_gain":0,"max_hp_loss":0,"event_name":"Mushrooms","floor":12,"gold_loss":0},{"damage_healed":0,"gold_gain":0,"player_choice":"Gave Idol","damage_taken":0,"relics_obtained":["Bloody Idol"],"max_hp_gain":0,"max_hp_loss":0,"event_name":"Forgotten Altar","floor":20,"relics_lost":["Golden Idol"],"gold_loss":0},{"damage_healed":0,"gold_gain":0,"player_choice":"Ignored","damage_taken":0,"max_hp_gain":0,"max_hp_loss":0,"event_name":"Vampires","floor":22,"gold_loss":0},{"damage_healed":0,"gold_gain":0,"player_choice":"Obtained Book","damage_taken":16,"max_hp_gain":0,"max_hp_loss":0,"event_name":"Cursed Tome","floor":25,"gold_loss":0},{"damage_healed":0,"gold_gain":0,"player_choice":"Ignored","damage_taken":0,"max_hp_gain":0,"max_hp_loss":0,"event_name":"Ghosts","floor":28,"gold_loss":0},{"damage_healed":0,"gold_gain":99,"player_choice":"Stole From Cult","damage_taken":0,"max_hp_gain":0,"max_hp_loss":0,"event_name":"Nest","floor":29,"gold_loss":0},{"damage_healed":0,"gold_gain":0,"player_choice":"Read","damage_taken":0,"max_hp_gain":0,"max_hp_loss":0,"event_name":"The Library","floor":31,"gold_loss":0,"cards_obtained":["Dropkick"]},{"damage_healed":0,"gold_gain":0,"player_choice":"Fight","damage_taken":0,"max_hp_gain":0,"max_hp_loss":0,"event_name":"MindBloom","floor":36,"gold_loss":0},{"damage_healed":0,"gold_gain":0,"player_choice":"Memory 1","damage_taken":0,"max_hp_gain":0,"max_hp_loss":0,"event_name":"SensoryStone","floor":37,"gold_loss":0},{"damage_healed":0,"gold_gain":0,"player_choice":"Ignored","damage_taken":0,"max_hp_gain":0,"max_hp_loss":0,"event_name":"Mysterious Sphere","floor":38,"gold_loss":0},{"damage_healed":0,"gold_gain":0,"player_choice":"Max HP","damage_taken":0,"max_hp_gain":0,"max_hp_loss":5,"event_name":"Winding Halls","floor":39,"gold_loss":0}],"is_beta":false,"boss_relics":[{"not_picked":["Black Star","Mark of Pain"],"picked":"Tiny House"},{"not_picked":["Astrolabe","SacredBark"],"picked":"Pandora\u0027s Box"}],"items_purged_floors":[2,11,30,42,48],"is_endless":false,"potions_floor_spawned":[6,10,14,27,33,41,44],"killed_by":"Awakened One","ascension_level":0}}