{"host":"r53pw7z744tg3fxg","time":1610240339,"event":{"mods":["AchievementEnabler","BaseMod","Colored Map","Colored Powertips","Highlight Path","Minty Spire (QoL Compilation)","Quick Restart","Transform Curses"],"gold_per_floor":[114,133,133,157,177,177,217,217,286,9,27,27,68,82,82,212,212,212,212,212,212,212,212,212,66,66,21,21,21,21,21,21,21,21],"floor_reached":33,"playtime":1383,"items_purged":[],"score":475,"play_id":"1e9d3ada-4eca-431b-ae2a-4886a0ad6759","local_time":"20210109175859","is_ascension_mode":true,"campfire_choices":[{"floor":6.0,"key":"REST"},{"floor":12.0,"key":"REST"},{"floor":15.0,"key":"REST"},{"floor":23.0,"key":"REST"},{"floor":32,"key":"REST"}],"circlet_count":0,"master_deck":["AscendersBane","Strike_P","Strike_P","Strike_P","Strike_P","Defend_P","Defend_P","Defend_P","Defend_P","Eruption","Vigilance+1","Evaluate","PathToVictory","CutThroughFate","Pray","EmptyBody+1","BowlingBash","Swivel","FearNoEvil","WheelKick","Establishment","ConjureBlade","Halt","Devotion","Prostrate"],"relics":["PureWater","Art of War","Golden Idol","Pocketwatch","Sundial","Regal Pillow","Ectoplasm","Nloth\u0027s Gift","Strawberry","Bronze Scales","Anchor","MawBank"],"acts_visited":["Exordium","TheCity"],"potions_floor_usage":[31,33],"damage_taken":[{"damage":9.0,"enemies":"2 Louse","floor":1.0,"turns":3.0},{"damage":0.0,"enemies":"Small Slimes","floor":2.0,"turns":4.0},{"damage":2.0,"enemies":"Cultist","floor":4.0,"turns":3.0},{"damage":24.0,"enemies":"Lots of Slimes","floor":5.0,"turns":5.0},{"damage":16.0,"enemies":"Lagavulin","floor":7.0,"turns":7.0},{"damage":2.0,"enemies":"Blue Slaver","floor":11.0,"turns":4.0},{"damage":2.0,"enemies":"3 Sentries","floor":13.0,"turns":4.0},{"damage":20.0,"enemies":"Exordium Thugs","floor":14.0,"turns":4.0},{"damage":10.0,"enemies":"The Guardian","floor":16.0,"turns":15.0},{"damage":30.0,"enemies":"Shell Parasite","floor":18.0,"turns":5.0},{"damage":12.0,"enemies":"Chosen","floor":20.0,"turns":4.0},{"damage":21.0,"enemies":"Shelled Parasite and Fungi","floor":21.0,"turns":6.0},{"damage":36.0,"enemies":"Book of Stabbing","floor":24.0,"turns":4.0},{"damage":13.0,"enemies":"Gremlin Leader","floor":29.0,"turns":7.0},{"damage":0.0,"enemies":"Snake Plant","floor":30.0,"turns":1.0},{"damage":13,"enemies":"Sentry and Sphere","floor":31,"turns":4},{"damage":70,"enemies":"Automaton","floor":33,"turns":6}],"seed_played":"1141220853660602073","potions_obtained":[{"floor":4.0,"key":"BlessingOfTheForge"},{"floor":7.0,"key":"Strength Potion"},{"floor":13.0,"key":"Regen Potion"},{"floor":14.0,"key":"SmokeBomb"},{"floor":28.0,"key":"LiquidMemories"},{"floor":29.0,"key":"LiquidMemories"},{"floor":31,"key":"AttackPotion"}],"is_trial":false,"path_per_floor":["M","M","?","M","M","R","E","?","T","$","M","R","E","M","R","B",null,"M","$","M","M","?","R","E","$","T","$","?","E","M","M","R","B"],"character_chosen":"WATCHER","items_purchased":["Regal Pillow","BowlingBash","Swivel","Bronze Scales","Halt"],"campfire_rested":5,"item_purchase_floors":[10,10,10,25,27],"current_hp_per_floor":[56,56,56,54,30,51,35,35,35,35,33,69,67,47,72,62,70,40,40,28,22,22,58,29,29,29,29,29,16,16,3,41,0,0],"gold":21,"neow_bonus":"RANDOM_COMMON_RELIC","is_daily":false,"chose_seed":false,"campfire_upgraded":0,"win_rate":0.0,"timestamp":1610240339,"path_taken":["M","M","?","M","M","R","E","?","T","$","M","R","E","?","R","BOSS","M","$","?","M","?","R","E","?","T","$","?","E","M","?","R","BOSS"],"items_purchased_type":["Relic","Card","Card","Relic","Card"],"build_version":"2020-12-22","purchased_purges":0,"victory":false,"max_hp_per_floor":[72,72,72,72,72,72,72,72,72,72,72,72,72,72,72,72,72,72,72,72,72,72,72,79,79,79,79,79,79,79,79,79,79,79],"card_choices":[{"not_picked":["Prostrate","EmptyFist"],"picked":"Evaluate","floor":1.0},{"not_picked":["Prostrate","FlyingSleeves"],"picked":"PathToVictory","floor":2.0},{"not_picked":["CrushJoints","PathToVictory"],"picked":"CutThroughFate","floor":4.0},{"not_picked":["Fasting2","CrushJoints"],"picked":"Pray","floor":5.0},{"not_picked":["EmptyFist","Pray"],"picked":"EmptyBody","floor":7.0},{"not_picked":["FlyingSleeves","Crescendo"],"picked":"FearNoEvil","floor":11.0},{"not_picked":["Study","JustLucky","Omniscience"],"picked":"SKIP","floor":13.0},{"not_picked":["FlurryOfBlows","Evaluate"],"picked":"WheelKick","floor":14.0},{"not_picked":["Wish","ConjureBlade"],"picked":"Establishment","floor":16.0},{"not_picked":["CutThroughFate","EmptyBody","PathToVictory"],"picked":"SKIP","floor":18.0},{"not_picked":["CutThroughFate","PathToVictory","BowlingBash"],"picked":"SKIP","floor":20.0},{"not_picked":["Evaluate","ThirdEye"],"picked":"ConjureBlade","floor":21.0},{"not_picked":["EmptyMind","ConjureBlade","Pray"],"picked":"SKIP","floor":24.0},{"not_picked":["WheelKick","FearNoEvil"],"picked":"Devotion","floor":29.0},{"not_picked":["EmptyBody+1","WheelKick"],"picked":"Prostrate","floor":31}],"player_experience":1223025,"relics_obtained":[{"floor":7.0,"key":"Pocketwatch"},{"floor":9.0,"key":"Sundial"},{"floor":13.0,"key":"War Paint"},{"floor":24.0,"key":"Strawberry"},{"floor":26.0,"key":"Anchor"},{"floor":29.0,"key":"MawBank"}],"event_choices":[{"damage_healed":0.0,"max_hp_gain":0.0,"max_hp_loss":0.0,"gold_gain":0.0,"event_name":"Golden Idol","player_choice":"Take Wound","floor":3.0,"gold_loss":0.0,"damage_taken":0.0,"relics_obtained":["Golden Idol"],"cards_obtained":["Injury"]},{"cards_removed":["Injury"],"damage_healed":0.0,"max_hp_gain":0.0,"max_hp_loss":0.0,"gold_gain":0.0,"event_name":"Purifier","player_choice":"Purged","floor":8.0,"gold_loss":0.0,"damage_taken":0.0},{"damage_healed":0.0,"max_hp_gain":0.0,"max_hp_loss":0.0,"gold_gain":0.0,"event_name":"N\u0027loth","player_choice":"Traded Relic","floor":22.0,"relics_lost":["War Paint"],"gold_loss":0.0,"damage_taken":0.0,"relics_obtained":["Nloth\u0027s Gift"]},{"damage_healed":0.0,"max_hp_gain":0.0,"max_hp_loss":0.0,"gold_gain":0.0,"event_name":"Lab","player_choice":"Got Potions","floor":28.0,"gold_loss":0.0,"damage_taken":0.0}],"is_beta":false,"boss_relics":[{"not_picked":["Velvet Choker","Fusion Hammer"],"picked":"Ectoplasm"}],"items_purged_floors":[],"is_endless":false,"potions_floor_spawned":[4,7,13,14,18,29,31],"killed_by":"Automaton","ascension_level":12}}