{"host":"Krakhan","time":1610303760,"event":{"mods":["AchievementEnabler","BaseMod","Colored Map","Colored Powertips","Faster Ascension Climbing","Highlight Path","Minty Spire (QoL Compilation)","Rare Cards Sparkle","Relic Stats","StSLib"],"gold_per_floor":[118,138,138,138,150,162,194,206,218,250,277,289,329,355,367,452,464,495,211,211,211],"floor_reached":20,"playtime":799,"items_purged":["Strike_G"],"score":348,"play_id":"3e7cb7d1-d72b-4881-9b47-ba64ebc9248c","local_time":"20210110133600","is_ascension_mode":true,"campfire_choices":[{"floor":6.0,"key":"REST"},{"floor":8.0,"key":"REST"},{"data":"Neutralize","floor":12,"key":"SMITH"},{"data":"Deadly Poison","floor":15,"key":"SMITH"}],"circlet_count":0,"master_deck":["AscendersBane","Strike_G","Strike_G","Strike_G","Strike_G","Defend_G","Defend_G","Defend_G+1","Defend_G+1","Defend_G","Survivor","Neutralize+1","Riddle With Holes","Slice","Dagger Throw","Cloak And Dagger","Well Laid Plans","Dagger Spray","Deadly Poison+1","Grand Finale","Bouncing Flask","Noxious Fumes","Catalyst"],"relics":["Ring of the Snake","NeowsBlessing","MawBank","Du-Vu Doll","Pear","Cursed Key"],"acts_visited":["Exordium","TheCity"],"potions_floor_usage":[13,16,20,20],"damage_taken":[{"damage":0.0,"enemies":"Cultist","floor":1.0,"turns":1.0},{"damage":0.0,"enemies":"Jaw Worm","floor":2.0,"turns":1.0},{"damage":0.0,"enemies":"2 Louse","floor":7.0,"turns":1.0},{"damage":3.0,"enemies":"Looter","floor":10.0,"turns":3.0},{"damage":0.0,"enemies":"Blue Slaver","floor":11.0,"turns":3.0},{"damage":8,"enemies":"Gremlin Nob","floor":13,"turns":3},{"damage":15,"enemies":"Gremlin Gang","floor":14,"turns":4},{"damage":25,"enemies":"The Guardian","floor":16,"turns":13},{"damage":16,"enemies":"3 Byrds","floor":18,"turns":7},{"damage":45,"enemies":"Masked Bandits","floor":20,"turns":3}],"seed_played":"8687868661523982433","potions_obtained":[{"floor":1.0,"key":"DistilledChaos"},{"floor":10.0,"key":"BlessingOfTheForge"},{"floor":13,"key":"EssenceOfSteel"},{"floor":14,"key":"Poison Potion"}],"is_trial":false,"path_per_floor":["M","M","?","?","?","R","M","R","T","M","M","R","E","M","R","B",null,"M","$","?"],"character_chosen":"THE_SILENT","items_purchased":["Noxious Fumes","Catalyst","PowerPotion"],"campfire_rested":2,"item_purchase_floors":[19,19,19],"current_hp_per_floor":[59,59,39,4,4,23,23,42,42,39,39,39,41,26,26,1,57,41,41,0,0],"gold":211,"neow_bonus":"THREE_ENEMY_KILL","is_daily":false,"chose_seed":false,"campfire_upgraded":2,"win_rate":0.0,"timestamp":1610303760,"path_taken":["M","?","?","?","?","R","?","R","T","M","M","R","E","M","R","BOSS","M","$","?"],"items_purchased_type":["Card","Card","Potion"],"build_version":"2020-12-18","purchased_purges":1,"victory":false,"max_hp_per_floor":[66,66,66,66,66,66,66,66,66,66,66,66,76,76,76,76,76,76,76,76,76],"relic_stats":{"counters":[10,39],"MawBank":180,"Cursed Key":0,"obtain_stats":[{"Du-Vu Doll":9,"Pear":13,"NeowsBlessing":0,"MawBank":4,"Cursed Key":17,"Ring of the Snake":0},{"Du-Vu Doll":3,"Pear":6,"NeowsBlessing":0,"MawBank":2,"Cursed Key":8,"Ring of the Snake":0},{"Du-Vu Doll":3,"Pear":12,"NeowsBlessing":0,"MawBank":2,"Cursed Key":29,"Ring of the Snake":0}],"Ring of the Snake":[20]},"card_choices":[{"not_picked":["Dodge and Roll","Outmaneuver"],"picked":"Riddle With Holes","floor":1.0},{"not_picked":["Bane","Prepared"],"picked":"Slice","floor":2.0},{"not_picked":["Heel Hook","Sucker Punch"],"picked":"Dagger Throw","floor":7.0},{"not_picked":["Reflex","Flying Knee"],"picked":"Cloak And Dagger","floor":10.0},{"not_picked":["Prepared","Infinite Blades"],"picked":"Well Laid Plans","floor":11},{"not_picked":["Deflect","Outmaneuver"],"picked":"Dagger Spray","floor":13},{"not_picked":["Dodge and Roll","Flying Knee"],"picked":"Deadly Poison","floor":14},{"not_picked":["Doppelganger","Burst"],"picked":"Grand Finale","floor":16},{"not_picked":["Outmaneuver","Underhanded Strike"],"picked":"Bouncing Flask","floor":18}],"player_experience":1294495,"relics_obtained":[{"floor":9.0,"key":"Du-Vu Doll"},{"floor":13,"key":"Pear"}],"event_choices":[{"damage_healed":0.0,"max_hp_gain":0.0,"max_hp_loss":0.0,"gold_gain":0.0,"event_name":"Shining Light","player_choice":"Entered Light","floor":3.0,"gold_loss":0.0,"damage_taken":20.0,"cards_upgraded":["Defend_G","Defend_G"]},{"damage_healed":0.0,"max_hp_gain":0.0,"max_hp_loss":0.0,"gold_gain":0.0,"event_name":"Scrap Ooze","player_choice":"Success","floor":4.0,"gold_loss":0.0,"damage_taken":35.0,"relics_obtained":["MawBank"]},{"damage_healed":0.0,"max_hp_gain":0.0,"max_hp_loss":0.0,"gold_gain":0.0,"event_name":"Golden Wing","player_choice":"Ignored","floor":5.0,"gold_loss":0.0,"damage_taken":0.0},{"damage_healed":0,"gold_gain":0,"player_choice":"Fought Bandits","damage_taken":0,"max_hp_gain":0,"max_hp_loss":0,"event_name":"Masked Bandits","floor":20,"gold_loss":0}],"is_beta":true,"boss_relics":[{"not_picked":["WristBlade","Coffee Dripper"],"picked":"Cursed Key"}],"items_purged_floors":[19],"is_endless":false,"potions_floor_spawned":[1,10,13,14],"killed_by":"Masked Bandits","ascension_level":20}}