{"host":"csp9nt53rootlkah","time":1610260119,"event":{"mods":["Act Like it!","BaseMod","Colored Powertips","Friendly Minions","Gensokyo","Highlight Path","Marisa（F雨　魔理沙）","Minty Spire (QoL Compilation)","Quick Restart","Replay The Spire","StSLib","TestMod","The Factory","The Jungle","【遗物卡牌】REMEMod"],"gold_per_floor":[114,128,128,140,8,43,43,79,105,136,151,151,170,184,184,291,291,309,329,279,304,320,339,409,427,480,430,470,470,470,489,489,609,609,626,626,626,644,664,664,712,712,784,905,964,964,993,1024,1024,1028],"floor_reached":51,"playtime":2727,"items_purged":["Strike_MRS","Strike_MRS","Strike_MRS"],"score":1074,"play_id":"0c5fb8be-94ce-487f-83a0-bbc73987a367","local_time":"20210110142839","is_ascension_mode":false,"campfire_choices":[{"data":"SatelliteIllusion","floor":7.0,"key":"SMITH"},{"data":"DarkMatter","floor":12.0,"key":"SMITH"},{"floor":15.0,"key":"DIG"},{"data":"EnergyFlow","floor":30.0,"key":"SMITH"},{"data":"UpSweep","floor":32.0,"key":"SMITH"},{"data":"AbsoluteMagnitude","floor":40.0,"key":"SMITH"},{"data":"TreasureHunter","floor":42.0,"key":"SMITH"},{"data":"Offering","floor":49,"key":"SMITH"}],"circlet_count":0,"master_deck":["Defend_MRS","Defend_MRS","Defend_MRS","MasterSpark","UpSweep+1","TreasureHunter+1","DarkMatter+1","SatelliteIllusion+1","EnergyFlow+1","AbsoluteMagnitude+1","Acceleration","Infinite Blades","EnergyFlow+1","Offering+1"],"relics":["MiniHakkero","testmod-TestBox","REME_ComplimentaryCards","testmod-TheFather","testmod-Temperance","Runic Pyramid","Smiling Mask","ReplayTheSpireMod:TigerMarble","testmod-ArcanaOfDestiny","testmod-HeartOfDaVinci","Blood Vial","Bronze Scales","testmod-ThousandKnives","Busted Crown","Ninja Scroll","Regal Pillow","Lantern","testmod-OneHitWonder","testmod-SaigiyounoYou","Akabeko","Pen Nib","Singing Bowl","Molten Egg 2","Happy Flower","REME_IWantAll","ReplayTheSpireMod:Ninjato","King of Hearts"],"acts_visited":["Exordium","Exordium","TheBeyond"],"potions_floor_usage":[],"damage_taken":[{"damage":7.0,"enemies":"Small Slimes","floor":1.0,"turns":3.0},{"damage":1.0,"enemies":"Cultist","floor":2.0,"turns":3.0},{"damage":0.0,"enemies":"2 Louse","floor":4.0,"turns":2.0},{"damage":16.0,"enemies":"Gremlin Nob","floor":6.0,"turns":3.0},{"damage":0.0,"enemies":"Lagavulin","floor":8.0,"turns":4.0},{"damage":0.0,"enemies":"Gremlin Nob","floor":10.0,"turns":3.0},{"damage":0.0,"enemies":"2 Fungi Beasts","floor":11.0,"turns":2.0},{"damage":1.0,"enemies":"Gremlin Gang","floor":13.0,"turns":2.0},{"damage":10.0,"enemies":"Looter","floor":14.0,"turns":3.0},{"damage":10.0,"enemies":"Hexaghost","floor":16.0,"turns":8.0},{"damage":7.0,"enemies":"theJungle:5_Spyders","floor":18.0,"turns":3.0},{"damage":1.0,"enemies":"theJungle:Flameango_and_Byrd","floor":19.0,"turns":2.0},{"damage":0.0,"enemies":"theJungle:JungleHuntersEncounter","floor":21.0,"turns":3.0},{"damage":15.0,"enemies":"Snake Plant","floor":22.0,"turns":2.0},{"damage":19.0,"enemies":"theJungle:2_Snecko_Cultists","floor":23.0,"turns":3.0},{"damage":0.0,"enemies":"theJungle:Cassacara","floor":24.0,"turns":3.0},{"damage":16.0,"enemies":"theJungle:Lyon","floor":25.0,"turns":3.0},{"damage":4.0,"enemies":"theJungle:2_Phrogs","floor":28.0,"turns":5.0},{"damage":3.0,"enemies":"Snake Plant","floor":31.0,"turns":2.0},{"damage":0.0,"enemies":"theJungle:QueenSpyder","floor":33.0,"turns":6.0},{"damage":6.0,"enemies":"3 Shapes","floor":35.0,"turns":1.0},{"damage":0.0,"enemies":"3 Darklings","floor":38.0,"turns":1.0},{"damage":9.0,"enemies":"Maw","floor":39.0,"turns":4.0},{"damage":19.0,"enemies":"R_Hoarder","floor":41.0,"turns":7.0},{"damage":0.0,"enemies":"Giant Head","floor":44.0,"turns":4.0},{"damage":13.0,"enemies":"2 Orb Walkers","floor":45.0,"turns":2.0},{"damage":4.0,"enemies":"R_Hoarder","floor":47.0,"turns":4.0},{"damage":6,"enemies":"Transient","floor":48,"turns":3},{"damage":8,"enemies":"Time Eater","floor":50,"turns":2}],"seed_played":"-4404748751795377782","potions_obtained":[{"floor":2.0,"key":"ColorlessPotion"},{"floor":4.0,"key":"PowerPotion"},{"floor":10.0,"key":"FearPotion"},{"floor":11.0,"key":"PowerPotion"},{"floor":13.0,"key":"Fruit Juice"},{"floor":19.0,"key":"BlessingOfTheForge"},{"floor":22.0,"key":"Energy Potion"}],"is_trial":false,"path_per_floor":["M","M","?","M","$","E","R","E","T","E","M","R","M","M","R","B",null,"M","M","$","M","M","M","E","M","T","$","E","?","R","M","R","B",null,"M","?","?","M","M","R","E","R","T","E","?","?","E","M","R","B",null],"character_chosen":"MARISA","items_purchased":["SatelliteIllusion"],"campfire_rested":0,"item_purchase_floors":[5],"current_hp_per_floor":[68,67,67,67,67,51,51,51,51,51,53,53,59,51,51,43,80,73,74,74,76,63,46,48,38,38,38,36,31,31,30,30,32,85,80,80,80,85,85,85,85,85,85,87,77,73,94,99,99,99],"gold":1028,"neow_bonus":"DOUBLE_BOSS_RELIC","is_daily":false,"chose_seed":false,"campfire_upgraded":7,"win_rate":0.0,"timestamp":1610260119,"path_taken":["M","M","?","?","$","E","R","E","T","E","M","R","M","M","R","BOSS","M","M","$","M","M","M","E","M","T","$","E","?","R","M","R","BOSS","BOSS","M","?","?","M","?","R","E","R","T","E","?","?","E","M","R","BOSS"],"items_purchased_type":["Card"],"build_version":"2020-12-22","purchased_purges":3,"victory":true,"max_hp_per_floor":[75,75,75,75,75,75,75,75,75,75,75,75,80,80,80,80,80,80,80,80,80,80,80,80,80,80,80,80,85,85,85,85,85,85,85,85,85,85,85,85,85,85,85,87,89,95,97,99,99,99],"card_choices":[{"not_picked":["UnstableBomb","AsteroidBelt","MagicAbsorber"],"picked":"SKIP","floor":1.0},{"not_picked":["NonDirectionalLaser","6A"],"picked":"DarkMatter","floor":2.0},{"not_picked":["DC","PowerUp","SporeBomb"],"picked":"SKIP","floor":4.0},{"not_picked":["WitchLeyline","GravityBeat","WitchOfGreed"],"picked":"SKIP","floor":6.0},{"not_picked":["GrandCross","MeteoricShower","EnergyRecoil"],"picked":"SKIP","floor":8.0},{"not_picked":["WitchOfGreed","DragonMeteor","GalacticHalo"],"picked":"SKIP","floor":10.0},{"not_picked":["GalacticHalo","UnstableBomb","AsteroidBelt"],"picked":"SKIP","floor":11.0},{"not_picked":["GravityBeat","RefractionSpark","DC"],"picked":"SKIP","floor":13.0},{"not_picked":["UnstableBomb","DC"],"picked":"EnergyFlow","floor":14.0},{"not_picked":["EscapeVelocity","MaximisePower"],"picked":"AbsoluteMagnitude","floor":16.0},{"not_picked":["PowerUp"],"picked":"SKIP","floor":18.0},{"not_picked":["DC"],"picked":"SKIP","floor":19.0},{"not_picked":["MysteriousBeam"],"picked":"SKIP","floor":21.0},{"not_picked":["GalacticHalo+1"],"picked":"SKIP","floor":22.0},{"not_picked":["ManaConvection"],"picked":"SKIP","floor":23.0},{"not_picked":[],"picked":"Acceleration","floor":24.0},{"not_picked":["OpenUniverse"],"picked":"SKIP","floor":25.0},{"not_picked":["DC"],"picked":"SKIP","floor":28.0},{"not_picked":["SporeBomb"],"picked":"SKIP","floor":31.0},{"not_picked":["AsteroidBelt+1"],"picked":"SKIP","floor":35.0},{"not_picked":["NonDirectionalLaser+1"],"picked":"SKIP","floor":38.0},{"not_picked":["PowerUp"],"picked":"SKIP","floor":39.0},{"not_picked":["PowerUp"],"picked":"SKIP","floor":41.0},{"not_picked":["IllusionStar"],"picked":"Singing Bowl","floor":44.0},{"not_picked":["ChargingUp+1"],"picked":"Singing Bowl","floor":45.0},{"not_picked":["testmod-ComboMaster+1"],"picked":"Singing Bowl","floor":46.0},{"not_picked":["Panache"],"picked":"Singing Bowl","floor":46.0},{"not_picked":["REME_MawOfCthun"],"picked":"Singing Bowl","floor":46.0},{"not_picked":["WitchLeyline+1"],"picked":"Singing Bowl","floor":47},{"not_picked":["AlicesGift+1"],"picked":"Singing Bowl","floor":48}],"player_experience":116535,"relics_obtained":[{"floor":6.0,"key":"ReplayTheSpireMod:TigerMarble"},{"floor":6.0,"key":"testmod-ArcanaOfDestiny"},{"floor":8.0,"key":"testmod-HeartOfDaVinci"},{"floor":10.0,"key":"Blood Vial"},{"floor":15.0,"key":"Bronze Scales"},{"floor":16.0,"key":"testmod-ThousandKnives"},{"floor":24.0,"key":"Ninja Scroll"},{"floor":26.0,"key":"Regal Pillow"},{"floor":28.0,"key":"Lantern"},{"floor":28.0,"key":"testmod-OneHitWonder"},{"floor":41.0,"key":"Akabeko"},{"floor":41.0,"key":"Pen Nib"},{"floor":43.0,"key":"Singing Bowl"},{"floor":44.0,"key":"Molten Egg 2"},{"floor":44.0,"key":"Happy Flower"},{"floor":45.0,"key":"REME_IWantAll"},{"floor":47,"key":"ReplayTheSpireMod:Ninjato"},{"floor":47,"key":"King of Hearts"}],"event_choices":[{"damage_healed":0.0,"max_hp_gain":0.0,"max_hp_loss":0.0,"gold_gain":0.0,"event_name":"WeMeetAgain","player_choice":"Gave Potion","floor":3.0,"gold_loss":0.0,"damage_taken":0.0,"relics_obtained":["Smiling Mask"]},{"damage_healed":0.0,"max_hp_gain":0.0,"max_hp_loss":0.0,"gold_gain":0.0,"event_name":"给自己的盒子","player_choice":"Ignored","floor":36.0,"gold_loss":0.0,"damage_taken":0.0},{"damage_healed":0.0,"max_hp_gain":0.0,"max_hp_loss":0.0,"gold_gain":0.0,"event_name":"Duplicator","player_choice":"Copied","floor":37.0,"gold_loss":0.0,"damage_taken":0.0,"cards_obtained":["EnergyFlow"]},{"damage_healed":0.0,"max_hp_gain":0.0,"max_hp_loss":0.0,"gold_gain":0.0,"event_name":"Mysterious Sphere","player_choice":"Fight","floor":45.0,"gold_loss":0.0,"damage_taken":0.0},{"damage_healed":0.0,"max_hp_gain":0.0,"max_hp_loss":0.0,"gold_gain":0.0,"event_name":"SensoryStone","player_choice":"Memory 3","floor":46.0,"gold_loss":0.0,"damage_taken":10.0}],"is_beta":false,"boss_relics":[{"not_picked":["testmod-IncinerationGenerator","SlaversCollar"],"picked":"Busted Crown"},{"not_picked":["testmod-Prudence","testmod-TimeTraveler"],"picked":"testmod-SaigiyounoYou"}],"items_purged_floors":[5,20,27],"is_endless":false,"potions_floor_spawned":[2,4,10,11,13,19,22,28,31,39,41,45],"ascension_level":0}}