{"host":"q4axc00jr2bozlh9","time":1610309047,"event":{"mods":["AchievementEnabler","BaseMod","Bestiary","Colored Map","Colored Powertips","Curses Come First","Minty Spire (QoL Compilation)","Relic Stats","StSLib","SuperFastMode","UnlockEverythingMod"],"gold_per_floor":[110,122,122,72,24,24,47,87,110,110,285,120,120,145,145,145,145],"floor_reached":16,"playtime":1039,"items_purged":["Doubt"],"score":98,"play_id":"6cc0682e-39ac-4c26-86ee-bb12b9191609","local_time":"20210110210407","is_ascension_mode":false,"campfire_choices":[{"data":"Armaments","floor":6,"key":"SMITH"},{"data":"Whirlwind","floor":10,"key":"SMITH"},{"data":"True Grit","floor":13,"key":"SMITH"},{"floor":15,"key":"REST"}],"circlet_count":0,"master_deck":["Strike_R","Strike_R","Defend_R","Defend_R","Defend_R","Defend_R","Bash","Whirlwind+1","Armaments+1","True Grit+1","Inflame","Bloodletting","Dropkick","Thunderclap","Rupture"],"relics":["Burning Blood","Golden Idol","Smiling Mask","Red Skull"],"acts_visited":["Exordium"],"potions_floor_usage":[16],"damage_taken":[{"damage":0,"enemies":"Small Slimes","floor":1,"turns":3},{"damage":1,"enemies":"Jaw Worm","floor":2,"turns":5},{"damage":0,"enemies":"2 Louse","floor":7,"turns":4},{"damage":20,"enemies":"3 Sentries","floor":8,"turns":6},{"damage":3,"enemies":"Gremlin Gang","floor":14,"turns":2},{"damage":82,"enemies":"The Guardian","floor":16,"turns":10}],"seed_played":"3344677446844695315","potions_obtained":[{"floor":1,"key":"Regen Potion"}],"is_trial":false,"path_per_floor":["M","M","?","?","$","R","M","E","T","R","?","$","R","M","R","B"],"character_chosen":"IRONCLAD","items_purchased":["True Grit","Dropkick","Thunderclap"],"campfire_rested":1,"item_purchase_floors":[5,12,12],"current_hp_per_floor":[62,67,47,47,47,47,53,39,39,39,39,39,39,42,66,0,0],"gold":145,"neow_bonus":"REMOVE_TWO","is_daily":false,"chose_seed":false,"campfire_upgraded":3,"win_rate":0.0,"timestamp":1610309047,"path_taken":["M","M","?","?","?","R","?","E","T","R","?","$","R","M","R","BOSS"],"items_purchased_type":["Card","Card","Card"],"build_version":"2020-12-22","purchased_purges":1,"victory":false,"max_hp_per_floor":[80,80,80,80,80,80,80,80,80,80,80,80,80,80,80,80,80],"relic_stats":{"counters":[6,30],"Golden Idol":18,"Smiling Mask":25,"obtain_stats":[{"Golden Idol":3,"Smiling Mask":8,"Burning Blood":0,"Red Skull":9},{"Golden Idol":2,"Smiling Mask":4,"Burning Blood":0,"Red Skull":4},{"Golden Idol":8,"Smiling Mask":18,"Burning Blood":0,"Red Skull":18}],"Burning Blood":30},"card_choices":[{"not_picked":["Heavy Blade","Havoc"],"picked":"Whirlwind","floor":1},{"not_picked":["Iron Wave","Burning Pact"],"picked":"Armaments","floor":2},{"not_picked":["Heavy Blade","True Grit"],"picked":"Inflame","floor":7},{"not_picked":["True Grit","Havoc"],"picked":"Bloodletting","floor":8},{"not_picked":["True Grit","Clothesline"],"picked":"Rupture","floor":14}],"player_experience":213037,"relics_obtained":[{"floor":8,"key":"Smiling Mask"},{"floor":9,"key":"Red Skull"}],"event_choices":[{"damage_healed":0,"gold_gain":0,"player_choice":"Take Damage","damage_taken":20,"relics_obtained":["Golden Idol"],"max_hp_gain":0,"max_hp_loss":0,"event_name":"Golden Idol","floor":3,"gold_loss":0},{"cards_removed":["Strike_R"],"damage_healed":0,"gold_gain":0,"player_choice":"Card Removal","damage_taken":0,"max_hp_gain":0,"max_hp_loss":0,"event_name":"The Cleric","floor":4,"gold_loss":50},{"damage_healed":0,"gold_gain":175,"player_choice":"AGREE","damage_taken":0,"max_hp_gain":0,"max_hp_loss":0,"event_name":"Liars Game","floor":11,"gold_loss":0,"cards_obtained":["Doubt"]}],"is_beta":false,"boss_relics":[],"items_purged_floors":[12],"is_endless":false,"potions_floor_spawned":[1],"killed_by":"The Guardian","ascension_level":0}}