{"host":"3q8x5nua6nulvkr6","time":1610273773,"event":{"mods":["Aspiration","BaseMod","Better Note","BetterRewards","Colored Map","Colored Powertips","Conspire","GifTheSpireLib","Hubris","Infinite Spire","Minty Spire (QoL Compilation)","Rare Cards Sparkle","Replay The Spire","StSLib","Stuff the Spire","Wandering Minibosses"],"gold_per_floor":[114,114,39,39,54,87,105,135,135,166,241,259,259,276,276,377,377,388,402,402,413,133,460,478,510,578,578,597,597,608,707,707,812,812,826,33,52,52,63,63,63,63,136,136,164,183,208,220,220,270],"floor_reached":51,"playtime":2980,"items_purged":["Eviscerate","Regret","Blade Dance","Clothesline"],"score":892,"play_id":"364ee24c-bedc-4f91-8437-1777bfe1f276","local_time":"20210110051613","daily_mods":["SealedDeck","Red Cards","Green Cards","Blue Cards","Purple Cards","Colorless Cards"],"is_ascension_mode":false,"campfire_choices":[{"data":"infinitespire:OneForAll","floor":13,"key":"SMITH"},{"data":"CrushJoints","floor":15,"key":"SMITH"},{"data":"Replay:Fractal Strike","floor":27,"key":"SMITH"},{"data":"Adrenaline","floor":32,"key":"SMITH"},{"data":"Hyperbeam","floor":40,"key":"SMITH"},{"data":"Hyperbeam","floor":42,"key":"SMITH"}],"circlet_count":0,"master_deck":["Leap","Shrug It Off","FollowUp","CrushJoints+1","Clash","infinitespire:OneForAll+1","Adrenaline+1","Replay:Fractal Strike+1","Scrape+1","SashWhip+1","Hyperbeam+1","Hyperbeam+1","StuffTheSpire:Incineration+1","Reprogram+1","hubris:DuctTapeCard"],"relics":["Burning Blood","hubris:Towel","StuffTheSpire:RedRose","Replay:Kaleidoscope","conspire:TopHat","Akabeko","InkBottle","Busted Crown","Blue Doll","Old Coin","Onion Ring","aspiration:FetidBarrel","wanderingMiniBosses:CarrionFlame","hubris:EmptyBottle","conspire:Flyswatter","StuffTheSpire:Barrel","hubris:MobiusCoin","hubris:DuctTape","aspiration:TomeofQuesting","Potion Belt"],"acts_visited":["Exordium","TheCity","TheBeyond"],"potions_floor_usage":[6,18,18,35,47,47,47,50,50,50],"damage_taken":[{"damage":0,"enemies":"conspire:RoseBush","floor":1,"turns":2},{"damage":0,"enemies":"Jaw Worm","floor":5,"turns":1},{"damage":15,"enemies":"Gremlin Nob","floor":6,"turns":4},{"damage":0,"enemies":"Small Slimes","floor":7,"turns":2},{"damage":10,"enemies":"Lagavulin","floor":8,"turns":7},{"damage":0,"enemies":"Replay:BlueRogue","floor":10,"turns":3},{"damage":2,"enemies":"Exordium Wildlife","floor":12,"turns":3},{"damage":5,"enemies":"Red Slaver","floor":14,"turns":2},{"damage":40,"enemies":"Hexaghost","floor":16,"turns":7},{"damage":17,"enemies":"Shell Parasite","floor":18,"turns":5},{"damage":5,"enemies":"2 Thieves","floor":19,"turns":3},{"damage":0,"enemies":"Centurion and Healer","floor":21,"turns":3},{"damage":0,"enemies":"Slavers","floor":23,"turns":3},{"damage":0,"enemies":"Snecko","floor":24,"turns":2},{"damage":0,"enemies":"Book of Stabbing","floor":25,"turns":3},{"damage":0,"enemies":"Sentry and Sphere","floor":28,"turns":2},{"damage":0,"enemies":"Cultist and Chosen","floor":30,"turns":2},{"damage":3,"enemies":"Champ","floor":33,"turns":3},{"damage":16,"enemies":"3 Darklings","floor":35,"turns":3},{"damage":0,"enemies":"3 Shapes","floor":37,"turns":1},{"damage":0,"enemies":"3 Darklings","floor":39,"turns":1},{"damage":0,"enemies":"R_Hoarder","floor":45,"turns":5},{"damage":3,"enemies":"Sphere and 2 Shapes","floor":46,"turns":1},{"damage":20,"enemies":"Nemesis","floor":47,"turns":3},{"damage":0,"enemies":"Writhing Mass","floor":48,"turns":2},{"damage":54,"enemies":"infinitespire:MassOfShapes","floor":50,"turns":7}],"seed_played":"6981938839845064098","potions_obtained":[{"floor":1,"key":"Swift Potion"},{"floor":6,"key":"BlessingOfTheForge"},{"floor":16,"key":"Weak Potion"},{"floor":18,"key":"Fruit Juice"},{"floor":21,"key":"ElixirPotion"},{"floor":28,"key":"Toxic Potion"},{"floor":37,"key":"SkillPotion"},{"floor":47,"key":"SkillPotion"}],"is_trial":true,"path_per_floor":["M","?","$","?","M","E","M","E","T","E","?","M","R","M","R","B",null,"M","M","AVR","M","$","E","M","E","T","R","M","?","M","?","R","B",null,"M","$","M","?","M","R","T","R","T","$","E","M","E","M","R_BF","B",null],"character_chosen":"IRONCLAD","items_purchased":["Scrape","Blue Doll","Hyperbeam","hubris:EmptyBottle","conspire:Flyswatter","StuffTheSpire:Barrel"],"campfire_rested":0,"item_purchase_floors":[22,22,36,36,36,36],"current_hp_per_floor":[80,80,80,80,80,71,77,73,73,79,68,72,72,73,73,39,80,74,75,75,81,81,85,85,85,85,85,85,85,85,85,85,85,85,75,75,85,85,85,85,85,85,85,85,85,85,71,77,85,37],"gold":270,"neow_bonus":"","is_daily":false,"chose_seed":false,"campfire_upgraded":6,"win_rate":0.0,"timestamp":1610273773,"path_taken":["M","?","$","?","M","E","M","E","T","E","?","M","R","M","R","BOSS","M","M","AVR","M","$","E","M","E","T","R","M","?","M","?","R","BOSS","M","$","M","?","M","R","?","R","T","?","E","M","E","M","R_BF","BOSS"],"items_purchased_type":["Card","Relic","Card","Relic","Relic","Relic"],"build_version":"2020-12-22","purchased_purges":4,"victory":true,"max_hp_per_floor":[80,80,80,80,80,80,80,80,80,80,80,80,80,80,80,80,80,85,85,85,85,85,85,85,85,85,85,85,85,85,85,85,85,85,85,85,85,85,85,85,85,85,85,85,85,85,85,85,85,85],"card_choices":[{"not_picked":["hubris:Ssssneak","Deadly Poison"],"picked":"Clash","floor":1},{"not_picked":["Meditate","FollowUp"],"picked":"infinitespire:OneForAll","floor":5},{"not_picked":["Havoc","Sanctity","Slice"],"picked":"SKIP","floor":6},{"not_picked":["SashWhip","Underhanded Strike","ReplayTheSpireMod:Shiv Toss"],"picked":"SKIP","floor":7},{"not_picked":["Protect","hubris:CleavingFinish"],"picked":"Adrenaline","floor":8},{"not_picked":["Sucker Punch","SashWhip","Blade Dance"],"picked":"SKIP","floor":10},{"not_picked":["ReplayTheSpireMod:Limb From Limb","Replay:Undeath\u0027s Touch","Flex"],"picked":"SKIP","floor":12},{"not_picked":["Consecrate","True Grit","Capacitor"],"picked":"SKIP","floor":14},{"not_picked":["All Out Attack"],"picked":"SKIP","floor":18},{"not_picked":["Replay:AtTheReady"],"picked":"SKIP","floor":19},{"not_picked":["Replay:AtTheReady"],"picked":"SKIP","floor":21},{"not_picked":["Wild Strike"],"picked":"SKIP","floor":23},{"not_picked":["Coolheaded+1"],"picked":"SKIP","floor":24},{"not_picked":["Redo"],"picked":"SKIP","floor":25},{"not_picked":[],"picked":"SashWhip+1","floor":28},{"not_picked":["StuffTheSpire:Python"],"picked":"SKIP","floor":30},{"not_picked":["Evolve+1"],"picked":"SKIP","floor":35},{"not_picked":[],"picked":"StuffTheSpire:Incineration+1","floor":37},{"not_picked":[],"picked":"Reprogram+1","floor":39},{"not_picked":["Life Link+1"],"picked":"SKIP","floor":45},{"not_picked":["Blizzard"],"picked":"SKIP","floor":46},{"not_picked":["StuffTheSpire:NuclearReactor+1"],"picked":"SKIP","floor":47},{"not_picked":["StuffTheSpire:Incineration+1"],"picked":"SKIP","floor":48},{"not_picked":["StuffTheSpire:Incineration+1"],"picked":"SKIP","floor":48}],"player_experience":1044772,"relics_obtained":[{"floor":6,"key":"Replay:Kaleidoscope"},{"floor":8,"key":"conspire:TopHat"},{"floor":9,"key":"Akabeko"},{"floor":10,"key":"InkBottle"},{"floor":23,"key":"Old Coin"},{"floor":25,"key":"Onion Ring"},{"floor":26,"key":"aspiration:FetidBarrel"},{"floor":35,"key":"wanderingMiniBosses:CarrionFlame"},{"floor":41,"key":"hubris:MobiusCoin"},{"floor":43,"key":"hubris:DuctTape"},{"floor":45,"key":"aspiration:TomeofQuesting"},{"floor":47,"key":"Potion Belt"}],"event_choices":[{"damage_healed":0,"gold_gain":75,"player_choice":"Gather Gold","damage_taken":11,"max_hp_gain":0,"max_hp_loss":0,"event_name":"World of Goop","floor":11,"gold_loss":0},{"cards_removed":["infinitespire:OneForAll"],"damage_healed":0,"gold_gain":0,"player_choice":"Give","damage_taken":0,"max_hp_gain":0,"max_hp_loss":0,"event_name":"betterNote:BetterNote","floor":29,"gold_loss":0,"cards_obtained":["StuffTheSpire:ShieldGenerator"]},{"damage_healed":0,"gold_gain":99,"player_choice":"Stole From Cult","damage_taken":0,"max_hp_gain":0,"max_hp_loss":0,"event_name":"Nest","floor":31,"gold_loss":0},{"cards_removed":["Inflame"],"damage_healed":0,"gold_gain":0,"player_choice":"Removed Power","damage_taken":0,"max_hp_gain":0,"max_hp_loss":0,"event_name":"Falling","floor":38,"gold_loss":0}],"is_beta":false,"boss_relics":[{"not_picked":["Sozu","Mark of Pain"],"picked":"Busted Crown"},{"not_picked":["Astrolabe","Snecko Eye","Ring of Chaos"]}],"items_purged_floors":[3,20,22,36],"is_endless":false,"potions_floor_spawned":[1,6,16,18,21,28,37,39,47],"ascension_level":0}}