{"host":"h0xw20cia6ppa69g","time":1610272430,"event":{"mods":["AchievementEnabler","BaseMod","Colored Map","Filter the Spire","Googly Eyes","Minty Spire (QoL Compilation)","Relic Stats","StSLib","The Awakened One except there are too many feathers","everything is the same but u backflip on backflip"],"gold_per_floor":[112,132,150,170,170,201,218,551,576,602,614,633,648,677,677,777,777,792,369,384,398,497,497,524,539,563,590,610,643,643,657,657,759,759,770,65,65,65,80,112,123,123,201,218,218,246,272,284,284],"floor_reached":48,"playtime":2790,"items_purged":[],"score":772,"play_id":"e7264ca7-7b4d-4287-8de6-3d1f1887d21a","local_time":"20210110035350","is_ascension_mode":true,"campfire_choices":[{"data":"Darkness","floor":15.0,"key":"SMITH"},{"data":"Biased Cognition","floor":23.0,"key":"SMITH"},{"data":"Consume","floor":30.0,"key":"SMITH"},{"data":"Hologram","floor":32.0,"key":"SMITH"},{"floor":42.0,"key":"RECALL"},{"data":"Hologram","floor":45.0,"key":"SMITH"}],"circlet_count":0,"master_deck":["Dualcast","Glacier","Doom and Gloom","Rainbow","Thunder Strike","Sweeping Beam","BootSequence","Coolheaded","Compile Driver","Chaos","Steam","Turbo","Recycle","Static Discharge","Ball Lightning","Blizzard","Genetic Algorithm","Hologram+1","Tempest","Darkness+1","Biased Cognition+1","Defragment","Barrage","Steam+1","Lockon","Consume+1","Capacitor+1","Leap","Go for the Eyes+1","Skim","Echo Form","Defragment","Defragment","Recycle","Madness","Madness","Force Field","Redo+1","Hologram+1","White Noise","Stack+1"],"relics":["Pandora\u0027s Box","FossilizedHelix","Old Coin","Potion Belt","Strawberry","MealTicket","Black Star","ClockworkSouvenir","Orichalcum","PreservedInsect","Bottled Flame","Lantern","Art of War","Darkstone Periapt","Oddly Smooth Stone","Ginger","SlaversCollar","OrangePellets","DataDisk","Cables","Regal Pillow","Pantograph","MawBank","Gremlin Horn"],"acts_visited":["Exordium","TheCity","TheBeyond"],"potions_floor_usage":[46],"damage_taken":[{"damage":0.0,"enemies":"Cultist","floor":1.0,"turns":3.0},{"damage":0.0,"enemies":"Jaw Worm","floor":2.0,"turns":6.0},{"damage":0.0,"enemies":"2 Louse","floor":3.0,"turns":2.0},{"damage":0.0,"enemies":"Large Slime","floor":4.0,"turns":5.0},{"damage":32.0,"enemies":"Gremlin Nob","floor":6.0,"turns":5.0},{"damage":0.0,"enemies":"Red Slaver","floor":7.0,"turns":3.0},{"damage":0.0,"enemies":"3 Sentries","floor":8.0,"turns":3.0},{"damage":0.0,"enemies":"Lagavulin","floor":10.0,"turns":8.0},{"damage":0.0,"enemies":"Exordium Thugs","floor":11.0,"turns":3.0},{"damage":0.0,"enemies":"Large Slime","floor":12.0,"turns":7.0},{"damage":0.0,"enemies":"Blue Slaver","floor":13.0,"turns":3.0},{"damage":9.0,"enemies":"3 Sentries","floor":14.0,"turns":5.0},{"damage":16.0,"enemies":"Hexaghost","floor":16.0,"turns":11.0},{"damage":7.0,"enemies":"2 Thieves","floor":18.0,"turns":4.0},{"damage":0.0,"enemies":"Chosen","floor":20.0,"turns":6.0},{"damage":18.0,"enemies":"Snake Plant","floor":21.0,"turns":3.0},{"damage":6.0,"enemies":"Slavers","floor":24.0,"turns":6.0},{"damage":8.0,"enemies":"Cultist and Chosen","floor":25.0,"turns":8.0},{"damage":6.0,"enemies":"Book of Stabbing","floor":27.0,"turns":5.0},{"damage":0.0,"enemies":"Shelled Parasite and Fungi","floor":28.0,"turns":4.0},{"damage":0.0,"enemies":"Slavers","floor":29.0,"turns":5.0},{"damage":0.0,"enemies":"Centurion and Healer","floor":31.0,"turns":6.0},{"damage":23.0,"enemies":"Automaton","floor":33.0,"turns":11.0},{"damage":0.0,"enemies":"Orb Walker","floor":35.0,"turns":6.0},{"damage":0.0,"enemies":"3 Shapes","floor":39.0,"turns":11.0},{"damage":6.0,"enemies":"Nemesis","floor":40.0,"turns":11.0},{"damage":27.0,"enemies":"Transient","floor":41.0,"turns":5.0},{"damage":4.0,"enemies":"Sphere and 2 Shapes","floor":44.0,"turns":3.0},{"damage":30,"enemies":"Reptomancer","floor":46,"turns":6},{"damage":0,"enemies":"Writhing Mass","floor":47,"turns":4},{"damage":6,"enemies":"Nemesis","floor":48,"turns":1}],"seed_played":"-6822398309010684169","potions_obtained":[{"floor":4.0,"key":"Strength Potion"},{"floor":6.0,"key":"AttackPotion"},{"floor":7.0,"key":"LiquidMemories"},{"floor":11.0,"key":"Energy Potion"},{"floor":12.0,"key":"Explosive Potion"},{"floor":18.0,"key":"SteroidPotion"},{"floor":24.0,"key":"Block Potion"},{"floor":28.0,"key":"SteroidPotion"},{"floor":29.0,"key":"CultistPotion"},{"floor":39.0,"key":"EssenceOfSteel"},{"floor":40.0,"key":"CultistPotion"},{"floor":47,"key":"AttackPotion"}],"is_trial":false,"path_per_floor":["M","M","M","M","?","E","M","E","T","E","M","M","M","E","R","B",null,"M","$","M","M","?","R","E","M","T","E","M","E","R","M","R","B",null,"M","$","?","?","M","E","M","R","T","M","R","E","M","E"],"character_chosen":"DEFECT","items_purchased":["ClockworkSouvenir","Defragment","Orichalcum","Barrage","OrangePellets","DataDisk","Defragment","Cables","Recycle"],"campfire_rested":0,"item_purchase_floors":[19,19,19,19,36,36,36,36,36],"current_hp_per_floor":[75,75,75,75,75,43,43,43,43,50,50,50,50,41,41,25,82,75,82,82,64,64,64,58,50,50,44,44,44,44,44,44,21,82,82,82,72,72,72,66,39,39,39,35,35,5,5,0,0],"gold":284,"neow_bonus":"BOSS_RELIC","is_daily":false,"chose_seed":false,"campfire_upgraded":5,"win_rate":0.0,"timestamp":1610272430,"path_taken":["M","M","?","M","?","E","M","E","T","E","M","?","M","E","R","BOSS","M","$","M","M","?","R","E","M","T","E","M","E","R","M","R","BOSS","M","$","?","?","?","E","M","R","T","M","R","E","M","E"],"items_purchased_type":["Relic","Card","Relic","Card","Relic","Relic","Card","Relic","Card"],"build_version":"2020-12-22","purchased_purges":0,"victory":false,"max_hp_per_floor":[75,75,75,75,75,75,75,75,75,82,82,82,82,82,82,82,82,82,82,82,82,82,82,82,82,82,82,82,82,82,82,82,82,82,82,82,82,82,82,82,82,82,82,82,82,82,82,82,82],"relic_stats":{"Darkstone Periapt":0,"Regal Pillow":0,"Gremlin Horn":[0,0],"counters":[31,169],"PreservedInsect":232,"Ginger":[5],"Orichalcum":[210],"MawBank":24,"Cables":[36,5,4,27,0],"OrangePellets":[2],"Pantograph":0,"Pandora\u0027s Box":["Glacier","Doom and Gloom","Rainbow","Thunder Strike","Scrape","Sweeping Beam","BootSequence","Coolheaded"],"MealTicket":7,"Black Star":5,"Art of War":[22],"obtain_stats":[{"Darkstone Periapt":27,"Lantern":26,"Regal Pillow":40,"Gremlin Horn":46,"Ginger":29,"Old Coin":8,"ClockworkSouvenir":19,"Strawberry":10,"Pantograph":40,"MealTicket":14,"Cracked Core":0,"Potion Belt":9,"Oddly Smooth Stone":29,"PreservedInsect":24,"Orichalcum":19,"MawBank":46,"Cables":36,"SlaversCollar":34,"OrangePellets":36,"Bottled Flame":24,"DataDisk":36,"Pandora\u0027s Box":0,"Black Star":17,"Art of War":27,"FossilizedHelix":6},{"Darkstone Periapt":19,"Lantern":18,"Regal Pillow":26,"Gremlin Horn":29,"Ginger":21,"Old Coin":7,"ClockworkSouvenir":14,"Strawberry":8,"Pantograph":26,"MealTicket":12,"Cracked Core":0,"Potion Belt":7,"Oddly Smooth Stone":21,"PreservedInsect":17,"Orichalcum":14,"MawBank":29,"Cables":24,"SlaversCollar":23,"OrangePellets":24,"Bottled Flame":17,"DataDisk":24,"Pandora\u0027s Box":0,"Black Star":13,"Art of War":19,"FossilizedHelix":5},{"Darkstone Periapt":96,"Lantern":91,"Regal Pillow":150,"Gremlin Horn":164,"Ginger":105,"Old Coin":27,"ClockworkSouvenir":68,"Strawberry":35,"Pantograph":150,"MealTicket":53,"Cracked Core":0,"Potion Belt":27,"Oddly Smooth Stone":105,"PreservedInsect":83,"Orichalcum":68,"MawBank":164,"Cables":128,"SlaversCollar":122,"OrangePellets":128,"Bottled Flame":83,"DataDisk":128,"Pandora\u0027s Box":0,"Black Star":64,"Art of War":96,"FossilizedHelix":21}]},"card_choices":[{"not_picked":["Beam Cell","Gash"],"picked":"Compile Driver","floor":1.0},{"not_picked":["Stack","Force Field"],"picked":"Chaos","floor":2.0},{"not_picked":["Gash","Sweeping Beam"],"picked":"Steam","floor":3.0},{"not_picked":["Genetic Algorithm","Stack"],"picked":"Turbo","floor":4.0},{"not_picked":["Glacier","Gash"],"picked":"Recycle","floor":6.0},{"not_picked":["Sunder","Streamline"],"picked":"Static Discharge","floor":7.0},{"not_picked":["Coolheaded","FTL"],"picked":"Ball Lightning","floor":8.0},{"not_picked":["Fission","Go for the Eyes"],"picked":"Blizzard","floor":10.0},{"not_picked":["Sweeping Beam","Reprogram"],"picked":"Genetic Algorithm","floor":11.0},{"not_picked":["Steam","Reprogram"],"picked":"Hologram","floor":12.0},{"not_picked":["Coolheaded","Ball Lightning"],"picked":"Tempest","floor":13.0},{"not_picked":["Reboot","Coolheaded"],"picked":"Darkness","floor":14.0},{"not_picked":["Multi-Cast","Thunder Strike"],"picked":"Biased Cognition","floor":16.0},{"not_picked":["Compile Driver","Streamline","Steam"],"picked":"SKIP","floor":18.0},{"not_picked":["Compile Driver","Streamline","Steam"],"picked":"SKIP","floor":18.0},{"not_picked":["Stack","Compile Driver"],"picked":"Steam+1","floor":20.0},{"not_picked":["Stack","Go for the Eyes"],"picked":"Lockon","floor":21.0},{"not_picked":["Scrape","Hyperbeam"],"picked":"Consume","floor":24.0},{"not_picked":["Coolheaded","Ball Lightning","Streamline"],"picked":"SKIP","floor":25.0},{"not_picked":["Barrage","Lockon"],"picked":"Capacitor+1","floor":27.0},{"not_picked":["Cold Snap+1","Undo"],"picked":"Leap","floor":28.0},{"not_picked":["Cold Snap","Redo"],"picked":"Go for the Eyes+1","floor":29.0},{"not_picked":["Fission","Stack"],"picked":"Skim","floor":31.0},{"not_picked":["Biased Cognition","Hyperbeam"],"picked":"Echo Form","floor":33.0},{"not_picked":["Skim","Go for the Eyes+1"],"picked":"Defragment","floor":35.0},{"not_picked":["Stack","Scrape+1","Beam Cell+1"],"picked":"SKIP","floor":39.0},{"not_picked":["Streamline+1","Hologram+1"],"picked":"Force Field","floor":40.0},{"not_picked":["Coolheaded","FTL"],"picked":"Redo+1","floor":41.0},{"not_picked":["Ball Lightning+1","Compile Driver"],"picked":"Hologram","floor":44.0},{"not_picked":["Beam Cell+1","Melter+1"],"picked":"White Noise","floor":46},{"not_picked":["Ball Lightning+1","Go for the Eyes"],"picked":"Stack+1","floor":47}],"player_experience":3670303,"relics_obtained":[{"floor":6.0,"key":"FossilizedHelix"},{"floor":8.0,"key":"Old Coin"},{"floor":9.0,"key":"Potion Belt"},{"floor":10.0,"key":"Strawberry"},{"floor":14.0,"key":"MealTicket"},{"floor":24.0,"key":"PreservedInsect"},{"floor":24.0,"key":"Bottled Flame"},{"floor":26.0,"key":"Lantern"},{"floor":27.0,"key":"Art of War"},{"floor":27.0,"key":"Darkstone Periapt"},{"floor":29.0,"key":"Oddly Smooth Stone"},{"floor":29.0,"key":"Ginger"},{"floor":40.0,"key":"Regal Pillow"},{"floor":40.0,"key":"Pantograph"},{"floor":46,"key":"MawBank"},{"floor":46,"key":"Gremlin Horn"}],"event_choices":[{"cards_removed":["Zap"],"damage_healed":0.0,"max_hp_gain":0.0,"max_hp_loss":0.0,"gold_gain":0.0,"event_name":"Purifier","player_choice":"Purged","floor":5.0,"gold_loss":0.0,"damage_taken":0.0},{"damage_healed":0.0,"max_hp_gain":0.0,"max_hp_loss":0.0,"gold_gain":99.0,"event_name":"Nest","player_choice":"Stole From Cult","floor":22.0,"gold_loss":0.0,"damage_taken":0.0},{"damage_healed":0.0,"max_hp_gain":0.0,"max_hp_loss":0.0,"gold_gain":0.0,"event_name":"Winding Halls","player_choice":"Embrace Madness","floor":37.0,"gold_loss":0.0,"damage_taken":10.0,"cards_obtained":["Madness","Madness"]},{"cards_removed":["Scrape"],"damage_healed":0.0,"max_hp_gain":0.0,"max_hp_loss":0.0,"gold_gain":0.0,"event_name":"Purifier","player_choice":"Purged","floor":38.0,"gold_loss":0.0,"damage_taken":0.0}],"is_beta":false,"boss_relics":[{"not_picked":["Empty Cage","Nuclear Battery"],"picked":"Black Star"},{"not_picked":["SacredBark","Coffee Dripper"],"picked":"SlaversCollar"}],"items_purged_floors":[],"is_endless":false,"potions_floor_spawned":[4,6,7,11,12,18,24,28,29,39,40,47],"killed_by":"Nemesis","ascension_level":1}}