{"host":"i0s8vbixp24k5aul","time":1610278133,"event":{"mods":["2.2 Compatiblity","Act Like it!","Arknights The Spire","Aspiration","BaseMod","Better Note","Better Third Choice","Better Vampires","BetterUpgradePreview","Colorless Booster Pack","Displayed Cursed Tome","GifTheSpireLib","Gremlin Mod","Halation","Hermit","Hubris","Jedi Mod","Minty Spire (QoL Compilation)","Optimize The Spire","Random Character Mod","Shade Mod","StSLib","Stuff the Spire","Swap Starting Deck Mod","The Bug Knight","The Construct","The Cursed","The Disciple","The Mystic","TheHero","TheWitcher","vexMod","??????REMEMod"],"gold_per_floor":[119,119,131,131,131,131,141,175,175,175,175,187,187,43,43,119,119,130,130,148,164,164,197,214,214,241,241,272,285,285,318,318,396,396,413,433,478,488,488,514,514,544,544,560,560,578,592,441,441,381],"floor_reached":51,"playtime":2311,"items_purged":[],"score":1520,"play_id":"89339a1a-d4f7-4a8d-92c3-8581d4624fb3","local_time":"20210110142853","is_ascension_mode":true,"campfire_choices":[{"data":"jedi:collectorvenom","floor":6,"key":"SMITH"},{"floor":10,"key":"REST"},{"data":"StuffTheSpire:Sprint","floor":13,"key":"SMITH"},{"data":"Survivor","floor":15,"key":"SMITH"},{"data":"Poisoned Stab","floor":25,"key":"SMITH"},{"floor":27,"key":"REST"},{"data":"Corpse Explosion","floor":30,"key":"SMITH"},{"floor":32,"key":"REST"},{"floor":41,"key":"REST"},{"floor":45,"key":"REST"},{"floor":49,"key":"REST"}],"circlet_count":0,"master_deck":["AscendersBane","Strike_G","Strike_G","Strike_G","Strike_G","Strike_G","Defend_G","Defend_G","Defend_G","Defend_G","Defend_G","Survivor+1","Neutralize+1","jedi:collectorvenom+1","Apotheosis+1","StuffTheSpire:Sprint+1","Cloak And Dagger+1","Corpse Explosion+1","Bandage Up+1","Blur+1","Poisoned Stab+1","Dagger Spray+1","All Out Attack+1","Phantasmal Killer","Envenom"],"relics":["Ring of the Snake","REME_ComplimentaryCards","aspiration:Nostalgia","hermit:Momento","hubris:Towel","StuffTheSpire:WitherSkull","Bronze Scales","jedi:ghostblades","vexMod:PaidLearning","aspiration:PoetsPen_weak","MutagenicStrength","SnafuTest:CatRelic","StuffTheSpire:Mouthbags","Kunai","Vajra","vexMod:CursedCompass","hubris:Spice","StuffTheSpire:GreaterSneckoEye","hubris:Metronome","REME_OnlineShoppingPlatform"],"acts_visited":["Exordium","TheCity","TheBeyond"],"potions_floor_usage":[16,23,23,28,28,31,33,37,50,50,50],"damage_taken":[{"damage":3,"enemies":"Small Slimes","floor":1,"turns":5},{"damage":7,"enemies":"Jaw Worm","floor":3,"turns":9},{"damage":6,"enemies":"2 Louse","floor":7,"turns":3},{"damage":24,"enemies":"Gremlin Nob","floor":8,"turns":6},{"damage":11,"enemies":"Exordium Thugs","floor":12,"turns":8},{"damage":0,"enemies":"The Guardian","floor":16,"turns":15},{"damage":3,"enemies":"Chosen","floor":18,"turns":8},{"damage":16,"enemies":"Spheric Guardian","floor":20,"turns":4},{"damage":0,"enemies":"3 Cultists","floor":21,"turns":3},{"damage":20,"enemies":"Book of Stabbing","floor":23,"turns":5},{"damage":2,"enemies":"Centurion and Healer","floor":24,"turns":6},{"damage":8,"enemies":"Slavers","floor":28,"turns":4},{"damage":15,"enemies":"Snake Plant","floor":29,"turns":3},{"damage":3,"enemies":"HollowMod:Nosk","floor":31,"turns":5},{"damage":66,"enemies":"hubris:MusketHawk","floor":33,"turns":8},{"damage":6,"enemies":"3 Shapes","floor":35,"turns":3},{"damage":4,"enemies":"3 Darklings","floor":36,"turns":2},{"damage":38,"enemies":"2 Orb Walkers","floor":37,"turns":3},{"damage":0,"enemies":"Transient","floor":38,"turns":5},{"damage":0,"enemies":"Reptomancer","floor":40,"turns":2},{"damage":24,"enemies":"HollowMod:StalkingDevout","floor":42,"turns":5},{"damage":5,"enemies":"Spire Growth","floor":44,"turns":3},{"damage":0,"enemies":"Jaw Worm Horde","floor":46,"turns":1},{"damage":2,"enemies":"Spire Growth","floor":47,"turns":3},{"damage":6,"enemies":"Awakened One","floor":50,"turns":8}],"seed_played":"6993323831213941684","potions_obtained":[{"floor":3,"key":"Dexterity Potion"},{"floor":8,"key":"EssenceOfSteel"},{"floor":16,"key":"LiquidBronze"},{"floor":23,"key":"LiquidMemories"},{"floor":24,"key":"SpeedPotion"},{"floor":29,"key":"PowerPotion"},{"floor":31,"key":"BlessingOfTheForge"},{"floor":35,"key":"FearPotion"},{"floor":36,"key":"GhostInAJar"},{"floor":40,"key":"SpeedPotion"}],"is_trial":false,"path_per_floor":["M","?","M","T","?","R","M","E","T","R","?","M","R","$","R","B",null,"M","?","M","M","?","E","M","R","T","R","E","M","R","E","R","B",null,"M","M","?","M","?","E","R","E","T","M","R","M","M","$","R","B",null],"character_chosen":"THE_SILENT","items_purchased":["vexMod:PaidLearning","REME_OnlineShoppingPlatform"],"campfire_rested":6,"item_purchase_floors":[14,48],"current_hp_per_floor":[60,60,53,53,53,53,47,23,23,44,80,69,69,69,69,69,77,74,74,64,70,70,56,60,60,60,80,72,57,57,54,78,18,65,59,55,31,37,17,25,53,35,35,36,62,62,66,66,88,86],"gold":381,"neow_bonus":"NOSTALGIA","is_daily":false,"chose_seed":false,"campfire_upgraded":5,"win_rate":0.0,"timestamp":1610278133,"path_taken":["M","?","M","?","?","R","?","E","T","R","?","M","R","$","R","BOSS","M","?","M","M","?","E","M","R","T","R","E","M","R","E","R","BOSS","M","M","?","M","?","E","R","E","T","M","R","?","M","$","R","BOSS"],"items_purchased_type":["Relic","Relic"],"build_version":"2020-12-22","purchased_purges":0,"victory":true,"max_hp_per_floor":[70,70,70,70,70,70,70,70,70,70,80,80,80,80,80,80,80,80,80,80,80,80,80,80,80,80,80,80,80,80,80,80,80,80,80,80,88,88,88,96,96,88,88,88,88,88,88,88,88,88],"card_choices":[{"not_picked":["StuffTheSpire:ClusterCrunch","Deadly Poison"],"picked":"jedi:collectorvenom","floor":1},{"not_picked":["Riddle With Holes","Outmaneuver"],"picked":"jedi:collectorvenom","floor":3},{"not_picked":["Prepared","jedi:poisonivy","StuffTheSpire:BumpUp"],"picked":"SKIP","floor":7},{"not_picked":["Quick Slash","Backflip"],"picked":"StuffTheSpire:Sprint","floor":8},{"not_picked":["Dagger Throw","Quick Slash"],"picked":"Cloak And Dagger","floor":12},{"not_picked":["Die Die Die","Phantasmal Killer"],"picked":"Corpse Explosion","floor":16},{"not_picked":["jedi:acidrain","Slice"],"picked":"Dagger Spray+1","floor":18},{"not_picked":["StuffTheSpire:Shiver+1","jedi:acidrain"],"picked":"jedi:collectorvenom+1","floor":20},{"not_picked":["PiercingWail","Choke"],"picked":"Blur+1","floor":21},{"not_picked":["Slice+1","jedi:studypoison"],"picked":"jedi:collectorvenom+1","floor":23},{"not_picked":["Quick Slash","Outmaneuver"],"picked":"Poisoned Stab","floor":24},{"not_picked":["Backflip","Cloak And Dagger+1"],"picked":"jedi:collectorvenom+1","floor":28},{"not_picked":["Sucker Punch","jedi:collectorvenom+1"],"picked":"All Out Attack+1","floor":29},{"not_picked":["aspiration:Lunge","Well Laid Plans"],"picked":"jedi:collectorvenom+1","floor":31},{"not_picked":["jedi:collectorvenom+1","Doppelganger"],"picked":"Phantasmal Killer","floor":33},{"not_picked":["Deflect","Dagger Throw"],"picked":"jedi:collectorvenom+1","floor":35},{"not_picked":["hubris:SlightOfHand","Escape Plan+1"],"picked":"jedi:collectorvenom+1","floor":36},{"not_picked":["Backflip","jedi:collectorvenom+1"],"picked":"Envenom","floor":37},{"not_picked":["Acrobatics","StuffTheSpire:Python"],"picked":"jedi:collectorvenom+1","floor":38},{"not_picked":["Acrobatics","StuffTheSpire:Shiver"],"picked":"jedi:collectorvenom+1","floor":40},{"not_picked":["StuffTheSpire:Incantation","Poisoned Stab+1"],"picked":"jedi:collectorvenom+1","floor":42},{"not_picked":["StuffTheSpire:ClusterCrunch+1","StuffTheSpire:Injection"],"picked":"jedi:collectorvenom+1","floor":44},{"not_picked":["Backstab","Predator+1"],"picked":"jedi:collectorvenom+1","floor":46},{"not_picked":["jedi:pocketpoison","Dagger Spray"],"picked":"jedi:collectorvenom+1","floor":47}],"player_experience":937919,"relics_obtained":[{"floor":4,"key":"StuffTheSpire:WitherSkull"},{"floor":8,"key":"Bronze Scales"},{"floor":9,"key":"jedi:ghostblades"},{"floor":23,"key":"SnafuTest:CatRelic"},{"floor":26,"key":"StuffTheSpire:Mouthbags"},{"floor":28,"key":"Kunai"},{"floor":31,"key":"Vajra"},{"floor":37,"key":"hubris:Spice"},{"floor":39,"key":"StuffTheSpire:GreaterSneckoEye"},{"floor":40,"key":"hubris:Spice"},{"floor":42,"key":"hubris:Spice"},{"floor":43,"key":"hubris:Metronome"}],"event_choices":[{"damage_healed":53,"gold_gain":0,"player_choice":"Embrace","damage_taken":0,"max_hp_gain":0,"max_hp_loss":70,"event_name":"betterThird:BetterShining","floor":5,"gold_loss":0},{"cards_removed":["ats:Wolf Pack"],"damage_healed":26,"gold_gain":0,"player_choice":"Offered Rare","damage_taken":0,"max_hp_gain":10,"max_hp_loss":0,"event_name":"Bonfire Elementals","floor":11,"gold_loss":0},{"cards_removed":["Apotheosis"],"damage_healed":0,"gold_gain":0,"player_choice":"Take \u0026 Give","damage_taken":0,"max_hp_gain":0,"max_hp_loss":0,"event_name":"betterNote:BetterNote","floor":19,"gold_loss":0,"cards_obtained":["Bandage Up"]},{"damage_healed":0,"gold_gain":0,"player_choice":"Inject Mutagens","damage_taken":0,"relics_obtained":["MutagenicStrength"],"max_hp_gain":0,"max_hp_loss":0,"event_name":"Drug Dealer","floor":22,"gold_loss":0},{"damage_healed":0,"gold_gain":0,"player_choice":"Fight","damage_taken":0,"max_hp_gain":0,"max_hp_loss":0,"event_name":"Mysterious Sphere","floor":37,"gold_loss":0}],"is_beta":false,"boss_relics":[{"not_picked":["halation:LoveArrow","aspiration:IroncladSkillbook"],"picked":"aspiration:PoetsPen_weak"},{"not_picked":["Pandora\u0027s Box","Empty Cage"],"picked":"vexMod:CursedCompass"}],"items_purged_floors":[],"is_endless":false,"potions_floor_spawned":[3,8,16,18,23,24,29,31,35,36,40],"ascension_level":13}}