{"host":"yptvp0rjza9g9li7","time":1610262308,"event":{"mods":["AchievementEnabler","BaseMod","Colored Map","Colored Powertips","DeckTracker","Minty Spire (QoL Compilation)","SuperFastMode"],"gold_per_floor":[113,131,146,164,174,192,204,222,222,151,151,164,164,181,181,276,276,294,2,2,12,12,12],"floor_reached":22,"playtime":1061,"items_purged":[],"score":184,"play_id":"3666bae9-8802-4f39-8480-aedd98de68ba","local_time":"20210110160508","is_ascension_mode":false,"campfire_choices":[{"floor":11,"key":"REST"},{"data":"Adaptation","floor":15,"key":"SMITH"}],"circlet_count":0,"master_deck":["Eruption","Indignation","Halt","Crescendo","FollowUp","PathToVictory","SashWhip","Evaluate","JustLucky","Conclude","Perseverance","ClearTheMind","Adaptation+1","DevaForm","DeceiveReality","MentalFortress","LikeWater","InnerPeace","BowlingBash","Meditate","Wallop","FlyingSleeves","Sanctity","Nirvana+1"],"relics":["PureWater","Pantograph","Pandora\u0027s Box","StoneCalendar"],"acts_visited":["Exordium","TheCity"],"potions_floor_usage":[16,16],"damage_taken":[{"damage":4.0,"enemies":"Cultist","floor":1.0,"turns":4.0},{"damage":3.0,"enemies":"Jaw Worm","floor":2.0,"turns":3.0},{"damage":0.0,"enemies":"2 Louse","floor":3.0,"turns":2.0},{"damage":7.0,"enemies":"Looter","floor":4.0,"turns":4.0},{"damage":18,"enemies":"Exordium Thugs","floor":5,"turns":4},{"damage":7,"enemies":"Red Slaver","floor":6,"turns":3},{"damage":7,"enemies":"3 Louse","floor":7,"turns":3},{"damage":0,"enemies":"Large Slime","floor":8,"turns":4},{"damage":0,"enemies":"Exordium Thugs","floor":12,"turns":2},{"damage":6,"enemies":"3 Louse","floor":14,"turns":4},{"damage":42,"enemies":"The Guardian","floor":16,"turns":7},{"damage":11,"enemies":"Spheric Guardian","floor":18,"turns":4},{"damage":21,"enemies":"Shell Parasite","floor":21,"turns":7},{"damage":44,"enemies":"3 Cultists","floor":22,"turns":4}],"seed_played":"2537774137688518887","potions_obtained":[{"floor":3.0,"key":"FearPotion"},{"floor":4.0,"key":"Strength Potion"},{"floor":6,"key":"Ambrosia"}],"is_trial":false,"path_per_floor":["M","M","M","M","M","M","M","M","T","$","R","M","?","M","R","B",null,"M","$","?","M","M"],"character_chosen":"WATCHER","items_purchased":["Perseverance","StoneCalendar"],"campfire_rested":1,"item_purchase_floors":[10,19],"current_hp_per_floor":[68,65,65,58,40,33,26,26,26,26,47,47,71,65,65,30,72,61,61,61,40,0,0],"gold":12,"neow_bonus":"THREE_CARDS","is_daily":false,"chose_seed":false,"campfire_upgraded":1,"win_rate":0.0,"timestamp":1610262308,"path_taken":["M","M","?","M","M","?","M","M","T","$","R","M","?","M","R","BOSS","M","$","?","?","M"],"items_purchased_type":["Card","Relic"],"build_version":"2020-12-22","purchased_purges":0,"victory":false,"max_hp_per_floor":[72,72,72,72,72,72,72,72,72,72,72,72,72,72,72,72,72,72,72,72,72,72,72],"card_choices":[{"not_picked":["CutThroughFate","Crescendo"],"picked":"Indignation","floor":0.0},{"not_picked":["WindmillStrike","LikeWater"],"picked":"Halt","floor":1.0},{"not_picked":["ForeignInfluence","PathToVictory"],"picked":"Crescendo","floor":2.0},{"not_picked":["Omniscience","BowlingBash"],"picked":"FollowUp","floor":3.0},{"not_picked":["InnerPeace","CrushJoints"],"picked":"PathToVictory","floor":4.0},{"not_picked":["Halt","CutThroughFate"],"picked":"SashWhip","floor":5},{"not_picked":["ThirdEye","WaveOfTheHand"],"picked":"Evaluate","floor":6},{"not_picked":["SashWhip","Prostrate"],"picked":"JustLucky","floor":7},{"not_picked":["CrushJoints","Wish"],"picked":"Conclude","floor":8},{"not_picked":["Evaluate","JustLucky"],"picked":"ClearTheMind","floor":12},{"not_picked":["ThirdEye","EmptyBody"],"picked":"Adaptation","floor":14},{"not_picked":["Alpha","Brilliance"],"picked":"DevaForm","floor":16},{"not_picked":["Evaluate","ThirdEye"],"picked":"Sanctity","floor":18},{"not_picked":["JustLucky","FlurryOfBlows"],"picked":"Nirvana+1","floor":21}],"player_experience":190147,"relics_obtained":[{"floor":9,"key":"Pantograph"}],"event_choices":[{"damage_healed":24,"gold_gain":0,"player_choice":"Banana","damage_taken":0,"max_hp_gain":0,"max_hp_loss":0,"event_name":"Big Fish","floor":13,"gold_loss":0},{"cards_removed":["Vigilance"],"damage_healed":0,"gold_gain":0,"player_choice":"Purged","damage_taken":0,"max_hp_gain":0,"max_hp_loss":0,"event_name":"Purifier","floor":20,"gold_loss":0}],"is_beta":false,"boss_relics":[{"not_picked":["Ectoplasm","Sozu"],"picked":"Pandora\u0027s Box"}],"items_purged_floors":[],"is_endless":false,"potions_floor_spawned":[3,4,6,7],"killed_by":"3 Cultists","ascension_level":0}}