{"host":"g01l53quoe6lrer0","time":1610269818,"event":{"mods":["2.2 Compatiblity","AchievementEnabler","BaseMod","Colored Map","Highlight Path","Keyboard Shortcuts","Minty Spire (QoL Compilation)","Permanent Neow","StSLib","SuperFastMode","everything is the same but u backflip on backflip"],"gold_per_floor":[113,263,103,116,134,134,134,170,195,195,214,214,239,239,239,330,330,345,364,385,310,310,310,334,334,334,334,63,87,87,87],"floor_reached":30,"playtime":594,"items_purged":["Doubt","Clumsy"],"score":460,"play_id":"d0810801-d1e6-40c8-8c24-814a2a66b0db","local_time":"20210110181018","is_ascension_mode":true,"campfire_choices":[{"data":"Intimidate","floor":6.0,"key":"SMITH"},{"data":"Sword Boomerang","floor":12.0,"key":"SMITH"},{"data":"Seeing Red","floor":15.0,"key":"SMITH"},{"floor":23,"key":"REST"},{"floor":25,"key":"REST"},{"floor":27,"key":"REST"}],"circlet_count":0,"master_deck":["AscendersBane","Strike_R","Strike_R","Defend_R","Defend_R","Defend_R","Bash","Cleave","Seeing Red+1","Inflame+1","Battle Trance","Intimidate+1","Pummel","Sword Boomerang+1","Headbutt","Demon Form","Seeing Red+1","Flame Barrier","Shrug It Off"],"relics":["Burning Blood","Golden Idol","Bag of Preparation","Bag of Marbles","Cursed Key","Ancient Tea Set","Chemical X"],"acts_visited":["Exordium","TheCity"],"potions_floor_usage":[],"damage_taken":[{"damage":2.0,"enemies":"Jaw Worm","floor":1.0,"turns":4.0},{"damage":2.0,"enemies":"2 Louse","floor":4.0,"turns":3.0},{"damage":7.0,"enemies":"Small Slimes","floor":5.0,"turns":3.0},{"damage":20.0,"enemies":"Gremlin Nob","floor":8.0,"turns":4.0},{"damage":10.0,"enemies":"3 Louse","floor":11.0,"turns":3.0},{"damage":0.0,"enemies":"Looter","floor":13.0,"turns":2.0},{"damage":27.0,"enemies":"Slime Boss","floor":16.0,"turns":7.0},{"damage":6.0,"enemies":"3 Byrds","floor":18.0,"turns":3.0},{"damage":30.0,"enemies":"2 Thieves","floor":19.0,"turns":3.0},{"damage":25.0,"enemies":"Cultist and Chosen","floor":20.0,"turns":4.0},{"damage":26,"enemies":"Centurion and Healer","floor":24,"turns":5},{"damage":30,"enemies":"Chosen and Byrds","floor":29,"turns":4},{"damage":29,"enemies":"Shelled Parasite and Fungi","floor":30,"turns":3}],"seed_played":"6503320778134535392","potions_obtained":[{"floor":1.0,"key":"Strength Potion"},{"floor":5.0,"key":"Block Potion"},{"floor":16.0,"key":"AttackPotion"},{"floor":20.0,"key":"Dexterity Potion"},{"floor":24,"key":"EssenceOfSteel"}],"is_trial":false,"path_per_floor":["M","?","$","M","M","R","?","E","T","?","M","R","M","?","R","B",null,"M","M","M","?","$","R","M","R","T","R","$","M","M"],"character_chosen":"IRONCLAD","items_purchased":["Battle Trance","Chemical X"],"campfire_rested":3,"item_purchase_floors":[3,28],"current_hp_per_floor":[54,54,54,58,57,57,57,43,43,36,32,32,38,38,38,17,55,55,31,12,12,12,32,12,32,32,52,52,28,0,0],"gold":87,"neow_bonus":"TRANSFORM_TWO_CARDS","is_daily":false,"chose_seed":false,"campfire_upgraded":3,"win_rate":0.0,"timestamp":1610269818,"path_taken":["M","?","$","M","M","R","?","E","T","?","?","R","M","?","R","BOSS","M","M","M","?","$","R","M","R","T","R","$","M","M"],"items_purchased_type":["Card","Relic"],"build_version":"2020-12-22","purchased_purges":2,"victory":false,"max_hp_per_floor":[75,75,75,75,75,75,68,68,68,68,68,68,68,68,68,68,68,68,68,68,68,68,68,68,68,68,68,68,68,68,68],"card_choices":[{"not_picked":["Havoc","Armaments"],"picked":"Inflame","floor":1.0},{"not_picked":["Metallicize","Iron Wave","Sever Soul"],"picked":"SKIP","floor":4.0},{"not_picked":["Anger","Clash"],"picked":"Intimidate","floor":5.0},{"not_picked":["Rage","Warcry"],"picked":"Pummel","floor":8.0},{"not_picked":["Dropkick","Spot Weakness"],"picked":"Sword Boomerang","floor":11.0},{"not_picked":["Armaments","Searing Blow"],"picked":"Headbutt","floor":13.0},{"not_picked":["Impervious","Double Tap"],"picked":"Demon Form","floor":16.0},{"not_picked":["Clothesline","Wild Strike","Entrench"],"picked":"SKIP","floor":18.0},{"not_picked":["Evolve","Headbutt"],"picked":"Seeing Red+1","floor":19.0},{"not_picked":["Rage","Perfected Strike"],"picked":"Flame Barrier","floor":20.0},{"not_picked":["Hemokinesis","Twin Strike"],"picked":"Shrug It Off","floor":24},{"not_picked":["Fire Breathing","Armaments","Warcry"],"picked":"SKIP","floor":29}],"player_experience":127706,"relics_obtained":[{"floor":8.0,"key":"Bag of Preparation"},{"floor":9.0,"key":"Bag of Marbles"},{"floor":26,"key":"Ancient Tea Set"}],"event_choices":[{"damage_healed":0.0,"max_hp_gain":0.0,"max_hp_loss":0.0,"gold_gain":150.0,"event_name":"Liars Game","player_choice":"AGREE","floor":2.0,"gold_loss":0.0,"damage_taken":0.0,"cards_obtained":["Doubt"]},{"damage_healed":0.0,"max_hp_gain":0.0,"max_hp_loss":7.0,"gold_gain":0.0,"event_name":"Golden Idol","player_choice":"Lose Max HP","floor":7.0,"gold_loss":0.0,"damage_taken":0.0,"relics_obtained":["Golden Idol"]},{"cards_removed":["Strike_R"],"damage_healed":0.0,"max_hp_gain":0.0,"max_hp_loss":0.0,"gold_gain":0.0,"event_name":"Golden Wing","player_choice":"Card Removal","floor":10.0,"gold_loss":0.0,"damage_taken":7.0},{"damage_healed":0.0,"max_hp_gain":0.0,"max_hp_loss":0.0,"gold_gain":0.0,"event_name":"Living Wall","player_choice":"Grow","floor":14.0,"gold_loss":0.0,"damage_taken":0.0,"cards_upgraded":["Inflame"]},{"cards_removed":["Strike_R"],"damage_healed":0.0,"max_hp_gain":0.0,"max_hp_loss":0.0,"gold_gain":0.0,"event_name":"Beggar","player_choice":"Gave Gold","floor":21.0,"gold_loss":75.0,"damage_taken":0.0}],"is_beta":false,"boss_relics":[{"not_picked":["Ectoplasm","Coffee Dripper"],"picked":"Cursed Key"}],"items_purged_floors":[3,28],"is_endless":false,"potions_floor_spawned":[1,5,16,20,24,29],"killed_by":"Shelled Parasite and Fungi","ascension_level":20}}