{"host":"j4g6ia6asvpyu2b0","time":1610293288,"event":{"mods":["BaseMod","Colored Map","Minty Spire (QoL Compilation)","Permanent Neow","Quick Restart","Relic Stats","StSLib","Unceasing Turn Reminder"],"gold_per_floor":[15,15,15,33,33,33,67,84,84,111,111,139,153,182,182,281,281,294,110,110,126,138,138,156,185,185,218,218,143,243,278,278,383,383,393,411,242,242,255,255,255],"floor_reached":40,"playtime":1811,"items_purged":["Strike_G","Strike_G"],"score":757,"play_id":"55bb3d4b-4ba8-4e71-ae97-8df38635b6a1","local_time":"20210110084128","is_ascension_mode":true,"campfire_choices":[{"data":"Neutralize","floor":6,"key":"SMITH"},{"floor":11,"key":"REST"},{"data":"Footwork","floor":15,"key":"SMITH"},{"data":"Dash","floor":23,"key":"SMITH"},{"data":"Wraith Form v2","floor":28,"key":"SMITH"},{"data":"Discovery","floor":32,"key":"SMITH"}],"circlet_count":0,"master_deck":["Strike_G","Strike_G","Defend_G","Defend_G","Defend_G","Defend_G","Defend_G","Survivor","Neutralize+1","Dagger Spray+1","Infinite Blades","Slice","Well Laid Plans","Footwork+1","Dash","Dash+1","Flying Knee","Escape Plan","Wraith Form v2+1","Backstab","Deadly Poison","Discovery+1","Blade Dance","Dagger Spray","Footwork+1","Venomology","Blur","Die Die Die","Deadly Poison+1","Flying Knee+1","Caltrops","Magnetism","Metamorphosis"],"relics":["Ring of the Snake","Gambling Chip","Peace Pipe","Thread and Needle","MealTicket","Regal Pillow","PreservedInsect","Busted Crown","WarpedTongs","Bronze Scales","Mummified Hand","Blue Candle","CaptainsWheel","Paper Crane","StrikeDummy","Philosopher\u0027s Stone"],"acts_visited":["Exordium","TheCity","TheBeyond"],"potions_floor_usage":[12,16,27,30,33,33,35,35,40],"damage_taken":[{"damage":1,"enemies":"Jaw Worm","floor":1,"turns":4},{"damage":0,"enemies":"2 Louse","floor":4,"turns":3},{"damage":36,"enemies":"Lagavulin","floor":7,"turns":9},{"damage":0,"enemies":"Cultist","floor":8,"turns":3},{"damage":16,"enemies":"3 Sentries","floor":10,"turns":8},{"damage":12,"enemies":"Lagavulin","floor":12,"turns":6},{"damage":0,"enemies":"Exordium Thugs","floor":13,"turns":5},{"damage":0,"enemies":"Gremlin Nob","floor":14,"turns":4},{"damage":5,"enemies":"The Guardian","floor":16,"turns":18},{"damage":0,"enemies":"Chosen","floor":18,"turns":6},{"damage":0,"enemies":"3 Byrds","floor":21,"turns":3},{"damage":3,"enemies":"Snecko","floor":22,"turns":5},{"damage":13,"enemies":"Shelled Parasite and Fungi","floor":24,"turns":6},{"damage":10,"enemies":"Slavers","floor":25,"turns":3},{"damage":10,"enemies":"Book of Stabbing","floor":27,"turns":4},{"damage":0,"enemies":"Colosseum Slavers","floor":30,"turns":3},{"damage":0,"enemies":"Colosseum Nobs","floor":30,"turns":3},{"damage":0,"enemies":"Gremlin Leader","floor":31,"turns":4},{"damage":5,"enemies":"Collector","floor":33,"turns":14},{"damage":0,"enemies":"3 Darklings","floor":35,"turns":4},{"damage":0,"enemies":"Orb Walker","floor":36,"turns":4},{"damage":19,"enemies":"Writhing Mass","floor":39,"turns":6},{"damage":53,"enemies":"Nemesis","floor":40,"turns":5}],"seed_played":"9171783499793572781","potions_obtained":[{"floor":8,"key":"Regen Potion"},{"floor":10,"key":"ColorlessPotion"},{"floor":14,"key":"SpeedPotion"},{"floor":22,"key":"CultistPotion"},{"floor":25,"key":"Strength Potion"},{"floor":27,"key":"Strength Potion"},{"floor":33,"key":"EssenceOfSteel"},{"floor":39,"key":"EntropicBrew"}],"is_trial":false,"path_per_floor":["M","?","$","M","?","R","E","M","T","E","R","E","M","E","R","B",null,"M","$","?","M","M","R","M","E","T","E","R","?","?","E","R","B",null,"M","M","$","?","M","E"],"character_chosen":"THE_SILENT","items_purchased":["Deadly Poison","Discovery","Caltrops"],"campfire_rested":1,"item_purchase_floors":[19,19,37],"current_hp_per_floor":[62,62,62,62,62,62,26,26,26,10,31,19,19,19,19,14,56,56,70,70,70,67,67,54,44,44,48,48,48,48,48,48,43,63,63,63,70,60,41,0,0],"gold":255,"neow_bonus":"ONE_RARE_RELIC","is_daily":false,"chose_seed":false,"campfire_upgraded":5,"win_rate":0.0,"timestamp":1610293288,"path_taken":["M","?","$","M","?","R","E","?","T","E","R","E","M","E","R","BOSS","M","$","?","?","M","R","M","E","T","E","R","?","?","E","R","BOSS","M","M","$","?","M","E"],"items_purchased_type":["Card","Card","Card"],"build_version":"2020-12-22","purchased_purges":2,"victory":false,"max_hp_per_floor":[70,70,70,70,70,70,70,70,70,70,70,70,70,70,70,70,70,70,70,70,70,70,70,70,70,70,70,70,70,70,70,70,70,70,70,70,70,70,70,70,70],"relic_stats":{"Regal Pillow":0,"counters":[23,130],"Blue Candle":[0],"PreservedInsect":217,"WarpedTongs":[64],"Peace Pipe":0,"Busted Crown":30,"Mummified Hand":[48],"Gambling Chip":[59],"Bronze Scales":[155],"MealTicket":21,"obtain_stats":[{"Regal Pillow":12,"Blue Candle":27,"Thread and Needle":9,"PreservedInsect":14,"Paper Crane":30,"WarpedTongs":20,"Peace Pipe":7,"CaptainsWheel":30,"Busted Crown":17,"Mummified Hand":26,"Gambling Chip":0,"Bronze Scales":25,"MealTicket":10,"Philosopher\u0027s Stone":34,"StrikeDummy":31,"Ring of the Snake":0},{"Regal Pillow":6,"Blue Candle":15,"Thread and Needle":4,"PreservedInsect":8,"Paper Crane":17,"WarpedTongs":10,"Peace Pipe":3,"CaptainsWheel":17,"Busted Crown":9,"Mummified Hand":14,"Gambling Chip":0,"Bronze Scales":14,"MealTicket":5,"Philosopher\u0027s Stone":19,"StrikeDummy":18,"Ring of the Snake":0},{"Regal Pillow":33,"Blue Candle":87,"Thread and Needle":19,"PreservedInsect":42,"Paper Crane":93,"WarpedTongs":66,"Peace Pipe":16,"CaptainsWheel":93,"Busted Crown":60,"Mummified Hand":83,"Gambling Chip":0,"Bronze Scales":83,"MealTicket":27,"Philosopher\u0027s Stone":111,"StrikeDummy":97,"Ring of the Snake":0}],"Ring of the Snake":[46]},"card_choices":[{"not_picked":["Sucker Punch","PiercingWail"],"picked":"Dagger Spray","floor":1},{"not_picked":["Flying Knee","Poisoned Stab"],"picked":"Infinite Blades","floor":4},{"not_picked":["Backflip","Dagger Spray"],"picked":"Well Laid Plans","floor":7},{"not_picked":["Flying Knee","Outmaneuver"],"picked":"Footwork","floor":8},{"not_picked":["Riddle With Holes","Glass Knife"],"picked":"Dash","floor":10},{"not_picked":["Distraction","Catalyst"],"picked":"Dash","floor":12},{"not_picked":["Finisher","Quick Slash"],"picked":"Flying Knee","floor":13},{"not_picked":["Catalyst","Underhanded Strike"],"picked":"Escape Plan","floor":14},{"not_picked":["Phantasmal Killer","Doppelganger"],"picked":"Wraith Form v2","floor":16},{"not_picked":[],"picked":"Backstab","floor":18},{"not_picked":["Bane"],"picked":"SKIP","floor":21},{"not_picked":[],"picked":"Blade Dance","floor":22},{"not_picked":[],"picked":"Dagger Spray","floor":24},{"not_picked":[],"picked":"Footwork+1","floor":25},{"not_picked":["Slice+1"],"picked":"SKIP","floor":27},{"not_picked":[],"picked":"Venomology","floor":30},{"not_picked":[],"picked":"Blur","floor":31},{"not_picked":[],"picked":"Die Die Die","floor":33},{"not_picked":[],"picked":"Deadly Poison+1","floor":35},{"not_picked":[],"picked":"Flying Knee+1","floor":36},{"not_picked":[],"picked":"Magnetism","floor":38},{"not_picked":[],"picked":"Metamorphosis","floor":38},{"not_picked":["Underhanded Strike+1"],"picked":"SKIP","floor":39}],"player_experience":785516,"relics_obtained":[{"floor":7,"key":"Peace Pipe"},{"floor":9,"key":"Thread and Needle"},{"floor":10,"key":"MealTicket"},{"floor":12,"key":"Regal Pillow"},{"floor":14,"key":"PreservedInsect"},{"floor":25,"key":"Bronze Scales"},{"floor":26,"key":"Mummified Hand"},{"floor":27,"key":"Blue Candle"},{"floor":30,"key":"CaptainsWheel"},{"floor":30,"key":"Paper Crane"},{"floor":31,"key":"StrikeDummy"}],"event_choices":[{"damage_healed":0,"gold_gain":0,"player_choice":"Grow","damage_taken":0,"max_hp_gain":0,"max_hp_loss":0,"event_name":"Living Wall","floor":2,"gold_loss":0,"cards_upgraded":["Dagger Spray"]},{"damage_healed":0,"gold_gain":0,"cards_transformed":["Strike_G"],"player_choice":"Transformed","damage_taken":0,"max_hp_gain":0,"max_hp_loss":0,"event_name":"Transmorgrifier","floor":5,"gold_loss":0,"cards_obtained":["Slice"]},{"damage_healed":0,"gold_gain":0,"player_choice":"Rummage","damage_taken":0,"relics_obtained":["WarpedTongs"],"max_hp_gain":0,"max_hp_loss":0,"event_name":"Accursed Blacksmith","floor":20,"gold_loss":0,"cards_obtained":["Pain"]},{"cards_removed":["Pain"],"damage_healed":0,"gold_gain":0,"player_choice":"Gave Gold","damage_taken":0,"max_hp_gain":0,"max_hp_loss":0,"event_name":"Beggar","floor":29,"gold_loss":75},{"damage_healed":0,"gold_gain":0,"player_choice":"Fight","damage_taken":0,"max_hp_gain":0,"max_hp_loss":0,"event_name":"Colosseum","floor":30,"gold_loss":0},{"damage_healed":0,"gold_gain":0,"player_choice":"Fought Nobs","damage_taken":0,"max_hp_gain":0,"max_hp_loss":0,"event_name":"Colosseum","floor":30,"gold_loss":0},{"damage_healed":0,"gold_gain":0,"player_choice":"Memory 3","damage_taken":10,"max_hp_gain":0,"max_hp_loss":0,"event_name":"SensoryStone","floor":38,"gold_loss":0}],"is_beta":false,"boss_relics":[{"not_picked":["Runic Pyramid","Runic Dome"],"picked":"Busted Crown"},{"not_picked":["SlaversCollar","Velvet Choker"],"picked":"Philosopher\u0027s Stone"}],"items_purged_floors":[19,37],"is_endless":false,"potions_floor_spawned":[8,10,14,22,25,27,30,33,39],"killed_by":"Nemesis","ascension_level":9}}