{"host":"v9oq5ccz01n9mezq","time":1610244871,"event":{"mods":["BaseMod","Colored Map","Minty Spire (QoL Compilation)"],"gold_per_floor":[110,125,125,50,0,0,29,29,81,81,114,132,132,132,132,234,234,252,264,280,280,292,292,292,292,292,321,321,352,352,369,369,464,464,483,494,244,263,120,151,151,186,211,261,287,287,333,0,0,0],"floor_reached":51,"playtime":1808,"items_purged":["Strike_R","Strike_R"],"score":972,"play_id":"624919bb-2d81-4bef-8f09-f2a9f62245bc","local_time":"20210109211431","is_ascension_mode":true,"campfire_choices":[{"data":"Bash","floor":6,"key":"SMITH"},{"data":"Spot Weakness","floor":8,"key":"SMITH"},{"data":"Carnage","floor":13,"key":"SMITH"},{"floor":15,"key":"REST"},{"data":"Immolate","floor":23,"key":"SMITH"},{"data":"Feed","floor":25,"key":"SMITH"},{"floor":30,"key":"REST"},{"data":"Cleave","floor":32,"key":"SMITH"},{"floor":46,"key":"REST"},{"floor":49,"key":"REST"}],"circlet_count":0,"master_deck":["Strike_R+1","Strike_R+1","Defend_R+1","Defend_R","Defend_R","Defend_R+1","Bash+1","Carnage+1","Cleave+1","Spot Weakness+1","Spot Weakness+1","Immolate+1","Shrug It Off+1","Feed+1","Pommel Strike+1","Seeing Red+1","Impervious","Heavy Blade+1","Shockwave+1","Reaper","Battle Trance","Sword Boomerang+1","Intimidate+1"],"relics":["Burning Blood","NeowsBlessing","Regal Pillow","MealTicket","Oddly Smooth Stone","Centennial Puzzle","Philosopher\u0027s Stone","Frozen Egg 2","HornCleat","Nloth\u0027s Gift","Omamori","Fusion Hammer","ClockworkSouvenir","Pen Nib","Whetstone","Dream Catcher","Vajra","Thread and Needle","Du-Vu Doll","Dead Branch","Red Mask"],"acts_visited":["Exordium","TheCity","TheBeyond"],"potions_floor_usage":[19,22,22,29,33,38,45,50,50,50],"damage_taken":[{"damage":0,"enemies":"Jaw Worm","floor":1,"turns":1},{"damage":0,"enemies":"2 Louse","floor":2,"turns":1},{"damage":0,"enemies":"Lagavulin","floor":7,"turns":1},{"damage":35,"enemies":"Gremlin Nob","floor":11,"turns":4},{"damage":6,"enemies":"Cultist","floor":12,"turns":3},{"damage":44,"enemies":"The Guardian","floor":16,"turns":8},{"damage":6,"enemies":"Shell Parasite","floor":18,"turns":4},{"damage":6,"enemies":"2 Thieves","floor":19,"turns":2},{"damage":9,"enemies":"Cultist and Chosen","floor":20,"turns":5},{"damage":11,"enemies":"Shelled Parasite and Fungi","floor":22,"turns":5},{"damage":39,"enemies":"Slavers","floor":27,"turns":3},{"damage":12,"enemies":"Book of Stabbing","floor":29,"turns":4},{"damage":19,"enemies":"Snake Plant","floor":31,"turns":3},{"damage":48,"enemies":"Champ","floor":33,"turns":8},{"damage":22,"enemies":"3 Shapes","floor":35,"turns":3},{"damage":13,"enemies":"3 Darklings","floor":36,"turns":4},{"damage":12,"enemies":"Jaw Worm Horde","floor":38,"turns":2},{"damage":3,"enemies":"Giant Head","floor":40,"turns":6},{"damage":0,"enemies":"Reptomancer","floor":42,"turns":4},{"damage":0,"enemies":"Mind Bloom Boss Battle","floor":44,"turns":6},{"damage":17,"enemies":"Giant Head","floor":45,"turns":6},{"damage":14,"enemies":"2 Orb Walkers","floor":47,"turns":2},{"damage":42,"enemies":"Time Eater","floor":50,"turns":8}],"seed_played":"3910464133456636668","potions_obtained":[{"floor":1,"key":"SkillPotion"},{"floor":16,"key":"EssenceOfSteel"},{"floor":19,"key":"SteroidPotion"},{"floor":20,"key":"AttackPotion"},{"floor":27,"key":"Swift Potion"},{"floor":29,"key":"FairyPotion"},{"floor":36,"key":"Weak Potion"},{"floor":40,"key":"AttackPotion"},{"floor":42,"key":"SteroidPotion"},{"floor":45,"key":"Strength Potion"},{"floor":47,"key":"Strength Potion"}],"is_trial":false,"path_per_floor":["M","M","?","$","?","R","E","R","T","T","E","M","R","?","R","B",null,"M","M","M","?","M","R","T","R","T","E","?","E","R","M","R","B",null,"M","M","$","M","$","E","?","E","T","?","E","R","?","?","R","B",null],"character_chosen":"IRONCLAD","items_purchased":["ClockworkSouvenir","Pen Nib"],"campfire_rested":4,"item_purchase_floors":[37,39],"current_hp_per_floor":[80,80,64,64,64,64,70,70,70,70,41,41,41,41,80,42,80,80,80,77,77,75,75,75,75,75,42,42,36,75,62,62,20,83,71,64,79,77,91,91,86,86,86,86,79,90,82,82,90,72],"gold":0,"neow_bonus":"THREE_ENEMY_KILL","is_daily":false,"chose_seed":false,"campfire_upgraded":6,"win_rate":0.0,"timestamp":1610244871,"path_taken":["M","M","?","$","?","R","E","R","T","?","E","M","R","?","R","BOSS","M","?","M","?","M","R","?","R","T","E","?","E","R","M","R","BOSS","M","M","?","M","$","E","?","E","T","?","E","R","?","?","R","BOSS"],"items_purchased_type":["Relic","Relic"],"build_version":"2020-12-22","purchased_purges":2,"victory":true,"max_hp_per_floor":[80,80,80,80,80,80,80,80,80,80,80,80,80,80,80,80,80,80,80,80,80,83,83,83,83,83,83,83,83,83,83,83,83,83,87,87,87,91,91,91,86,86,86,86,90,90,90,90,90,90],"card_choices":[{"not_picked":["Clash","Armaments"],"picked":"Carnage","floor":1},{"not_picked":["Ghostly Armor","True Grit"],"picked":"Cleave","floor":2},{"not_picked":["Exhume","Seeing Red"],"picked":"Spot Weakness","floor":7},{"not_picked":["Seeing Red","Exhume"],"picked":"Spot Weakness","floor":11},{"not_picked":["Rupture","Anger","Armaments"],"picked":"SKIP","floor":12},{"not_picked":["Offering","Double Tap"],"picked":"Immolate","floor":16},{"not_picked":["True Grit","Sword Boomerang"],"picked":"Shrug It Off+1","floor":18},{"not_picked":["Warcry+1","Clothesline","Anger"],"picked":"SKIP","floor":19},{"not_picked":["Havoc","Wild Strike"],"picked":"Feed","floor":20},{"not_picked":["Warcry","Clothesline","Second Wind+1"],"picked":"SKIP","floor":22},{"not_picked":["Reckless Charge","Warcry","Iron Wave"],"picked":"SKIP","floor":27},{"not_picked":["Wild Strike","Feel No Pain+1"],"picked":"Pommel Strike+1","floor":29},{"not_picked":["Fire Breathing+1","Brutality+1"],"picked":"Seeing Red+1","floor":31},{"not_picked":["Berserk+1","Bludgeon"],"picked":"Impervious","floor":33},{"not_picked":["Intimidate","Perfected Strike"],"picked":"Heavy Blade+1","floor":35},{"not_picked":["Anger","Havoc","Shockwave+1"],"picked":"SKIP","floor":36},{"not_picked":["Anger","Havoc"],"picked":"Shockwave+1","floor":36},{"not_picked":["Havoc+1","Wild Strike","Disarm+1"],"picked":"SKIP","floor":38},{"not_picked":["Fiend Fire","Dark Embrace+1"],"picked":"Reaper","floor":40},{"not_picked":["Iron Wave+1","Rage"],"picked":"Battle Trance","floor":42},{"not_picked":["Blood for Blood+1","Bloodletting","Pommel Strike+1"],"picked":"SKIP","floor":45},{"not_picked":["Ghostly Armor+1","Wild Strike"],"picked":"Sword Boomerang+1","floor":46},{"not_picked":["Clothesline","Iron Wave"],"picked":"Intimidate+1","floor":49}],"player_experience":67957,"relics_obtained":[{"floor":7,"key":"Regal Pillow"},{"floor":9,"key":"MealTicket"},{"floor":10,"key":"Oddly Smooth Stone"},{"floor":11,"key":"Centennial Puzzle"},{"floor":24,"key":"Frozen Egg 2"},{"floor":26,"key":"Letter Opener"},{"floor":27,"key":"HornCleat"},{"floor":29,"key":"Omamori"},{"floor":40,"key":"Whetstone"},{"floor":42,"key":"Dream Catcher"},{"floor":43,"key":"Vajra"},{"floor":44,"key":"Thread and Needle"},{"floor":45,"key":"Du-Vu Doll"},{"floor":47,"key":"Dead Branch"}],"event_choices":[{"damage_healed":0,"gold_gain":0,"player_choice":"Entered Light","damage_taken":16,"max_hp_gain":0,"max_hp_loss":0,"event_name":"Shining Light","floor":3,"gold_loss":0,"cards_upgraded":["Defend_R","Defend_R"]},{"cards_removed":["Strike_R"],"damage_healed":0,"gold_gain":0,"player_choice":"Card Removal","damage_taken":0,"max_hp_gain":0,"max_hp_loss":0,"event_name":"The Cleric","floor":5,"gold_loss":50},{"damage_healed":0,"gold_gain":0,"player_choice":"Forge","damage_taken":0,"max_hp_gain":0,"max_hp_loss":0,"event_name":"Accursed Blacksmith","floor":14,"gold_loss":0,"cards_upgraded":["Spot Weakness"]},{"damage_healed":0,"gold_gain":0,"player_choice":"Ignored","damage_taken":0,"max_hp_gain":0,"max_hp_loss":0,"event_name":"Vampires","floor":21,"gold_loss":0},{"damage_healed":0,"gold_gain":0,"player_choice":"Traded Relic","damage_taken":0,"relics_obtained":["Nloth\u0027s Gift"],"max_hp_gain":0,"max_hp_loss":0,"event_name":"N\u0027loth","floor":28,"relics_lost":["Letter Opener"],"gold_loss":0},{"damage_healed":0,"gold_gain":0,"player_choice":"Max HP","damage_taken":0,"max_hp_gain":0,"max_hp_loss":5,"event_name":"Winding Halls","floor":41,"gold_loss":0},{"damage_healed":0,"gold_gain":0,"player_choice":"Fight","damage_taken":0,"max_hp_gain":0,"max_hp_loss":0,"event_name":"MindBloom","floor":44,"gold_loss":0},{"damage_healed":0,"gold_gain":0,"player_choice":"Fight","damage_taken":0,"max_hp_gain":0,"max_hp_loss":0,"event_name":"Mysterious Sphere","floor":47,"gold_loss":0},{"damage_healed":0,"gold_gain":0,"player_choice":"Paid","damage_taken":0,"relics_obtained":["Red Mask"],"max_hp_gain":0,"max_hp_loss":0,"event_name":"Tomb of Lord Red Mask","floor":48,"gold_loss":333}],"is_beta":false,"boss_relics":[{"not_picked":["Coffee Dripper","Runic Dome"],"picked":"Philosopher\u0027s Stone"},{"not_picked":["Astrolabe","SacredBark"],"picked":"Fusion Hammer"}],"items_purged_floors":[4,37],"is_endless":false,"potions_floor_spawned":[1,16,19,20,27,29,36,40,42,45,47],"ascension_level":3}}