{"host":"ljavmhyz2e552xgo","time":1610239252,"event":{"mods":["BaseMod","Better Third Choice","Downfall","Friendly Minions","Minty Spire (QoL Compilation)","Permanent Neow","Spicy Shops","StSLib"],"gold_per_floor":[99,99,199,215,235,245,245,278,453,378,363,363,378,413,428,533,533,533,553,571,571,4,4,4,104,117,142,167,77,91,110,120,217,217,142,27,44,60,70,70,97,77,87,114,131,161,161,34,46,46],"floor_reached":51,"playtime":3619,"items_purged":["Doubt","Guardian:GemFinder"],"score":839,"play_id":"5739d22b-d278-48da-a88e-8258ae7a73ec","local_time":"20210109184052","is_ascension_mode":false,"campfire_choices":[{"data":"Guardian:TwinSlam","floor":1,"key":"SMITH"},{"data":"Mayhem","floor":10,"key":"SMITH"},{"data":"Guardian:DecasProtection","floor":12,"key":"SMITH"},{"data":"Guardian:SentryBeam","floor":18,"key":"SMITH"},{"data":"Guardian:PrismaticBeam","floor":23,"key":"SMITH"},{"data":"Guardian:ExploitGems","floor":35,"key":"SMITH"},{"data":"Guardian:CurlUp","floor":40,"key":"SMITH"},{"data":"Guardian:SphericShield","floor":47,"key":"SMITH"}],"circlet_count":0,"master_deck":["Guardian:Strike_Guardian+1","Guardian:Strike_Guardian+1","Guardian:Strike_Guardian+1","Guardian:Defend_Guardian+1","Guardian:Defend_Guardian+1","Guardian:Defend_Guardian+1","Guardian:Defend_Guardian+1","Guardian:CurlUp+1","Guardian:TwinSlam+1","Mayhem+1","Guardian:DecasProtection+1","Guardian:SentryBeam+1","Guardian:PrismaticBeam+1","Guardian:BronzeArmor","Guardian:FuturePlans","Guardian:ExploitGems+1","Guardian:Gem_Red","Guardian:ShieldCharger","Guardian:Gem_Fragmented","Guardian:PrismaticBarrier+1","Guardian:Gem_Green","Guardian:SentryBeam+1","Guardian:Preprogram","Guardian:CrystalBeam+1","Guardian:DonusPower","Guardian:BronzeArmor+1","Guardian:RevengeProtocol","Guardian:StasisField","Guardian:FloatingOrbs","Guardian:EvasiveProtocol","Guardian:SphericShield+1","Guardian:TimeCapacitor"],"relics":["Guardian:ModeShifter","Potion Belt","Eternal Feather","downfall:HeartBlessingGreen","Gremlin Horn","sneckomod:SneckoTalon","Guardian:StasisCodex","sneckomod:BlankCard","Guardian:SackOfGems","Pantograph","MealTicket","Anchor","Empty Cage","downfall:HeartBlessingBlue","Vajra","Guardian:BottledStasis","TheAbacus","Whetstone","Thread and Needle","Bronze Scales","Unceasing Top"],"acts_visited":["Exordium","TheCity","TheBeyond"],"potions_floor_usage":[16,33,46,50],"damage_taken":[{"damage":0,"enemies":"Small Slimes","floor":4,"turns":3},{"damage":9,"enemies":"2 Louse","floor":5,"turns":2},{"damage":5,"enemies":"Jaw Worm","floor":6,"turns":5},{"damage":41,"enemies":"Gremlin Nob","floor":8,"turns":6},{"damage":0,"enemies":"downfall:FleeingMerchant","floor":11,"turns":4},{"damage":0,"enemies":"Blue Slaver","floor":13,"turns":4},{"damage":0,"enemies":"Lagavulin","floor":14,"turns":8},{"damage":0,"enemies":"Gremlin Gang","floor":15,"turns":3},{"damage":21,"enemies":"downfall:Defect","floor":16,"turns":9},{"damage":8,"enemies":"Shell Parasite","floor":19,"turns":6},{"damage":7,"enemies":"Spheric Guardian","floor":20,"turns":4},{"damage":0,"enemies":"downfall:FleeingMerchant","floor":22,"turns":4},{"damage":2,"enemies":"downfall:Ironclad","floor":25,"turns":6},{"damage":0,"enemies":"Snecko","floor":26,"turns":5},{"damage":10,"enemies":"Book of Stabbing","floor":27,"turns":5},{"damage":0,"enemies":"downfall:FleeingMerchant","floor":29,"turns":4},{"damage":3,"enemies":"Cultist and Chosen","floor":30,"turns":6},{"damage":0,"enemies":"Centurion and Healer","floor":31,"turns":7},{"damage":0,"enemies":"3 Cultists","floor":32,"turns":5},{"damage":16,"enemies":"downfall:Silent","floor":33,"turns":9},{"damage":0,"enemies":"downfall:FleeingMerchant","floor":36,"turns":4},{"damage":2,"enemies":"3 Darklings","floor":37,"turns":4},{"damage":3,"enemies":"Orb Walker","floor":38,"turns":3},{"damage":3,"enemies":"Spire Growth","floor":39,"turns":5},{"damage":0,"enemies":"downfall:FleeingMerchant","floor":42,"turns":4},{"damage":0,"enemies":"Sphere and 2 Shapes","floor":43,"turns":4},{"damage":0,"enemies":"Nemesis","floor":44,"turns":5},{"damage":0,"enemies":"Maw","floor":45,"turns":6},{"damage":0,"enemies":"Reptomancer","floor":46,"turns":4},{"damage":0,"enemies":"4 Shapes","floor":49,"turns":4},{"damage":0,"enemies":"downfall:Watcher","floor":50,"turns":6}],"seed_played":"-4652362016246961832","potions_obtained":[{"floor":4,"key":"SkillPotion"},{"floor":14,"key":"DistilledChaos"},{"floor":15,"key":"Guardian:AcceleratePotion"},{"floor":16,"key":"SkillPotion"},{"floor":19,"key":"LiquidMemories"},{"floor":25,"key":"GamblersBrew"},{"floor":31,"key":"LiquidBronze"},{"floor":33,"key":"DistilledChaos"},{"floor":45,"key":"DuplicationPotion"},{"floor":46,"key":"Guardian:DefensiveModePotion"}],"is_trial":false,"path_per_floor":["R","?","?","M","M","M","T","E","?","R","$","R","M","E","M","B",null,"R","M","M","?","$","R","T","?","M","E","T","$","M","M","M","B",null,"R","$","M","M","M","R","T","$","M","E","M","E","R","$","M","B",null],"character_chosen":"GUARDIAN","items_purchased":["Guardian:StasisCodex","sneckomod:BlankCard","Guardian:ExploitGems","Guardian:BottledStasis","TheAbacus","Whetstone","Unceasing Top","Guardian:TimeCapacitor"],"campfire_rested":0,"item_purchase_floors":[22,22,22,42,42,42,48,48],"current_hp_per_floor":[72,77,77,77,68,63,63,22,22,31,31,37,37,37,37,16,77,77,69,62,62,62,74,74,72,72,62,62,77,74,74,74,61,77,87,87,85,82,79,87,87,87,87,87,87,87,87,87,87,87],"gold":46,"neow_bonus":"RANDOM_COLORLESS_2","is_daily":false,"chose_seed":false,"campfire_upgraded":8,"win_rate":0.0,"timestamp":1610239252,"path_taken":["R","?","?","M","M","M","T","E","?","R","$","R","M","E","M","BOSS","R","M","M","?","$","R","T","?","M","E","?","$","?","M","M","BOSS","R","?","M","M","M","R","T","$","M","E","?","E","R","$","M","BOSS"],"items_purchased_type":["Relic","Relic","Card","Relic","Relic","Relic","Relic","Card"],"build_version":"2020-12-22","purchased_purges":2,"victory":true,"max_hp_per_floor":[72,77,77,77,77,77,77,77,77,77,77,77,77,77,77,77,77,77,77,77,77,77,77,77,77,77,77,77,77,77,77,77,77,77,87,87,87,87,87,87,87,87,87,87,87,87,87,87,87,87],"card_choices":[{"not_picked":["expansioncontent:QuickStudy","Secret Weapon"],"picked":"Mayhem","floor":0},{"not_picked":["Guardian:TemporalShield","Guardian:Gem_Green"],"picked":"Guardian:Gem_Red","floor":4},{"not_picked":["Guardian:Suspension","Guardian:ChargeUp"],"picked":"Guardian:DecasProtection","floor":5},{"not_picked":["Guardian:Incinerate","Guardian:PrimingBeam"],"picked":"Guardian:SentryBeam","floor":6},{"not_picked":["Guardian:Harden","Guardian:Gem_Blue"],"picked":"Guardian:Gem_White","floor":8},{"not_picked":["Guardian:Recover","Guardian:FuturePlans"],"picked":"Guardian:Gem_Blue","floor":13},{"not_picked":["Guardian:Planning","Guardian:ChargeUp"],"picked":"Guardian:PrismaticBeam","floor":14},{"not_picked":["Guardian:TemporalStrike","Guardian:PrimingBeam"],"picked":"Guardian:TimeCapacitor","floor":15},{"not_picked":["Guardian:CompilePackage","Guardian:FastForward"],"picked":"Guardian:GemFinder","floor":16},{"not_picked":["Guardian:Gem_Lightblue","Guardian:Gem_Cyan"],"picked":"Guardian:Gem_Green","floor":19},{"not_picked":["Guardian:Reroute+1","Guardian:PrimingBeam"],"picked":"Guardian:BronzeArmor","floor":19},{"not_picked":["Guardian:Gem_Green","Guardian:Gem_Lightblue"],"picked":"Guardian:Gem_Red","floor":20},{"not_picked":["Guardian:PrimingBeam","Guardian:Recover"],"picked":"Guardian:Gem_Yellow","floor":20},{"not_picked":["Guardian:Preprogram","Guardian:TemporalStrike"],"picked":"Guardian:FuturePlans","floor":22},{"not_picked":["Guardian:ShieldSpikes","Guardian:ConstructionForm"],"picked":"Guardian:ShieldCharger","floor":25},{"not_picked":["Guardian:Gem_Red","Guardian:Gem_Green"],"picked":"Guardian:Gem_Cyan","floor":26},{"not_picked":["Guardian:Harden","Guardian:WalkerClaw"],"picked":"Guardian:Gem_Fragmented","floor":26},{"not_picked":["Guardian:VentSteam","Guardian:Gem_Lightblue"],"picked":"Guardian:PrismaticBarrier+1","floor":27},{"not_picked":["Guardian:TimeCapacitor+1","Guardian:DecasProtection"],"picked":"Guardian:Gem_White","floor":29},{"not_picked":["Guardian:Gem_Red","Guardian:Gem_Lightblue"],"picked":"Guardian:Gem_Green","floor":30},{"not_picked":["Guardian:Planning","Guardian:Gem_Green","Guardian:RollAttack"],"picked":"SKIP","floor":30},{"not_picked":["Guardian:Gem_Lightblue","Guardian:Gem_Green"],"picked":"Guardian:Gem_Cyan","floor":31},{"not_picked":["Guardian:Reroute","Guardian:TemporalShield+1"],"picked":"Guardian:SentryBeam+1","floor":31},{"not_picked":["Guardian:Planning","Guardian:WalkerClaw+1"],"picked":"Guardian:Preprogram","floor":32},{"not_picked":["Guardian:TimeSifter","Guardian:StasisField"],"picked":"Guardian:Gem_Synthetic","floor":33},{"not_picked":["Guardian:Reroute","Guardian:Gem_Lightblue"],"picked":"Guardian:CrystalBeam+1","floor":36},{"not_picked":["Guardian:VentSteam","Guardian:Reroute+1"],"picked":"Guardian:DonusPower","floor":37},{"not_picked":["Guardian:PrimingBeam","Guardian:Suspension+1"],"picked":"Guardian:BronzeArmor+1","floor":38},{"not_picked":["Guardian:Gem_Fragmented","Guardian:Recover"],"picked":"Guardian:RevengeProtocol","floor":39},{"not_picked":["Guardian:Planning","Guardian:TemporalStrike+1"],"picked":"Guardian:StasisField","floor":42},{"not_picked":["Guardian:Gem_Lightblue","Guardian:Gem_Cyan"],"picked":"Guardian:FloatingOrbs","floor":44},{"not_picked":["Guardian:FuturePlans","Guardian:Gem_Green"],"picked":"Guardian:EvasiveProtocol","floor":45},{"not_picked":["Guardian:PiercingHide+1","Guardian:Gem_White"],"picked":"Guardian:SphericShield","floor":46}],"player_experience":1468124,"relics_obtained":[{"floor":7,"key":"Potion Belt"},{"floor":8,"key":"Eternal Feather"},{"floor":14,"key":"Gremlin Horn"},{"floor":25,"key":"Guardian:SackOfGems"},{"floor":25,"key":"Pantograph"},{"floor":27,"key":"MealTicket"},{"floor":28,"key":"Anchor"},{"floor":41,"key":"Vajra"},{"floor":44,"key":"Thread and Needle"},{"floor":46,"key":"Bronze Scales"}],"event_choices":[{"damage_healed":0,"gold_gain":0,"player_choice":"Donut","damage_taken":0,"max_hp_gain":5,"max_hp_loss":0,"event_name":"Big Fish","floor":2,"gold_loss":0},{"damage_healed":0,"gold_gain":0,"player_choice":"Simplicity","damage_taken":0,"max_hp_gain":0,"max_hp_loss":8,"event_name":"betterThird:BetterWriting","floor":21,"gold_loss":0}],"is_beta":false,"boss_relics":[{"not_picked":["Coffee Dripper","Sozu"],"picked":"sneckomod:SneckoTalon"},{"not_picked":["Runic Pyramid","Runic Dome"],"picked":"Empty Cage"}],"items_purged_floors":[29,36],"is_endless":false,"potions_floor_spawned":[4,14,15,16,19,25,30,31,32,33,37,39,43,45,46],"ascension_level":0}}