{"host":"Ian","time":1610307794,"event":{"mods":["BaseMod","Bestiary","Block Reminder","Colored Map","Highlight Path","Key Reminder","Minty Spire (QoL Compilation)","Relic Stats"],"gold_per_floor":[360,5,80,90,107,107,135,135,135,148,181,181,181,181,181,252,252,270,270,282,298,309,309,344,344,344],"floor_reached":25,"playtime":1036,"items_purged":["Strike_R"],"score":562,"play_id":"d631b9c6-0ad5-4939-a631-6fe196907163","local_time":"20210110194314","is_ascension_mode":true,"campfire_choices":[{"floor":6.0,"key":"REST"},{"data":"Wild Strike","floor":8.0,"key":"SMITH"},{"data":"Whirlwind","floor":13.0,"key":"SMITH"},{"data":"Bash","floor":15.0,"key":"SMITH"},{"floor":23.0,"key":"REST"}],"circlet_count":0,"master_deck":["AscendersBane","Strike_R","Strike_R","Strike_R","Defend_R","Defend_R","Defend_R","Defend_R","Bash+1","Wild Strike+1","Evolve","Reckless Charge","Whirlwind+1","Inflame","Battle Trance","Feed","Flame Barrier+1","True Grit+1","Warcry+1","Impervious+1","Ghostly Armor+1"],"relics":["Burning Blood","Lantern","Calipers","keyreminder:keyreminder","Toxic Egg 2","Sozu","MealTicket"],"acts_visited":["Exordium","TheCity"],"potions_floor_usage":[],"damage_taken":[{"damage":16.0,"enemies":"Jaw Worm","floor":1.0,"turns":5.0},{"damage":8.0,"enemies":"Small Slimes","floor":4.0,"turns":3.0},{"damage":0.0,"enemies":"2 Louse","floor":5.0,"turns":1.0},{"damage":25.0,"enemies":"3 Sentries","floor":7.0,"turns":5.0},{"damage":1.0,"enemies":"Looter","floor":10.0,"turns":2.0},{"damage":25.0,"enemies":"Lagavulin","floor":11.0,"turns":5.0},{"damage":0.0,"enemies":"Slime Boss","floor":16.0,"turns":6.0},{"damage":36.0,"enemies":"Shell Parasite","floor":18.0,"turns":4.0},{"damage":20.0,"enemies":"2 Thieves","floor":20.0,"turns":5.0},{"damage":27.0,"enemies":"Snake Plant","floor":21.0,"turns":5.0},{"damage":19.0,"enemies":"Cultist and Chosen","floor":22.0,"turns":5.0},{"damage":24,"enemies":"Gremlin Leader","floor":24,"turns":5},{"damage":32,"enemies":"Snecko","floor":25,"turns":6}],"seed_played":"6712149443573263904","potions_obtained":[{"floor":4.0,"key":"Weak Potion"},{"floor":5.0,"key":"Strength Potion"},{"floor":10.0,"key":"Strength Potion"}],"is_trial":false,"path_per_floor":["M","$","?","M","M","R","E","R","T","M","E","?","R","?","R","B",null,"M","?","M","M","M","R","E","M"],"character_chosen":"IRONCLAD","items_purchased":["Evolve","Lantern","Reckless Charge"],"campfire_rested":2,"item_purchase_floors":[2,2,2],"current_hp_per_floor":[40,40,29,27,33,55,36,36,36,41,22,22,22,47,47,53,70,43,59,45,27,17,42,24,0,0],"gold":344,"neow_bonus":"TWO_FIFTY_GOLD","is_daily":false,"chose_seed":false,"campfire_upgraded":3,"win_rate":0.0,"timestamp":1610307794,"path_taken":["M","$","?","M","M","R","E","R","T","M","E","?","R","?","R","BOSS","M","?","M","M","M","R","E","M"],"items_purchased_type":["Card","Relic","Card"],"build_version":"2020-12-18","purchased_purges":1,"victory":false,"max_hp_per_floor":[75,75,75,75,75,75,75,75,75,75,75,75,75,75,75,75,75,78,78,78,81,84,84,84,84,84],"relic_stats":{"Sozu":2,"counters":[13,57],"MealTicket":0,"obtain_stats":[{"keyreminder:keyreminder":9,"Sozu":17,"Lantern":2,"Calipers":7,"MealTicket":24,"Toxic Egg 2":11,"Burning Blood":0},{"keyreminder:keyreminder":4,"Sozu":7,"Lantern":1,"Calipers":4,"MealTicket":12,"Toxic Egg 2":6,"Burning Blood":0},{"keyreminder:keyreminder":14,"Sozu":27,"Lantern":5,"Calipers":14,"MealTicket":51,"Toxic Egg 2":21,"Burning Blood":0}],"Burning Blood":72},"card_choices":[{"not_picked":["Shrug It Off","Thunderclap"],"picked":"Wild Strike","floor":1.0},{"not_picked":["Searing Blow","Clothesline"],"picked":"Whirlwind","floor":4.0},{"not_picked":["Havoc","Anger"],"picked":"Inflame","floor":5.0},{"not_picked":["Twin Strike","Heavy Blade"],"picked":"Battle Trance","floor":7.0},{"not_picked":["Bloodletting","Sword Boomerang","Iron Wave"],"picked":"SKIP","floor":10.0},{"not_picked":["Searing Blow","Cleave","Pommel Strike"],"picked":"SKIP","floor":11.0},{"not_picked":["Double Tap+1","Juggernaut"],"picked":"Feed","floor":16.0},{"not_picked":["Rupture","Whirlwind"],"picked":"Flame Barrier+1","floor":18.0},{"not_picked":["Anger","Warcry+1"],"picked":"True Grit+1","floor":20.0},{"not_picked":["Body Slam+1","Clash"],"picked":"Warcry+1","floor":21.0},{"not_picked":["Clothesline","Headbutt"],"picked":"Impervious+1","floor":22.0},{"not_picked":["Body Slam","Headbutt"],"picked":"Ghostly Armor+1","floor":24}],"player_experience":2667642,"relics_obtained":[{"floor":7.0,"key":"Calipers"},{"floor":11.0,"key":"Toxic Egg 2"},{"floor":24,"key":"MealTicket"}],"event_choices":[{"damage_healed":0.0,"max_hp_gain":0.0,"max_hp_loss":0.0,"gold_gain":75.0,"event_name":"World of Goop","player_choice":"Gather Gold","floor":3.0,"gold_loss":0.0,"damage_taken":11.0},{"cards_removed":["Strike_R"],"damage_healed":0.0,"max_hp_gain":0.0,"max_hp_loss":0.0,"gold_gain":0.0,"event_name":"Living Wall","player_choice":"Forget","floor":12.0,"gold_loss":0.0,"damage_taken":0.0},{"damage_healed":25.0,"max_hp_gain":0.0,"max_hp_loss":0.0,"gold_gain":0.0,"event_name":"Big Fish","player_choice":"Banana","floor":14.0,"gold_loss":0.0,"damage_taken":0.0},{"damage_healed":16.0,"max_hp_gain":0.0,"max_hp_loss":0.0,"gold_gain":0.0,"event_name":"The Library","player_choice":"Heal","floor":19.0,"gold_loss":0.0,"damage_taken":0.0}],"is_beta":true,"boss_relics":[{"not_picked":["Empty Cage","Runic Dome"],"picked":"Sozu"}],"items_purged_floors":[2],"is_endless":false,"potions_floor_spawned":[4,5,10,20,21],"killed_by":"Snecko","ascension_level":20}}