{"host":"cimxalwyqyblhb3d","time":1610309350,"event":{"mods":["AchievementEnabler","BaseMod","Colored Powertips","Evolution","Minty Spire (QoL Compilation)","Quick Restart","StSLib"],"gold_per_floor":[115,133,88,88,101,136,136,136,136,149,179,179,3,22,22,122,122,137,77,77],"floor_reached":19,"playtime":646,"items_purged":[],"score":204,"play_id":"78c23366-0f8a-462b-8926-de7413430976","local_time":"20210110210910","is_ascension_mode":true,"campfire_choices":[{"data":"Streamline","floor":8,"key":"SMITH"},{"data":"Genetic Algorithm","floor":12,"key":"SMITH"},{"data":"Hologram","floor":15,"key":"SMITH"}],"circlet_count":0,"master_deck":["Rebound","Rebound","Rebound","Strike_B","Defend_B","Defend_B","Defend_B","Defend_B","Zap","Dualcast","Genetic Algorithm+1","Coolheaded","Streamline+1","Loop","Redo","Hologram+1","Scrape","Reboot","Steam"],"relics":["Cracked Core","EVO:Axolotl","NeowsBlessing","Anchor","Bottled Tornado","Potion Belt","Vajra","Philosopher\u0027s Stone"],"acts_visited":["Exordium","TheCity"],"potions_floor_usage":[6,6,10,10],"damage_taken":[{"damage":0,"enemies":"Jaw Worm","floor":1,"turns":1},{"damage":0,"enemies":"Cultist","floor":2,"turns":1},{"damage":0,"enemies":"2 Louse","floor":5,"turns":1},{"damage":19,"enemies":"Gremlin Nob","floor":6,"turns":4},{"damage":0,"enemies":"2 Fungi Beasts","floor":10,"turns":2},{"damage":21,"enemies":"Lagavulin","floor":11,"turns":6},{"damage":6,"enemies":"Exordium Wildlife","floor":14,"turns":4},{"damage":6,"enemies":"Slime Boss","floor":16,"turns":7},{"damage":65,"enemies":"3 Byrds","floor":18,"turns":4},{"damage":12,"enemies":"2 Thieves","floor":19,"turns":2}],"seed_played":"7522827315075747985","potions_obtained":[{"floor":1,"key":"Block Potion"},{"floor":4,"key":"Energy Potion"},{"floor":4,"key":"LiquidMemories"},{"floor":6,"key":"Swift Potion"}],"is_trial":false,"path_per_floor":["M","M","$","?","M","E","?","R","T","M","E","R","$","M","R","B",null,"M","M"],"character_chosen":"DEFECT","items_purchased":["Streamline","Vajra","Hologram"],"campfire_rested":0,"item_purchase_floors":[3,13,13],"current_hp_per_floor":[75,75,75,75,75,56,61,61,61,61,40,40,40,34,34,28,75,10,0,0],"gold":77,"neow_bonus":"THREE_ENEMY_KILL","is_daily":false,"chose_seed":false,"campfire_upgraded":3,"win_rate":0.0,"timestamp":1610309350,"path_taken":["M","M","$","?","?","E","?","R","T","M","E","R","?","M","R","BOSS","M","M"],"items_purchased_type":["Card","Relic","Card"],"build_version":"2020-12-22","purchased_purges":0,"victory":false,"max_hp_per_floor":[75,75,75,75,75,75,75,75,75,75,75,75,75,75,75,75,75,75,75,75],"card_choices":[{"not_picked":["Melter","Compile Driver"],"picked":"Genetic Algorithm","floor":1},{"not_picked":["Hologram","Turbo"],"picked":"Coolheaded","floor":2},{"not_picked":["Conserve Battery","Biased Cognition"],"picked":"Go for the Eyes","floor":5},{"not_picked":["Sunder","Steam"],"picked":"Loop","floor":6},{"not_picked":["Hello World","Darkness","Fusion"],"picked":"SKIP","floor":10},{"not_picked":["Conserve Battery","Compile Driver"],"picked":"Redo","floor":11},{"not_picked":["Stack","Chaos"],"picked":"Scrape","floor":14},{"not_picked":["Amplify","Buffer"],"picked":"Reboot","floor":16},{"not_picked":["Beam Cell+1","Turbo"],"picked":"Steam","floor":18}],"player_experience":493515,"relics_obtained":[{"floor":6,"key":"Anchor"},{"floor":9,"key":"Bottled Tornado"},{"floor":11,"key":"Potion Belt"}],"event_choices":[{"damage_healed":0,"gold_gain":0,"player_choice":"Got Potions","damage_taken":0,"max_hp_gain":0,"max_hp_loss":0,"event_name":"Lab","floor":4,"gold_loss":0},{"cards_removed":["Go for the Eyes"],"damage_healed":5,"gold_gain":0,"player_choice":"Offered Common","damage_taken":0,"max_hp_gain":0,"max_hp_loss":0,"event_name":"Bonfire Elementals","floor":7,"gold_loss":0},{"cards_removed":["Go for the Eyes"],"damage_healed":5,"gold_gain":0,"player_choice":"Offered Special","damage_taken":0,"max_hp_gain":0,"max_hp_loss":0,"event_name":"Bonfire Elementals","floor":7,"gold_loss":0}],"is_beta":false,"boss_relics":[{"not_picked":["Calling Bell","Velvet Choker"],"picked":"Philosopher\u0027s Stone"}],"items_purged_floors":[],"is_endless":false,"potions_floor_spawned":[1,5,6],"killed_by":"2 Thieves","ascension_level":3}}