{"host":"ox77rn1xcurm2t5a","time":1610320283,"event":{"mods":["2.2 Compatiblity","AchievementEnabler","Act Like it!","Aspiration","BaseMod","Best Route Mod","Better Match","Better Note","Better Sensory Stone","Block Reminder","Colored Map","Colored Powertips","Conjunction","Conspire","Custom Start","Energized Spire","GifTheSpireLib","Gold Saver","Gremlin Skip","Halation","Highlight Path","Hubris","Infinite Spire","Minty Spire (QoL Compilation)","Pale of the Ancients","Quick Restart","Replay The Spire","Reworked Bosses","ShortenTheSpire","Spire Exporter","StSLib","Stuff the Spire","Wandering Minibosses","vexMod"],"gold_per_floor":[112,72,72,82,82,114,114,141,141,141,141,171,96,130,130,209,209,229,229,229,229,27,27,27,27],"floor_reached":24,"playtime":385,"items_purged":["Strike_B","Strike_B"],"score":410,"play_id":"99bdead2-6ee1-4495-ba79-b6e8c0e671ca","local_time":"20210111011123","is_ascension_mode":true,"campfire_choices":[{"data":"hubris:DuctTapeCard","floor":7.0,"key":"SMITH"},{"floor":10.0,"key":"RECALL"},{"data":"White Noise","floor":15.0,"key":"SMITH"},{"data":"Creative AI","floor":23,"key":"SMITH"}],"circlet_count":0,"master_deck":["AscendersBane","Strike_B","Strike_B","Defend_B","Defend_B","Defend_B","Dualcast","White Noise+1","BootSequence+1","Loop+1","Ball Lightning","FIFO Queue","Creative AI+1","hubris:DuctTapeCard","infinitespire:NeuralNetwork","FIFO Queue","Cold Snap"],"relics":["Cracked Core","NeowsBlessing","hubris:DuctTape","Mercury Hourglass","Anchor","aspiration:ChemicalBlood","hubris:64BitClover"],"acts_visited":["Exordium","TheCity"],"potions_floor_usage":[],"damage_taken":[{"damage":0.0,"enemies":"2 Louse","floor":1.0,"turns":1.0},{"damage":0.0,"enemies":"Cultist","floor":4.0,"turns":1.0},{"damage":0.0,"enemies":"Lagavulin","floor":6.0,"turns":1.0},{"damage":5.0,"enemies":"3 Sentries","floor":8.0,"turns":3.0},{"damage":16.0,"enemies":"Gremlin Nob","floor":12.0,"turns":3.0},{"damage":20.0,"enemies":"3 Sentries","floor":14.0,"turns":4.0},{"damage":8.0,"enemies":"The Guardian","floor":16.0,"turns":7.0},{"damage":21.0,"enemies":"Shell Parasite","floor":18.0,"turns":4.0},{"damage":0,"enemies":"conspire:FuzzyDice","floor":24,"turns":1}],"seed_played":"6566951780769988015","potions_obtained":[{"floor":1.0,"key":"Venom Potion"},{"floor":2.0,"key":"Ancient Potion"},{"floor":8.0,"key":"Fruit Juice"},{"floor":12.0,"key":"Swift Potion"},{"floor":18.0,"key":"SteroidPotion"}],"is_trial":false,"path_per_floor":["M","?","$","M","?","E","R","E","T","R","?","E","$","E","R","B",null,"M","?","?","AVR","$","R","M"],"character_chosen":"DEFECT","items_purchased":["Regen Potion","FIFO Queue","Cold Snap"],"campfire_rested":0,"item_purchase_floors":[22,22,22],"current_hp_per_floor":[64,64,64,64,64,64,64,64,64,64,64,48,48,28,28,20,62,46,46,46,46,46,46,46,46],"gold":27,"neow_bonus":"THREE_ENEMY_KILL","is_daily":false,"chose_seed":false,"campfire_upgraded":3,"win_rate":0.0,"timestamp":1610320283,"path_taken":["M","?","?","M","?","E","R","E","T","R","?","E","?","E","R","BOSS","M","?","?","AVR","?","R","M"],"items_purchased_type":["Potion","Card","Card"],"build_version":"2020-12-22","purchased_purges":2,"victory":false,"max_hp_per_floor":[71,71,71,71,71,71,71,76,76,76,76,76,76,76,76,76,76,76,76,76,76,76,76,76,76],"card_choices":[{"not_picked":["Redo","Beam Cell"],"picked":"Ball Lightning","floor":1.0},{"not_picked":["Double Energy","Leap"],"picked":"White Noise","floor":4.0},{"not_picked":["conspire:Rain","BasicCrystalCard"],"picked":"Loop","floor":6.0},{"not_picked":["Reprogram","Hologram"],"picked":"Ball Lightning","floor":8.0},{"not_picked":["Turbo","Streamline","ReplayGash"],"picked":"SKIP","floor":12.0},{"not_picked":["conspire:Rain","Barrage"],"picked":"FIFO Queue","floor":14.0},{"not_picked":["Biased Cognition","Hyperbeam"],"picked":"Creative AI","floor":16.0},{"not_picked":["Stack","Sweeping Beam","Lockon"],"picked":"SKIP","floor":18.0}],"player_experience":2981964,"relics_obtained":[{"floor":6.0,"key":"hubris:DuctTape"},{"floor":8.0,"key":"Mercury Hourglass"},{"floor":12.0,"key":"Anchor"},{"floor":14.0,"key":"aspiration:ChemicalBlood"}],"event_choices":[{"damage_healed":0.0,"max_hp_gain":0.0,"max_hp_loss":0.0,"gold_gain":0.0,"event_name":"The Woman in Blue","player_choice":"Bought 3 Potions","floor":2.0,"gold_loss":0.0,"damage_taken":0.0}],"is_beta":false,"boss_relics":[{"not_picked":["StuffTheSpire:Kangaroo","hubris:GrandSneckoEye","halation:Yufonium"]}],"items_purged_floors":[13,21],"is_endless":false,"potions_floor_spawned":[1,8,12,18],"killed_by":"conspire:FuzzyDice","ascension_level":14}}