{"host":"gafwejejal4v72m6","time":1610274276,"event":{"mods":["Aspiration","BaseMod","BetterRewards","Clockwork Mod","Conspire","Googly Eyes","Hermit","Hubris","Minty Spire (QoL Compilation)","Rare Cards Sparkle","Shop Mod","StSLib","The Necromancer"],"gold_per_floor":[109,121,133,133,133,133,158,175,200,53,73,148,148,160,160,264,264,282,282,297,297,308,308,308,308,308],"floor_reached":25,"playtime":1049,"items_purged":["hermit:Feint"],"score":348,"play_id":"6f1949b7-80c5-41a0-b841-96bdf9cffa39","local_time":"20210110172436","is_ascension_mode":true,"campfire_choices":[{"data":"hermit:Determination","floor":6,"key":"SMITH"},{"floor":13,"key":"REST"},{"floor":15,"key":"REST"},{"floor":23,"key":"REST"}],"circlet_count":0,"master_deck":["hermit:Strike_Hermit","hermit:Strike_Hermit","hermit:Defend_Hermit","hermit:Defend_Hermit","hermit:Defend_Hermit","hermit:Snapshot","hermit:Covet","hermit:Quickdraw","Madness","hermit:Determination+1","hermit:Dive","hermit:WideOpen","hermit:Coalescence","hermit:Headshot","hermit:LoneWolf","hermit:FlashPowder","hermit:EternalForm","hermit:Headshot+1","hermit:EternalForm","hermit:Quickdraw","hermit:SprayPray","hermit:Malice","hermit:EyeOfTheStorm+1"],"relics":["hermit:Momento","Nunchaku","Toy Ornithopter","Bag of Preparation","Membership Card","conspire:SlowCooker"],"acts_visited":["Exordium","TheCity"],"potions_floor_usage":[7,16,20],"damage_taken":[{"damage":0,"enemies":"2 Louse","floor":1,"turns":3},{"damage":11,"enemies":"Jaw Worm","floor":2,"turns":5},{"damage":0,"enemies":"Cultist","floor":3,"turns":5},{"damage":17,"enemies":"Gremlin Nob","floor":7,"turns":4},{"damage":9,"enemies":"Exordium Wildlife","floor":8,"turns":3},{"damage":8,"enemies":"Lots of Slimes","floor":11,"turns":3},{"damage":12,"enemies":"Blue Slaver","floor":14,"turns":4},{"damage":25,"enemies":"Slime Boss","floor":16,"turns":8},{"damage":27,"enemies":"3 Byrds","floor":18,"turns":7},{"damage":13,"enemies":"Chosen","floor":20,"turns":6},{"damage":22,"enemies":"Snake Plant","floor":22,"turns":5},{"damage":34,"enemies":"Sentry and Sphere","floor":25,"turns":5}],"seed_played":"-8255837809370114627","potions_obtained":[{"floor":2,"key":"Dexterity Potion"},{"floor":3,"key":"AttackPotion"},{"floor":8,"key":"SteroidPotion"},{"floor":16,"key":"Explosive Potion"},{"floor":18,"key":"AttackPotion"}],"is_trial":false,"path_per_floor":["M","M","M","?","?","R","E","M","T","$","M","?","R","M","R","B",null,"M","?","M","?","M","R","?","M"],"character_chosen":"HERMIT","items_purchased":["Nunchaku","hermit:Quickdraw","Madness","Membership Card"],"campfire_rested":3,"item_purchase_floors":[0,0,0,10],"current_hp_per_floor":[59,48,48,48,48,48,31,22,22,22,14,3,24,12,33,13,70,43,43,35,35,13,34,34,0,0],"gold":308,"neow_bonus":"","is_daily":false,"chose_seed":false,"campfire_upgraded":1,"win_rate":0.0,"timestamp":1610274276,"path_taken":["M","M","M","?","?","R","E","M","T","$","?","?","R","M","R","BOSS","M","?","?","?","M","R","?","M"],"items_purchased_type":["Relic","Card","Card","Relic"],"build_version":"2020-12-22","purchased_purges":1,"victory":false,"max_hp_per_floor":[70,70,70,70,70,70,70,70,70,70,70,70,70,70,70,70,70,70,70,70,70,70,70,70,70,70],"card_choices":[{"not_picked":["hermit:Virtue","hermit:LoneWolf"],"picked":"hermit:Determination","floor":1},{"not_picked":["hermit:Manifest","hermit:Desperado"],"picked":"hermit:Dive","floor":2},{"not_picked":["hermit:FullyLoaded","hermit:Showdown"],"picked":"hermit:WideOpen","floor":3},{"not_picked":["hermit:OverwhelmingPower","hermit:SprayPray"],"picked":"hermit:Headshot","floor":7},{"not_picked":["hermit:ShadowCloak","hermit:Headshot"],"picked":"hermit:LoneWolf","floor":8},{"not_picked":["hermit:TrackingShot","hermit:TakeCover","hermit:FlashPowder"],"picked":"SKIP","floor":11},{"not_picked":["hermit:ItchyTrigger","hermit:BodyArmor"],"picked":"hermit:FlashPowder","floor":14},{"not_picked":["hermit:FromBeyond","hermit:Gambit"],"picked":"hermit:EternalForm","floor":16},{"not_picked":["hermit:Desperado","hermit:CalledShot"],"picked":"hermit:Headshot+1","floor":18},{"not_picked":["hermit:ItchyTrigger","hermit:Ricochet"],"picked":"hermit:Quickdraw","floor":20},{"not_picked":["hermit:Misfire","hermit:Horror+1"],"picked":"hermit:EyeOfTheStorm+1","floor":22}],"player_experience":69472,"relics_obtained":[{"floor":7,"key":"Toy Ornithopter"},{"floor":9,"key":"Bag of Preparation"}],"event_choices":[{"cards_removed":["hermit:Defend_Hermit"],"damage_healed":0,"gold_gain":0,"player_choice":"Offered Basic","damage_taken":0,"max_hp_gain":0,"max_hp_loss":0,"event_name":"Bonfire Elementals","floor":5,"gold_loss":0},{"damage_healed":0,"gold_gain":75,"player_choice":"Gather Gold","damage_taken":11,"max_hp_gain":0,"max_hp_loss":0,"event_name":"World of Goop","floor":12,"gold_loss":0},{"damage_healed":0,"gold_gain":0,"player_choice":"Copied","damage_taken":0,"max_hp_gain":0,"max_hp_loss":0,"event_name":"Duplicator","floor":19,"gold_loss":0,"cards_obtained":["hermit:EternalForm"]},{"damage_healed":0,"gold_gain":0,"cards_transformed":["hermit:Strike_Hermit","hermit:Strike_Hermit"],"player_choice":"Became Test Subject","damage_taken":0,"max_hp_gain":0,"max_hp_loss":0,"event_name":"Drug Dealer","floor":21,"gold_loss":0,"cards_obtained":["hermit:SprayPray","hermit:Malice"]},{"damage_healed":0,"gold_gain":0,"player_choice":"Ignored","damage_taken":0,"max_hp_gain":0,"max_hp_loss":0,"event_name":"Beggar","floor":24,"gold_loss":0}],"is_beta":false,"boss_relics":[{"not_picked":["hubris:GrandSneckoEye","hubris:Stopwatch"],"picked":"conspire:SlowCooker"}],"items_purged_floors":[0],"is_endless":false,"potions_floor_spawned":[2,3,8,16,18],"killed_by":"Sentry and Sphere","ascension_level":3}}