{"host":"Connor","time":1610251120,"event":{"mods":["Aspiration","BaseMod","Downfall","Hubris","Marisa????????","Minty Spire (QoL Compilation)","Replay The Spire","StSLib","The Cursed","The Jungle","The Servant 0.9.4"],"gold_per_floor":[118,131,131,131,142,177,27,27,27,54,67,67,85,120,120,120,120],"floor_reached":16,"playtime":492,"items_purged":[],"score":204,"play_id":"2fae7d63-daf1-4330-9d97-07701684e181","local_time":"20210109195840","is_ascension_mode":true,"campfire_choices":[{"floor":12,"key":"RECALL"},{"data":"Strike_G","floor":15,"key":"PURGE"}],"circlet_count":0,"master_deck":["AscendersBane","Strike_G","Strike_G","Strike_G","Defend_G","Defend_G","Defend_G","Defend_G","Defend_G","Survivor","Neutralize","Dash","Dash","Deadly Poison","Corpse Explosion","Footwork","Flying Knee+1","Dagger Spray+1"],"relics":["Ring of the Snake","NeowsBlessing","hubris:Towel","hubris:CuriousFeather","hubris:OldNail","Molten Egg 2","Vajra"],"acts_visited":["Exordium"],"potions_floor_usage":[16],"damage_taken":[{"damage":0,"enemies":"Small Slimes","floor":1,"turns":1},{"damage":0,"enemies":"Jaw Worm","floor":2,"turns":1},{"damage":0,"enemies":"2 Louse","floor":5,"turns":1},{"damage":17,"enemies":"3 Sentries","floor":6,"turns":11},{"damage":18,"enemies":"Replay:BlueRogue","floor":10,"turns":8},{"damage":2,"enemies":"Exordium Thugs","floor":11,"turns":6},{"damage":8,"enemies":"3 Louse","floor":13,"turns":4},{"damage":31,"enemies":"3 Sentries","floor":14,"turns":9},{"damage":17,"enemies":"Slime Boss","floor":16,"turns":6}],"seed_played":"5519955742792325689","potions_obtained":[{"floor":5,"key":"sneckomod:MuddlingPotion"},{"floor":10,"key":"GamblersBrew"},{"floor":11,"key":"Swift Potion"}],"is_trial":false,"path_per_floor":["M","M","?","?","M","E","$","?","T","E","M","R","M","E","R","B"],"character_chosen":"THE_SILENT","items_purchased":["hubris:OldNail"],"campfire_rested":0,"item_purchase_floors":[7],"current_hp_per_floor":[59,59,52,52,52,35,35,76,76,58,56,56,48,17,17,0,0],"gold":120,"neow_bonus":"THREE_ENEMY_KILL","is_daily":false,"chose_seed":false,"campfire_upgraded":0,"win_rate":0.0,"timestamp":1610251120,"path_taken":["M","M","?","?","M","E","$","?","T","E","M","R","?","E","R","BOSS"],"items_purchased_type":["Relic"],"build_version":"2020-12-18","purchased_purges":0,"victory":false,"max_hp_per_floor":[66,66,66,66,66,66,66,76,76,76,76,76,76,76,76,76,76],"card_choices":[{"not_picked":["Dagger Throw","Leg Sweep"],"picked":"Dash","floor":1},{"not_picked":["Choke","hubris:SlightOfHand"],"picked":"Dash","floor":2},{"not_picked":["Acrobatics","Eviscerate"],"picked":"Deadly Poison","floor":5},{"not_picked":["Outmaneuver","Flying Knee"],"picked":"Die Die Die","floor":6},{"not_picked":["Dagger Spray+1","Flechettes+1"],"picked":"Corpse Explosion","floor":10},{"not_picked":["Infinite Blades","Flying Knee+1"],"picked":"Footwork","floor":11},{"not_picked":["Blade Dance","Accuracy"],"picked":"Flying Knee+1","floor":13},{"not_picked":["Outmaneuver","Underhanded Strike+1"],"picked":"Dagger Spray+1","floor":14}],"player_experience":579717,"relics_obtained":[{"floor":6,"key":"hubris:CuriousFeather"},{"floor":10,"key":"Molten Egg 2"},{"floor":14,"key":"Vajra"}],"event_choices":[{"cards_removed":["Strike_G"],"damage_healed":0,"gold_gain":0,"player_choice":"Card Removal","damage_taken":7,"max_hp_gain":0,"max_hp_loss":0,"event_name":"Golden Wing","floor":3,"gold_loss":0},{"cards_removed":["Die Die Die"],"damage_healed":31,"gold_gain":0,"player_choice":"Offered Rare","damage_taken":0,"max_hp_gain":10,"max_hp_loss":0,"event_name":"Bonfire Elementals","floor":8,"gold_loss":0}],"is_beta":true,"boss_relics":[],"items_purged_floors":[],"is_endless":false,"potions_floor_spawned":[5,10,11],"killed_by":"Slime Boss","ascension_level":14}}