{"host":"1c52r9kaxdyo25eq","time":1610247891,"event":{"mods":["AchievementEnabler","BaseMod","Minty Spire (QoL Compilation)","Rare Cards Sparkle","SuperFastMode","everything is the same but u backflip on backflip"],"gold_per_floor":[115,129,129,141,152,152,162,43,89,89,89],"floor_reached":10,"playtime":288,"items_purged":["Defend_G"],"score":120,"play_id":"314880b2-b1b8-4f78-b907-5a843588c66e","local_time":"20210110120451","is_ascension_mode":true,"campfire_choices":[{"data":"Footwork","floor":6,"key":"SMITH"}],"circlet_count":0,"master_deck":["AscendersBane","Strike_G","Strike_G","Strike_G","Strike_G","Defend_G","Defend_G","Defend_G","Defend_G","Survivor","Neutralize","Quick Slash","Infinite Blades","Acrobatics","Footwork+1","Acrobatics","Reflex"],"relics":["Ring of the Snake","Tough Bandages","Bag of Preparation"],"acts_visited":["Exordium"],"potions_floor_usage":[7,7],"damage_taken":[{"damage":1,"enemies":"Small Slimes","floor":1,"turns":4},{"damage":0,"enemies":"Cultist","floor":2,"turns":3},{"damage":7,"enemies":"Jaw Worm","floor":4,"turns":4},{"damage":12,"enemies":"Blue Slaver","floor":5,"turns":4},{"damage":10,"enemies":"Lots of Slimes","floor":7,"turns":7},{"damage":26,"enemies":"Gremlin Nob","floor":10,"turns":4}],"seed_played":"6910888076851021166","potions_obtained":[{"floor":2,"key":"Dexterity Potion"},{"floor":4,"key":"Regen Potion"}],"is_trial":false,"path_per_floor":["M","M","?","M","M","R","M","$","T","E"],"character_chosen":"THE_SILENT","items_purchased":["Reflex"],"campfire_rested":0,"item_purchase_floors":[8],"current_hp_per_floor":[43,43,43,36,24,24,29,29,29,3,3],"gold":89,"neow_bonus":"ONE_RARE_RELIC","is_daily":false,"chose_seed":false,"campfire_upgraded":1,"win_rate":0.0,"timestamp":1610247891,"path_taken":["M","M","?","M","M","R","M","$","T","E"],"items_purchased_type":["Card"],"build_version":"2020-12-22","purchased_purges":1,"victory":false,"max_hp_per_floor":[66,66,66,66,66,66,66,66,66,66,66],"card_choices":[{"not_picked":["Blade Dance","Leg Sweep"],"picked":"Quick Slash","floor":1},{"not_picked":["Well Laid Plans","Blur"],"picked":"Infinite Blades","floor":2},{"not_picked":["Distraction","Noxious Fumes"],"picked":"Acrobatics","floor":4},{"not_picked":["Dagger Spray","Bane"],"picked":"Footwork","floor":5},{"not_picked":["Expertise","Quick Slash"],"picked":"Acrobatics","floor":7}],"player_experience":569097,"relics_obtained":[{"floor":9,"key":"Bag of Preparation"}],"event_choices":[{"cards_removed":["Strike_G"],"damage_healed":0,"gold_gain":0,"player_choice":"Purged","damage_taken":0,"max_hp_gain":0,"max_hp_loss":0,"event_name":"Purifier","floor":3,"gold_loss":0}],"is_beta":false,"boss_relics":[],"items_purged_floors":[8],"is_endless":false,"potions_floor_spawned":[2,4,5],"killed_by":"Gremlin Nob","ascension_level":20}}