{"host":"eocn4tduyrehyy81","time":1610239180,"event":{"mods":["AchievementEnabler","BaseMod","BetterRewards","Custom Start","Minty Spire (QoL Compilation)","Replay The Spire","StSLib"],"gold_per_floor":[419,443,466,466,135,135,13,13,39,39,80,137,173,173,173,286,286,335,368,406,241,340,384,299,197,248,465,513,564,564,614,614,738,738,781,781,808,768,822,880,474,524,524,567,604,655,695,776,776,820],"floor_reached":51,"playtime":2538,"items_purged":[],"score":1404,"play_id":"78e68a37-8dc0-452f-bc09-37895314033d","local_time":"20210109183940","is_ascension_mode":false,"campfire_choices":[{"data":"Dramatic Entrance","floor":6,"key":"SMITH"},{"data":"Electrodynamics","floor":8,"key":"SMITH"},{"floor":10,"key":"REST"},{"data":"Dark Echo","floor":15,"key":"SMITH"},{"data":"Loop","floor":32,"key":"SMITH"}],"circlet_count":0,"master_deck":["ThroughViolence","Dark Echo+1","Dark Echo+1","Dramatic Entrance+1","Finesse","Finesse","Omega","Omega","Omega","Omega","Buffer","FIFO Queue","FIFO Queue","Electrodynamics+1","Electrodynamics","Electrodynamics","Loop+1","Capacitor","Capacitor","Consume","Genetic Algorithm","Genetic Algorithm","Tempest","BootSequence","Stack","Conserve Battery","Conserve Battery","Conserve Battery","Leap","Leap","Leap","Zap","Zap","Zap","Thunder Strike","Lockon","Lockon","Ball Lightning","Ball Lightning","Barrage","Gash","Gash","Gash","Gash","Gash","Gash","Barrage","ReplayGash","Sweeping Beam","Ball Lightning","Gash+1","Defragment+1","Finesse+1","Tempest+1","Go for the Eyes+1","ReplayTheSpireMod:Calculation Training","Barrage","Conserve Battery","Fusion","Ball Lightning","Rainbow+1","Double Energy+1","Ball Lightning","Rebound","ReplayGash","Ball Lightning","Leap+1","Lockon+1","Recycle+1","Stack","Go for the Eyes+1","Barrage+1","Ball Lightning+1","Storm+1","Electrodynamics+1","Barrage","Redo","Melter","Sweeping Beam","Sweeping Beam","Defragment","Echo Form+1","Go for the Eyes","Barrage","Apotheosis+1","Blind+1","Mind Blast","Barrage+1","Lockon+1","Lockon","Panache+1","Lockon+1","Coolheaded+1","Go for the Eyes+1","Defragment","Sweeping Beam+1","Barrage+1","Streamline+1","Rebound+1","Darkness+1","Rainbow+1"],"relics":["Cracked Core","Anchor","Bag of Marbles","Bag of Preparation","Replay:Bandana","Bird Faced Urn","Black Star","Blood Vial","Bottled Lightning","ClockworkSouvenir","Divine Protection","Eternal Feather","FossilizedHelix","Golden Egg","Cables","Ginger","ReplayFunnel","Happy Flower","Ice Cream","Inserter","Lee\u0027s Waffle","Lantern","King of Hearts","Juzu Bracelet","Meat on the Bone","Medical Kit","Membership Card","Mercury Hourglass","Old Coin","Pear","Potion Belt","Replay:Ringing Soul","Runic Capacitor","Replay:WaspNest","Turnip","Prayer Wheel","Iron Hammer","Matryoshka","CeramicFish","Replay:Mystery Machine","Garlic","Pantograph","Toolbox","Question Card","Oddly Smooth Stone","Orrery","Vajra","Replay:Rubber Ducky","Toxic Egg 2","Chameleon Ring","Nuclear Battery","Counterbalance","Mirror","PreservedInsect","Shovel","OrangePellets","Molten Egg 2","Geode","Replay:Antivirus Software","Calipers"],"acts_visited":["Exordium","TheCity","TheBeyond"],"potions_floor_usage":[16,16,40,48,48,50,50,50,50],"damage_taken":[{"damage":0,"enemies":"2 Louse","floor":1,"turns":1},{"damage":0,"enemies":"Small Slimes","floor":2,"turns":1},{"damage":0,"enemies":"Jaw Worm","floor":3,"turns":1},{"damage":0,"enemies":"2 Fungi Beasts","floor":11,"turns":1},{"damage":0,"enemies":"3 Sentries","floor":12,"turns":2},{"damage":0,"enemies":"Large Slime","floor":13,"turns":1},{"damage":32,"enemies":"Hexaghost","floor":16,"turns":4},{"damage":0,"enemies":"Shell Parasite","floor":18,"turns":2},{"damage":0,"enemies":"Spheric Guardian","floor":19,"turns":1},{"damage":0,"enemies":"Snake Plant","floor":20,"turns":1},{"damage":0,"enemies":"Sentry and Sphere","floor":23,"turns":3},{"damage":0,"enemies":"Centurion and Healer","floor":28,"turns":2},{"damage":0,"enemies":"Replay:Snechameleon","floor":29,"turns":3},{"damage":0,"enemies":"Cultist and Chosen","floor":31,"turns":3},{"damage":0,"enemies":"Champ","floor":33,"turns":5},{"damage":0,"enemies":"3 Shapes","floor":35,"turns":1},{"damage":0,"enemies":"3 Darklings","floor":39,"turns":2},{"damage":0,"enemies":"R_Hoarder","floor":40,"turns":3},{"damage":0,"enemies":"4 Shapes","floor":42,"turns":2},{"damage":0,"enemies":"Reptomancer","floor":44,"turns":1},{"damage":0,"enemies":"Spire Growth","floor":45,"turns":1},{"damage":0,"enemies":"Maw","floor":46,"turns":3},{"damage":0,"enemies":"4 Shapes","floor":47,"turns":1},{"damage":0,"enemies":"Mind Bloom Boss Battle","floor":48,"turns":2},{"damage":0,"enemies":"Donu and Deca","floor":50,"turns":4}],"seed_played":"6659613648620626547","potions_obtained":[{"floor":3,"key":"Swift Potion"},{"floor":16,"key":"Strength Potion"},{"floor":18,"key":"Block Potion"},{"floor":29,"key":"DuplicationPotion"},{"floor":35,"key":"PowerPotion"},{"floor":49,"key":"SmokeBomb"},{"floor":49,"key":"Doom Potion"}],"is_trial":true,"path_per_floor":["M","M","M","?","$","R","$","R","T","R","M","E","M","?","R","B",null,"M","M","M","$","?","M","?","$","T","?","M","E","?","M","R","B",null,"M","?","?","?","M","E","$","M","T","E","M","M","M","?","R","B",null],"character_chosen":"DEFECT","items_purchased":["Gash","Defragment","Finesse","Fruit Juice","Iron Hammer","Tempest","Go for the Eyes","Matryoshka","BlessingOfTheForge","PotionOfCapacity","Lockon","Toolbox","Oddly Smooth Stone","Orrery","PreservedInsect","Shovel","OrangePellets","Energy Potion","Panache"],"campfire_rested":1,"item_purchase_floors":[5,5,5,5,5,5,5,7,21,21,21,21,25,25,41,41,41,41,41],"current_hp_per_floor":[95,98,101,106,109,109,109,109,109,109,112,115,118,118,118,94,126,129,132,135,138,138,141,141,144,144,147,150,153,153,156,156,159,159,162,162,155,155,164,171,174,177,177,180,183,186,189,192,192,192],"gold":820,"neow_bonus":"","is_daily":false,"chose_seed":false,"campfire_upgraded":4,"win_rate":0.0,"timestamp":1610239180,"path_taken":["M","M","M","?","$","R","$","R","T","R","M","E","M","?","R","BOSS","M","M","M","$","?","M","?","$","T","?","M","E","?","M","R","BOSS","M","?","?","?","M","E","$","M","T","E","M","M","M","?","R","BOSS"],"items_purchased_type":["Card","Card","Card","Potion","Relic","Card","Card","Relic","Potion","Potion","Card","Relic","Relic","Relic","Relic","Relic","Relic","Potion","Card"],"build_version":"2020-12-22","purchased_purges":0,"victory":true,"max_hp_per_floor":[95,98,101,106,109,109,109,109,109,109,112,115,118,118,118,126,126,129,132,135,138,138,141,141,144,144,147,150,153,153,156,156,159,159,162,162,165,165,168,171,174,177,177,180,183,186,189,192,192,192],"card_choices":[{"not_picked":["Leap","ReplayTheSpireMod:Repulse"],"picked":"Gash","floor":1},{"not_picked":["Beam Cell","Hologram","Rebound"],"picked":"SKIP","floor":1},{"not_picked":["Go for the Eyes","Streamline"],"picked":"Barrage","floor":2},{"not_picked":["Sweeping Beam","BasicCrystalCard"],"picked":"ReplayGash","floor":2},{"not_picked":["Go for the Eyes","ReplaySolidLightProjector"],"picked":"Sweeping Beam","floor":3},{"not_picked":["Conserve Battery","Reprogram"],"picked":"Ball Lightning","floor":3},{"not_picked":["Panic Button","BasicCrystalCard"],"picked":"ReplayTheSpireMod:Calculation Training","floor":11},{"not_picked":["Self Repair","Amplify"],"picked":"Barrage","floor":11},{"not_picked":["Steam","BasicCrystalCard"],"picked":"Conserve Battery","floor":12},{"not_picked":["Rebound","Panic Button"],"picked":"Fusion","floor":13},{"not_picked":["Panic Button","ReplayTheSpireMod:Reroute Power"],"picked":"Ball Lightning","floor":13},{"not_picked":["Hyperbeam","Machine Learning"],"picked":"Rainbow","floor":16},{"not_picked":["Stack","Cold Snap+1"],"picked":"Double Energy+1","floor":18},{"not_picked":["Recycle+1","BootSequence+1"],"picked":"Ball Lightning","floor":18},{"not_picked":["ReplaySort","Static Discharge"],"picked":"Rebound","floor":19},{"not_picked":["Recycle","Sweeping Beam"],"picked":"ReplayGash","floor":19},{"not_picked":["Rebound+1","Hyperbeam"],"picked":"Ball Lightning","floor":20},{"not_picked":["Rip and Tear","Force Field"],"picked":"Leap+1","floor":20},{"not_picked":["Auto Shields","Steam"],"picked":"Recycle+1","floor":23},{"not_picked":["ReplayTheSpireMod:Reroute Power","Hologram+1"],"picked":"Stack","floor":23},{"not_picked":["Mirror Shield","Streamline","Turbo"],"picked":"Go for the Eyes+1","floor":25},{"not_picked":["Fusion","Rebound","Cold Snap"],"picked":"Barrage","floor":25},{"not_picked":["BootSequence+1","Steam","Force Field"],"picked":"Ball Lightning","floor":25},{"not_picked":["ReplayTheSpireMod:Omega Cannon","Hello World","Streamline"],"picked":"Storm+1","floor":25},{"not_picked":["BasicCrystalCard","Beam Cell+1","Compile Driver"],"picked":"Electrodynamics","floor":25},{"not_picked":["Hologram","Panic Button","Compile Driver"],"picked":"Barrage","floor":27},{"not_picked":["Beam Cell","Barrage","Hologram"],"picked":"Redo","floor":28},{"not_picked":["Chaos","Compile Driver","Rebound"],"picked":"Melter","floor":28},{"not_picked":["Compile Driver","FTL","ReplayRNGCard+1"],"picked":"Sweeping Beam","floor":29},{"not_picked":["BasicCrystalCard+1","Barrage","Redo+1"],"picked":"Sweeping Beam","floor":31},{"not_picked":["Streamline","Blizzard","Sweeping Beam"],"picked":"Defragment","floor":31},{"not_picked":["Rainbow+1","Creative AI","Machine Learning"],"picked":"Echo Form","floor":33},{"not_picked":["Panic Button+1","Blizzard","Self Repair"],"picked":"Go for the Eyes","floor":35},{"not_picked":["Steam+1","Cold Snap+1","Genetic Algorithm+1"],"picked":"Barrage","floor":35},{"not_picked":["Survey Options+1","Mind Blast","Purity+1"],"picked":"Apotheosis+1","floor":37},{"not_picked":["Specialist","Purity+1","Replay:BasicMightCard"],"picked":"Blind+1","floor":37},{"not_picked":["Dark Shackles+1","ReplayUltimateDefense","ReplayTheSpireMod:Necrogeddon"],"picked":"Mind Blast","floor":37},{"not_picked":["Rebound+1","Steam+1","Redo+1"],"picked":"Barrage+1","floor":39},{"not_picked":["Go for the Eyes+1","Cold Snap+1","Gash+1"],"picked":"Lockon+1","floor":39},{"not_picked":["Double Energy+1","Rip and Tear+1","Leap+1"],"picked":"Lockon","floor":40},{"not_picked":["ReplayTheSpireMod:System Scan+1","Turbo+1","Steam+1"],"picked":"Lockon+1","floor":42},{"not_picked":["ReplaySort+1","Force Field+1","Compile Driver"],"picked":"Coolheaded+1","floor":42},{"not_picked":["Ball Lightning+1","Redo+1","Time Bomb+1"],"picked":"Go for the Eyes+1","floor":44},{"not_picked":["Compile Driver+1","Auto Shields+1","Storm+1"],"picked":"Defragment","floor":45},{"not_picked":["Core Surge+1","ReplayTheSpireMod:GoodbyeWorld+1","ReplaySort+1"],"picked":"Sweeping Beam+1","floor":45},{"not_picked":["Hologram+1","Streamline+1","BootSequence+1"],"picked":"Barrage+1","floor":46},{"not_picked":["Panic Button+1","Compile Driver+1","ReplayTheSpireMod:Calculation Training+1"],"picked":"Streamline+1","floor":46},{"not_picked":["Panic Button+1","Steam Power+1","Coolheaded+1"],"picked":"Rebound+1","floor":47},{"not_picked":["Steam+1","Stack+1","Static Discharge"],"picked":"Darkness+1","floor":47},{"not_picked":["Conserve Battery+1","Coolheaded+1","Cold Snap+1"],"picked":"Rainbow+1","floor":48}],"player_experience":72758,"relics_obtained":[{"floor":9,"key":"CeramicFish"},{"floor":9,"key":"Replay:Mystery Machine"},{"floor":12,"key":"Garlic"},{"floor":12,"key":"Pantograph"},{"floor":26,"key":"Vajra"},{"floor":26,"key":"Replay:Rubber Ducky"},{"floor":29,"key":"Toxic Egg 2"},{"floor":29,"key":"Chameleon Ring"},{"floor":40,"key":"Counterbalance"},{"floor":40,"key":"Mirror"},{"floor":43,"key":"Molten Egg 2"},{"floor":44,"key":"Geode"},{"floor":44,"key":"Replay:Antivirus Software"},{"floor":48,"key":"Calipers"}],"event_choices":[{"damage_healed":0,"gold_gain":0,"player_choice":"Donut","damage_taken":0,"max_hp_gain":5,"max_hp_loss":0,"event_name":"Big Fish","floor":4,"gold_loss":0},{"damage_healed":0,"gold_gain":99,"player_choice":"Stole From Cult","damage_taken":0,"max_hp_gain":0,"max_hp_loss":0,"event_name":"Nest","floor":22,"gold_loss":0},{"damage_healed":0,"gold_gain":0,"player_choice":"Obtained Relic","damage_taken":0,"relics_obtained":["Question Card"],"max_hp_gain":0,"max_hp_loss":0,"event_name":"Addict","floor":24,"gold_loss":85},{"damage_healed":0,"gold_gain":0,"player_choice":"Simplicity","damage_taken":0,"max_hp_gain":0,"max_hp_loss":0,"event_name":"Back to Basics","floor":30,"gold_loss":0,"cards_upgraded":[]},{"damage_healed":0,"gold_gain":0,"player_choice":"Ignored","damage_taken":0,"max_hp_gain":0,"max_hp_loss":0,"event_name":"Tomb of Lord Red Mask","floor":36,"gold_loss":0},{"damage_healed":0,"gold_gain":0,"player_choice":"Memory 3","damage_taken":10,"max_hp_gain":0,"max_hp_loss":0,"event_name":"SensoryStone","floor":37,"gold_loss":0},{"damage_healed":0,"gold_gain":0,"player_choice":"Upgrade","damage_taken":0,"max_hp_gain":0,"max_hp_loss":0,"event_name":"Designer","floor":38,"gold_loss":40,"cards_upgraded":["Dark Echo"]},{"damage_healed":0,"gold_gain":0,"player_choice":"Fight","damage_taken":0,"max_hp_gain":0,"max_hp_loss":0,"event_name":"MindBloom","floor":48,"gold_loss":0}],"is_beta":false,"boss_relics":[{"not_picked":["Velvet Choker","Replay:Bronze Core","Busted Crown"]},{"not_picked":["Empty Cage","Painkiller Herb"],"picked":"Nuclear Battery"}],"items_purged_floors":[],"is_endless":false,"potions_floor_spawned":[3,16,18,29,31,35,42,45,46],"ascension_level":0}}