{"host":"mmyob72dycyg5z21","time":1610246397,"event":{"mods":["Act Like it!","Alarm Clock","BaseMod","Bestiary","Better Note","Better Third Choice","Better Vampires","Card Forge","Colored Powertips","Custom Start","Gold Saver","Gremlin Skip","Luminous","Marked Mod","Minty Spire (QoL Compilation)","Poor People Problems","Rare Cards Sparkle","Spicy Shops","StSLib","SuperFastMode","[功能]功能增强和修复MOD","【功能Mod】精心准备","【遗物卡牌】REMEMod"],"gold_per_floor":[1070,1070,1070,1070,763,763,763,763,763,763,798,798,798,798,798,918,918,932,932,453,453,132,132,132,132,132,132,132,57,57,57,57,57,57,73,73,73,73,73,73,73,73,122,122,146,146,166,229,229,229],"floor_reached":51,"playtime":462,"items_purged":[],"score":1125,"play_id":"2f5179e5-ecdb-4d72-b11f-49c14abd470c","local_time":"20210110103957","is_ascension_mode":false,"campfire_choices":[{"data":"Searing Blow+12","floor":6,"key":"SMITH"},{"data":"Searing Blow+14","floor":10,"key":"SMITH"},{"data":"Searing Blow+15","floor":12,"key":"SMITH"},{"data":"Searing Blow+16","floor":15,"key":"SMITH"},{"floor":23,"key":"REST"},{"floor":25,"key":"REST"},{"floor":30,"key":"REST"},{"floor":32,"key":"REST"},{"floor":40,"key":"REST"},{"floor":42,"key":"REST"},{"floor":49,"key":"REST"}],"circlet_count":0,"master_deck":["Searing Blow+18","Backflip+1","Double Tap+1"],"relics":["Burning Blood","Hammer of Thor","Seething Fire","Anvil of the Gods","REME_ComplimentaryCards","Black Blood","Lantern","Centennial Puzzle","Orichalcum","Gremlin Horn","Blue Candle","Golden Idol","White Beast Statue","Fusion Hammer","Omamori","HandDrill","Nunchaku","Strawberry","PreservedInsect","Letter Opener","Sundial","InkBottle","Philosopher\u0027s Stone","MealTicket","Prayer Wheel"],"acts_visited":["Exordium","TheCity","TheBeyond"],"potions_floor_usage":[],"damage_taken":[{"damage":0,"enemies":"Jaw Worm","floor":1,"turns":1},{"damage":2,"enemies":"Small Slimes","floor":2,"turns":2},{"damage":0,"enemies":"2 Louse","floor":4,"turns":2},{"damage":0,"enemies":"2 Fungi Beasts","floor":7,"turns":2},{"damage":0,"enemies":"Gremlin Nob","floor":11,"turns":1},{"damage":0,"enemies":"Lagavulin","floor":14,"turns":1},{"damage":0,"enemies":"Hexaghost","floor":16,"turns":2},{"damage":0,"enemies":"2 Thieves","floor":18,"turns":1},{"damage":0,"enemies":"Shell Parasite","floor":19,"turns":1},{"damage":0,"enemies":"Snake Plant","floor":27,"turns":1},{"damage":0,"enemies":"Slavers","floor":28,"turns":1},{"damage":0,"enemies":"Collector","floor":33,"turns":1},{"damage":0,"enemies":"Orb Walker","floor":35,"turns":1},{"damage":0,"enemies":"3 Darklings","floor":36,"turns":1},{"damage":0,"enemies":"Sphere and 2 Shapes","floor":38,"turns":1},{"damage":0,"enemies":"Spire Growth","floor":41,"turns":1},{"damage":0,"enemies":"3 Darklings","floor":44,"turns":1},{"damage":0,"enemies":"4 Shapes","floor":45,"turns":1},{"damage":0,"enemies":"Jaw Worm Horde","floor":46,"turns":1},{"damage":0,"enemies":"Transient","floor":47,"turns":2},{"damage":0,"enemies":"Mind Bloom Boss Battle","floor":48,"turns":1},{"damage":0,"enemies":"Awakened One","floor":50,"turns":2}],"seed_played":"-3241680987690532218","potions_obtained":[{"floor":11,"key":"SpeedPotion"},{"floor":16,"key":"Block Potion"},{"floor":33,"key":"ElixirPotion"}],"is_trial":true,"path_per_floor":["M","M","?","M","$","R","M","?","T","R","E","R","?","E","R","B",null,"M","M","$","?","$","R","$","R","T","M","E","?","R","?","R","B",null,"M","M","?","M","$","R","M","R","T","M","M","M","M","?","R","B",null],"character_chosen":"IRONCLAD","items_purchased":["Lantern","Centennial Puzzle","Orichalcum","Omamori","HandDrill","Nunchaku","Strawberry","PreservedInsect","Letter Opener"],"campfire_rested":7,"item_purchase_floors":[5,5,5,20,20,20,20,22,22],"current_hp_per_floor":[80,80,80,80,80,80,80,80,80,80,80,80,60,78,78,80,80,80,80,87,87,87,87,87,87,87,87,87,87,87,87,87,87,87,87,87,87,87,87,87,87,87,87,87,87,87,87,87,87,87],"gold":229,"neow_bonus":"","is_daily":false,"chose_seed":false,"campfire_upgraded":4,"win_rate":0.0,"timestamp":1610246397,"path_taken":["M","M","?","M","$","R","M","?","T","R","E","R","?","E","R","BOSS","M","M","$","?","?","R","$","R","T","?","E","?","R","?","R","BOSS","M","M","?","M","$","R","?","R","T","M","M","M","M","?","R","BOSS"],"items_purchased_type":["Relic","Relic","Relic","Relic","Relic","Relic","Relic","Relic","Relic"],"build_version":"2020-12-22","purchased_purges":0,"victory":true,"max_hp_per_floor":[80,80,80,80,80,80,80,80,80,80,80,80,80,80,80,80,80,80,80,87,87,87,87,87,87,87,87,87,87,87,87,87,87,87,87,87,87,87,87,87,87,87,87,87,87,87,87,87,87,87],"card_choices":[{"not_picked":["Heavy Blade","Armaments","Body Slam"],"picked":"SKIP","floor":1},{"not_picked":["Iron Wave","Shrug It Off","REME_Scribble"],"picked":"SKIP","floor":2},{"not_picked":["Anger","Headbutt","Twin Strike"],"picked":"SKIP","floor":4},{"not_picked":["Armaments","Battle Trance","REME_ACTH"],"picked":"SKIP","floor":7},{"not_picked":["Clothesline","REME_FearOfPain","Ghostly Armor"],"picked":"SKIP","floor":11},{"not_picked":["Wild Strike","Clash","Rage"],"picked":"SKIP","floor":14},{"not_picked":["Headbutt","Wild Strike","Inflame+1"],"picked":"SKIP","floor":18},{"not_picked":["Havoc","Flex","Shrug It Off"],"picked":"SKIP","floor":19},{"not_picked":["Hemokinesis","Clothesline+1","Sentinel"],"picked":"SKIP","floor":27},{"not_picked":["Burning Pact","Cleave","Demon Form"],"picked":"SKIP","floor":28},{"not_picked":["Havoc+1","Wild Strike+1","Power Through"],"picked":"SKIP","floor":35},{"not_picked":["Bloodletting+1","Seeing Red+1","Body Slam+1"],"picked":"SKIP","floor":36},{"not_picked":["Pummel","Havoc","Iron Wave+1"],"picked":"SKIP","floor":38},{"not_picked":["Wild Strike","Headbutt","Dark Embrace+1"],"picked":"SKIP","floor":41},{"not_picked":["Intimidate+1","REME_Scribble+1","Flex"],"picked":"SKIP","floor":44},{"not_picked":["Warcry+1","Battle Trance","Ghostly Armor"],"picked":"SKIP","floor":45},{"not_picked":["Wild Strike","Disarm+1","Metallicize+1"],"picked":"SKIP","floor":46},{"not_picked":["True Grit+1","Spot Weakness","Burning Pact+1"],"picked":"SKIP","floor":47}],"player_experience":368490,"relics_obtained":[{"floor":9,"key":"Gremlin Horn"},{"floor":11,"key":"Blue Candle"},{"floor":14,"key":"White Beast Statue"},{"floor":26,"key":"Sundial"},{"floor":28,"key":"InkBottle"},{"floor":43,"key":"MealTicket"},{"floor":48,"key":"Prayer Wheel"}],"event_choices":[{"damage_healed":0,"gold_gain":0,"player_choice":"Ignored","damage_taken":1070,"max_hp_gain":0,"max_hp_loss":0,"event_name":"betterThird:BetterSerpent","floor":3,"gold_loss":0},{"damage_healed":0,"gold_gain":0,"player_choice":"Grow","damage_taken":0,"max_hp_gain":0,"max_hp_loss":0,"event_name":"Living Wall","floor":8,"gold_loss":0,"cards_upgraded":["Searing Blow"]},{"damage_healed":0,"gold_gain":0,"player_choice":"Take Damage","damage_taken":20,"relics_obtained":["Golden Idol"],"max_hp_gain":0,"max_hp_loss":0,"event_name":"Golden Idol","floor":13,"gold_loss":0},{"damage_healed":0,"gold_gain":0,"player_choice":"Ignored","damage_taken":0,"max_hp_gain":0,"max_hp_loss":0,"event_name":"betterNote:BetterNote","floor":21,"gold_loss":0,"cards_obtained":["REME_BattleFury"]},{"cards_removed":["Backflip"],"damage_healed":0,"gold_gain":0,"player_choice":"Gave Gold","damage_taken":0,"max_hp_gain":0,"max_hp_loss":0,"event_name":"Beggar","floor":29,"gold_loss":75},{"damage_healed":0,"gold_gain":0,"player_choice":"Ignored","damage_taken":0,"max_hp_gain":0,"max_hp_loss":0,"event_name":"Ghosts","floor":31,"gold_loss":0},{"damage_healed":0,"gold_gain":0,"player_choice":"Bought 0 Potions","damage_taken":0,"max_hp_gain":0,"max_hp_loss":0,"event_name":"The Woman in Blue","floor":37,"gold_loss":0},{"damage_healed":0,"gold_gain":0,"player_choice":"Fight","damage_taken":0,"max_hp_gain":0,"max_hp_loss":0,"event_name":"MindBloom","floor":48,"gold_loss":0}],"is_beta":false,"boss_relics":[{"not_picked":["Runic Dome","REME_DemonsWealth"],"picked":"Fusion Hammer"},{"not_picked":["Astrolabe","REME_ChargedStone"],"picked":"Philosopher\u0027s Stone"}],"items_purged_floors":[],"is_endless":false,"potions_floor_spawned":[4,7,11,16,18,18,19,27,27,28,33,35,36,36,38,41,44,44,45,46,47,48],"ascension_level":0}}