{"host":"qljev0q3rb9h3k1a","time":1610315845,"event":{"mods":["AchievementEnabler","Ascension Unlocker","BaseMod","Colored Map","Minty Spire (QoL Compilation)","Permanent Neow","Quick Restart","Relic Filter","StSLib","SuperFastMode"],"gold_per_floor":[114,189,42,42,61,61,61,81,81,93,123,198,198,198,198,294,294,307,323,226,226,236,236,256,256,256,275,289,289,289,135,135,135,135],"floor_reached":33,"playtime":1227,"items_purged":[],"score":245,"play_id":"013f0767-16d0-45f3-a0c8-4d563114b660","local_time":"20210110165725","is_ascension_mode":false,"campfire_choices":[{"data":"Neutralize","floor":6.0,"key":"SMITH"},{"floor":13.0,"key":"REST"},{"data":"Noxious Fumes","floor":15.0,"key":"SMITH"},{"floor":23.0,"key":"REST"},{"data":"Bullet Time","floor":25.0,"key":"SMITH"},{"floor":30.0,"key":"REST"},{"data":"Catalyst","floor":32.0,"key":"SMITH"}],"circlet_count":0,"master_deck":["Strike_G","Strike_G","Strike_G","Strike_G","Defend_G","Defend_G","Defend_G+1","Defend_G","Defend_G","Survivor","Neutralize+1","Bullet Time+1","Bouncing Flask","Deadly Poison+1","Caltrops","Noxious Fumes","Deadly Poison","Well Laid Plans","Noxious Fumes+1","After Image","Escape Plan+1","Backflip","Acrobatics","Backflip","Catalyst+1"],"relics":["Ring of the Snake","Orrery","Toy Ornithopter","Nunchaku","Potion Belt","SlaversCollar","Bottled Tornado","Gambling Chip","War Paint"],"acts_visited":["Exordium","TheCity"],"potions_floor_usage":[33,33],"damage_taken":[{"damage":5.0,"enemies":"Small Slimes","floor":1.0,"turns":5.0},{"damage":3.0,"enemies":"Jaw Worm","floor":5.0,"turns":3.0},{"damage":0.0,"enemies":"Cultist","floor":8.0,"turns":3.0},{"damage":5.0,"enemies":"2 Fungi Beasts","floor":10.0,"turns":3.0},{"damage":16.0,"enemies":"3 Sentries","floor":11.0,"turns":6.0},{"damage":11.0,"enemies":"Slime Boss","floor":16.0,"turns":9.0},{"damage":24.0,"enemies":"Chosen","floor":18.0,"turns":6.0},{"damage":12.0,"enemies":"Shell Parasite","floor":19.0,"turns":5.0},{"damage":19.0,"enemies":"Snecko","floor":22.0,"turns":7.0},{"damage":21.0,"enemies":"Shelled Parasite and Fungi","floor":24.0,"turns":6.0},{"damage":4.0,"enemies":"Centurion and Healer","floor":27.0,"turns":8.0},{"damage":11.0,"enemies":"Cultist and Chosen","floor":28.0,"turns":7.0},{"damage":40,"enemies":"Collector","floor":33,"turns":3}],"seed_played":"6819484743374535344","potions_obtained":[{"floor":8.0,"key":"AttackPotion"},{"floor":11.0,"key":"Fruit Juice"},{"floor":16.0,"key":"LiquidMemories"},{"floor":22.0,"key":"SpeedPotion"},{"floor":24.0,"key":"Poison Potion"},{"floor":28.0,"key":"Poison Potion"}],"is_trial":false,"path_per_floor":["M","?","$","?","M","R","?","M","T","M","E","?","R","$","R","B",null,"M","M","$","?","M","R","M","R","T","M","M","?","R","$","R","B"],"character_chosen":"THE_SILENT","items_purchased":["Orrery","Backflip","Acrobatics","War Paint"],"campfire_rested":3,"item_purchase_floors":[3,20,20,31],"current_hp_per_floor":[44,33,33,33,30,30,30,30,30,25,24,17,39,39,39,28,75,51,39,39,25,6,30,9,9,9,5,4,4,28,28,28,0,0],"gold":135,"neow_bonus":"THREE_RARE_CARDS","is_daily":false,"chose_seed":false,"campfire_upgraded":4,"win_rate":0.0,"timestamp":1610315845,"path_taken":["M","?","$","?","?","R","?","?","T","?","E","?","R","$","R","BOSS","M","M","?","?","M","R","M","R","T","M","M","?","R","$","R","BOSS"],"items_purchased_type":["Relic","Card","Card","Relic"],"build_version":"2020-12-22","purchased_purges":0,"victory":false,"max_hp_per_floor":[70,70,70,70,70,70,70,70,70,70,75,75,75,75,75,75,75,75,75,75,80,80,80,80,80,80,80,80,80,80,80,80,80,80],"card_choices":[{"not_picked":["Phantasmal Killer","Venomology"],"picked":"Bullet Time","floor":0.0},{"not_picked":["Underhanded Strike","Finisher","Deflect"],"picked":"SKIP","floor":1.0},{"not_picked":["A Thousand Cuts","PiercingWail"],"picked":"Bouncing Flask","floor":3.0},{"not_picked":["Outmaneuver","All Out Attack"],"picked":"Deadly Poison","floor":3.0},{"not_picked":["PiercingWail","Slice"],"picked":"Caltrops","floor":3.0},{"not_picked":["Glass Knife","Quick Slash"],"picked":"Noxious Fumes","floor":3.0},{"not_picked":["Masterful Stab","Crippling Poison"],"picked":"Deadly Poison","floor":5.0},{"not_picked":["Heel Hook","Riddle With Holes"],"picked":"Well Laid Plans","floor":8.0},{"not_picked":["Deflect","Flying Knee"],"picked":"Noxious Fumes","floor":10.0},{"not_picked":["Dagger Spray","Deadly Poison","Wraith Form v2"],"picked":"SKIP","floor":11.0},{"not_picked":["Tools of the Trade","A Thousand Cuts"],"picked":"After Image","floor":16.0},{"not_picked":["Skewer","Underhanded Strike"],"picked":"Escape Plan+1","floor":18.0},{"not_picked":["Finisher","Poisoned Stab","Leg Sweep"],"picked":"SKIP","floor":19.0},{"not_picked":["Blade Dance","Flying Knee","Well Laid Plans"],"picked":"SKIP","floor":22.0},{"not_picked":["Deflect","Choke"],"picked":"Backflip","floor":24.0},{"not_picked":["Outmaneuver","Underhanded Strike"],"picked":"Catalyst","floor":27.0},{"not_picked":["Crippling Poison","Quick Slash","Outmaneuver"],"picked":"SKIP","floor":28.0}],"player_experience":2222,"relics_obtained":[{"floor":7.0,"key":"Toy Ornithopter"},{"floor":9.0,"key":"Nunchaku"},{"floor":11.0,"key":"Potion Belt"},{"floor":26.0,"key":"Bottled Tornado"}],"event_choices":[{"damage_healed":0.0,"max_hp_gain":0.0,"max_hp_loss":0.0,"gold_gain":75.0,"event_name":"World of Goop","player_choice":"Gather Gold","floor":2.0,"gold_loss":0.0,"damage_taken":11.0},{"cards_removed":["Strike_G"],"damage_healed":0.0,"max_hp_gain":0.0,"max_hp_loss":0.0,"gold_gain":0.0,"event_name":"Bonfire Elementals","player_choice":"Offered Basic","floor":4.0,"gold_loss":0.0,"damage_taken":0.0},{"damage_healed":0.0,"max_hp_gain":0.0,"max_hp_loss":0.0,"gold_gain":0.0,"event_name":"Wheel of Change","player_choice":"Relic","floor":7.0,"gold_loss":0.0,"damage_taken":0.0},{"damage_healed":0.0,"max_hp_gain":0.0,"max_hp_loss":0.0,"gold_gain":75.0,"event_name":"FaceTrader","player_choice":"Touch","floor":12.0,"gold_loss":0.0,"damage_taken":7.0},{"damage_healed":0.0,"max_hp_gain":5.0,"max_hp_loss":0.0,"gold_gain":0.0,"event_name":"Forgotten Altar","player_choice":"Shed Blood","floor":21.0,"gold_loss":0.0,"damage_taken":19.0},{"damage_healed":0.0,"max_hp_gain":0.0,"max_hp_loss":0.0,"gold_gain":0.0,"event_name":"The Mausoleum","player_choice":"Opened","floor":29.0,"gold_loss":0.0,"damage_taken":0.0,"relics_obtained":["Gambling Chip"]}],"is_beta":false,"boss_relics":[{"not_picked":["Sozu","SacredBark"],"picked":"SlaversCollar"}],"items_purged_floors":[],"is_endless":false,"potions_floor_spawned":[8,11,16,22,24,28],"killed_by":"Collector","ascension_level":0}}