{"host":"0ttaavwaei2fh9kw","time":1610259900,"event":{"mods":["Act Like it!","BaseMod","Chen","Colored Map","Downfall","Gensokyo","KinomotoSakuraMod(ƒæ÷Æ±æ”£)","Marisa£®ÏF”Í°°ƒß¿Ì…≥£©","Minty Spire (QoL Compilation)","Reimu£®≤©¿ˆ¡È√Œ£©","Remilia£®¿Ÿ√◊¿Ú—«£©","Replay The Spire","StSLib","The Servant 0.9.4","WarShipGirlsR/’ΩΩ¢…Ÿ≈ÆR mod","Youmu£®ªÍ∆«—˝√Œ£©"],"gold_per_floor":[115,129,129,129,142,142,142,172,240,49,49,67,67,80,92,404,416,444,190,221,250,780,792,822,834,893,865,877,877],"floor_reached":28,"playtime":1547,"items_purged":[],"score":245,"play_id":"d76ada1b-95f7-400f-8ff2-5981084b9fea","local_time":"20210110142500","is_ascension_mode":false,"campfire_choices":[{"data":"Chen:SurpriseAttack","floor":6.0,"key":"SMITH"},{"data":"Chen:Recuperate","floor":13.0,"key":"SMITH"},{"data":"Chen:Strike","floor":15.0,"key":"SMITH"},{"data":"Chen:Nimbleness","floor":23,"key":"SMITH"},{"data":"expansioncontent:QuickStudy","floor":25,"key":"SMITH"}],"circlet_count":0,"master_deck":["Chen:Strike","Chen:Strike","Chen:Strike","Chen:Strike","Chen:Strike+1","Chen:Defend","Chen:Defend","Chen:Defend","Chen:Defend","Chen:PounceTurnTail","Chen:GlitterPoke","Chen:SurpriseAttack+1","Gensokyo:CrescentMoonSlash","Clumsy","Voices","Chen:Recuperate+1","Chen:Nimbleness+1","Chen:Excitement+1","expansioncontent:DecasProtection","Replay:SS_forest_2","expansioncontent:QuickStudy+1"],"relics":["Chen:Catnip","NeowsBlessing","Juzu Bracelet","Gensokyo:NagashiBinaDoll","Pocketwatch","Ring of Peace","Ring of Fangs","MawBank","ReplayTheSpireMod:DimensionalGlitch","ReplayTheSpireMod:ShopPack","Blue Candle","Happy Flower","Replay:Baseball"],"acts_visited":["Gensokyo:Gensokyo","Gensokyo:Gensokyoer"],"potions_floor_usage":[22,22,22,22,22],"damage_taken":[{"damage":0.0,"enemies":"Gensokyo:3_Fairies","floor":1.0,"turns":1.0},{"damage":0.0,"enemies":"Gensokyo:Python","floor":2.0,"turns":1.0},{"damage":0.0,"enemies":"Gensokyo:2_Kodama","floor":5.0,"turns":2.0},{"damage":35.0,"enemies":"Gensokyo:Mamizou","floor":8.0,"turns":9.0},{"damage":20.0,"enemies":"Gensokyo:LivingMonolith","floor":12.0,"turns":4.0},{"damage":0.0,"enemies":"Gensokyo:VengefulSpirit","floor":14.0,"turns":5.0},{"damage":10,"enemies":"Gensokyo:Reimu","floor":16,"turns":8},{"damage":10,"enemies":"Gensokyo:CosmicMonolith","floor":18,"turns":6},{"damage":21,"enemies":"Gensokyo:2_Gloops","floor":20,"turns":6},{"damage":15,"enemies":"Gensokyo:Wraith","floor":21,"turns":6},{"damage":25,"enemies":"Gensokyo:3_Gloops","floor":22,"turns":7},{"damage":20,"enemies":"Gensokyo:Monolith_and_Dog","floor":24,"turns":5}],"seed_played":"-5258161583345963824","potions_obtained":[{"floor":1.0,"key":"Venom Potion"},{"floor":2.0,"key":"FairyPotion"},{"floor":8.0,"key":"Milkshake"},{"floor":14.0,"key":"EntropicBrew"}],"is_trial":false,"path_per_floor":["M","M","?","?","M","R","?","E","T","COS","?","M","R","M","R","B",null,"M","COS","M","M","M","R","M","R","T","?","?"],"character_chosen":"CHEN","items_purchased":[],"campfire_rested":0,"item_purchase_floors":[],"current_hp_per_floor":[70,70,60,46,46,46,46,11,11,11,11,21,21,21,21,11,70,60,60,39,28,37,37,17,17,17,17,0,0],"gold":877,"neow_bonus":"THREE_ENEMY_KILL","is_daily":false,"chose_seed":false,"campfire_upgraded":5,"win_rate":0.0,"timestamp":1610259900,"path_taken":["M","M","?","?","M","R","?","E","T","COS","?","M","R","M","R","BOSS","M","COS","M","M","M","R","M","R","T","?","?"],"items_purchased_type":[],"build_version":"2020-12-22","purchased_purges":0,"victory":false,"max_hp_per_floor":[70,70,70,70,70,70,70,70,70,70,70,70,70,70,70,70,70,70,70,70,70,70,70,70,70,70,70,70,70],"card_choices":[{"not_picked":["Chen:UpperHand","Chen:MisdirectSwipe","Chen:EmergencyEscape"],"picked":"SKIP","floor":1.0},{"not_picked":["Chen:Panic","Chen:Barrier"],"picked":"Chen:SurpriseAttack","floor":2.0},{"not_picked":["Chen:ResistTemptation","Chen:Adaptability","Chen:PentagramFlight"],"picked":"SKIP","floor":5.0},{"not_picked":["Chen:Impale","Chen:RecklessLeap","Chen:PentagramFlight"],"picked":"SKIP","floor":8.0},{"not_picked":["Chen:Shot","Chen:MisdirectSwipe"],"picked":"Chen:Recuperate","floor":12.0},{"not_picked":["Chen:Recuperate","Chen:BlueOniRedOni","Chen:FollowUp"],"picked":"SKIP","floor":14.0},{"not_picked":["Chen:RapidfireEvasive","Chen:PhoenixWings"],"picked":"Chen:Nimbleness","floor":16},{"not_picked":["Chen:Flicker+1","Chen:CatPunch"],"picked":"Chen:Excitement","floor":18},{"not_picked":["Madness","Replay:SS_fish_1"],"picked":"expansioncontent:DecasProtection","floor":19},{"not_picked":["Good Instincts","Forethought"],"picked":"Replay:SS_forest_2","floor":19},{"not_picked":["Poisoned Strike","Transmutation"],"picked":"expansioncontent:QuickStudy","floor":19},{"not_picked":["Chen:ResistTemptation+1","Chen:RecklessLeap+1","Chen:Sneak+1"],"picked":"SKIP","floor":20},{"not_picked":["Chen:Spray","Chen:Scratch","Chen:CatPunch"],"picked":"SKIP","floor":20},{"not_picked":["Chen:PentagramFlight","Chen:Sweep","Chen:EvasiveFireShift"],"picked":"SKIP","floor":21},{"not_picked":["Chen:Instinct","Chen:Spray+1","Chen:RecklessLeap"],"picked":"SKIP","floor":22},{"not_picked":["Chen:CatPunch","Chen:Panic","Chen:Instinct"],"picked":"SKIP","floor":24}],"player_experience":136296,"relics_obtained":[{"floor":8.0,"key":"Pocketwatch"},{"floor":11.0,"key":"Ring of Peace"},{"floor":11.0,"key":"Ring of Fangs"},{"floor":26,"key":"Replay:Baseball"}],"event_choices":[],"is_beta":false,"boss_relics":[{"not_picked":["Replay:Drink Me","Snecko Eye"],"picked":"ReplayTheSpireMod:DimensionalGlitch"}],"items_purged_floors":[],"is_endless":false,"potions_floor_spawned":[1,2,8,14,18],"ascension_level":0}}