{"host":"7po9pgh86bqe2blc","time":1610306762,"event":{"mods":["BaseMod","ChefMod","Colored Map","Colored Powertips","Hermit","Koishi","Minty Spire (QoL Compilation)","StSLib","The Cursed","The Disciple","The Hierophant","The Runesmith"],"gold_per_floor":[119,138,63,63,82,82,115,140,167,167,178,178,26,39,39,139,139,155,165,40,55,69,103,103,113,113,113,113],"floor_reached":27,"playtime":2706,"items_purged":["Strike_Br","Strike_Br","Strike_Br"],"score":235,"play_id":"800f8cc9-5a9c-4328-b390-a33608b50fb3","local_time":"20210110202602","is_ascension_mode":false,"campfire_choices":[{"data":"WindUp","floor":6,"key":"SMITH"},{"data":"ReapSow","floor":10,"key":"SMITH"},{"data":"SecondHand","floor":12,"key":"SMITH"},{"floor":15,"key":"REST"},{"data":"WindUp","floor":24,"key":"SMITH"}],"circlet_count":0,"master_deck":["Strike_Br","Defend_Br","Defend_Br","Defend_Br","Defend_Br","SecondHand+1","PatternShift+1","WindUp+1","ReapSow+26","AlternateTimeline","LockedFlame","LockedLightning","LockedBlood+1","WindUp+1","LockedTornado"],"relics":["Chronometer","IceCream?","Vajra","Odd Mushroom","Akabeko","Metronome","Nunchaku","Meat on the Bone"],"acts_visited":["Exordium","TheCity"],"potions_floor_usage":[14,21,23,23,25,27],"damage_taken":[{"damage":4,"enemies":"Jaw Worm","floor":1,"turns":6},{"damage":0,"enemies":"Small Slimes","floor":2,"turns":5},{"damage":0,"enemies":"Cultist","floor":5,"turns":5},{"damage":18,"enemies":"3 Sentries","floor":7,"turns":11},{"damage":19,"enemies":"The Mushroom Lair","floor":8,"turns":6},{"damage":0,"enemies":"Lots of Slimes","floor":11,"turns":1},{"damage":5,"enemies":"Looter","floor":14,"turns":3},{"damage":35,"enemies":"The Guardian","floor":16,"turns":13},{"damage":5,"enemies":"Shell Parasite","floor":18,"turns":7},{"damage":14,"enemies":"Spheric Guardian","floor":19,"turns":3},{"damage":29,"enemies":"Snake Plant","floor":21,"turns":6},{"damage":14,"enemies":"Shelled Parasite and Fungi","floor":22,"turns":6},{"damage":32,"enemies":"Gremlin Leader","floor":23,"turns":7},{"damage":14,"enemies":"Centurion and Healer","floor":25,"turns":8},{"damage":11,"enemies":"Slavers","floor":27,"turns":1}],"seed_played":"-3915371432347006602","potions_obtained":[{"floor":2,"key":"AttackPotion"},{"floor":7,"key":"EntropicBrew"},{"floor":11,"key":"SpeedPotion"},{"floor":14,"key":"LiquidMemories"},{"floor":21,"key":"Regen Potion"},{"floor":23,"key":"Weak Potion"}],"is_trial":false,"path_per_floor":["M","M","$","?","M","R","E","?","T","R","M","R","$","M","R","B",null,"M","M","$","M","M","E","R","M","T","E"],"character_chosen":"CHRONO_CLASS","items_purchased":["AlternateTimeline"],"campfire_rested":1,"item_purchase_floors":[13],"current_hp_per_floor":[61,61,61,61,61,61,43,24,24,24,24,24,24,19,38,3,65,60,49,49,29,24,16,16,11,11,0,0],"gold":113,"neow_bonus":"UPGRADE_CARD","is_daily":false,"chose_seed":false,"campfire_upgraded":4,"win_rate":0.0,"timestamp":1610306762,"path_taken":["M","M","$","?","M","R","E","?","T","R","M","R","$","M","R","BOSS","M","M","$","M","M","E","R","M","T","E"],"items_purchased_type":["Card"],"build_version":"2020-12-13","purchased_purges":3,"victory":false,"max_hp_per_floor":[65,65,65,65,65,65,65,65,65,65,65,65,65,65,65,65,65,65,65,65,65,65,65,65,65,65,65,65],"card_choices":[{"not_picked":["BlueShift","LockedUrn","Accruing"],"picked":"SKIP","floor":1},{"not_picked":["CrunchTime","LockedWhetstone"],"picked":"WindUp","floor":2},{"not_picked":["Echoward","LockedPlans","LockedScales"],"picked":"SKIP","floor":5},{"not_picked":["EscortCommand","Parity","OracleForm"],"picked":"SKIP","floor":7},{"not_picked":["LockedUrn","PrimeTime"],"picked":"ReapSow","floor":8},{"not_picked":["Accruing","PrimeTime","HandsUpC"],"picked":"SKIP","floor":11},{"not_picked":["Echoward","ReapSow"],"picked":"LockedFlame","floor":14},{"not_picked":["LockedFlame","RageCommand"],"picked":"LockedLightning","floor":16},{"not_picked":["LockedScales","FormalWear"],"picked":"LockedBlood+1","floor":18},{"not_picked":["LockedMedicine","Tempo+1"],"picked":"WindUp","floor":19},{"not_picked":["LockedPlans","WatchCommand","Pendulum"],"picked":"SKIP","floor":21},{"not_picked":["LockedAnchor","Stagnate","TickedOff"],"picked":"SKIP","floor":22},{"not_picked":["HandsUpB+1","LockedUrn","BiteCommand"],"picked":"SKIP","floor":23},{"not_picked":["SlimeSpray+1","LockedMawBank"],"picked":"LockedTornado","floor":25}],"player_experience":359251,"relics_obtained":[{"floor":7,"key":"Vajra"},{"floor":8,"key":"Odd Mushroom"},{"floor":9,"key":"Akabeko"},{"floor":23,"key":"Nunchaku"},{"floor":26,"key":"Meat on the Bone"}],"event_choices":[{"damage_healed":0,"gold_gain":0,"player_choice":"Fought Mushrooms","damage_taken":0,"max_hp_gain":0,"max_hp_loss":0,"event_name":"Mushrooms","floor":8,"gold_loss":0}],"is_beta":false,"boss_relics":[{"not_picked":["Busted Crown","Black Star"],"picked":"Metronome"}],"items_purged_floors":[3,13,20],"is_endless":false,"potions_floor_spawned":[2,7,11,14,18,21,22,23],"killed_by":"Slavers","ascension_level":0}}