{"host":"dwppbb1tkuy5qbmv","time":1610281559,"event":{"mods":["BaseMod","BetterRewards","Minty Spire (QoL Compilation)","Shop Mod"],"gold_per_floor":[112,62,13,27,102,102,117,117,117,174,193,212,230,240,240,344,344,359,359,86,136,168,168,20,54,54,87,106,106,141,43,43,43,43],"floor_reached":33,"playtime":2761,"items_purged":["Heavy Blade"],"score":251,"play_id":"01297847-ad5f-4bd8-854e-9c773e72d0ce","local_time":"20210110202559","is_ascension_mode":true,"campfire_choices":[{"data":"Infernal Blade","floor":6,"key":"SMITH"},{"data":"Armaments","floor":8,"key":"SMITH"},{"floor":15,"key":"REST"},{"floor":23,"key":"REST"},{"floor":29,"key":"REST"},{"floor":32,"key":"REST"}],"circlet_count":0,"master_deck":["Strike_R","Strike_R","Strike_R","Defend_R","Defend_R","Defend_R","Twin Strike+1","Searing Blow+1","Reaper+1","Flex","Infernal Blade+1","Armaments+1","Perfected Strike","Flame Barrier","Evolve","Intimidate","Battle Trance","Barricade+1","CurseOfTheBell","Pommel Strike","Warcry","Cleave+1","HandOfGreed","Dual Wield+1","Entrench","Iron Wave","Shrug It Off"],"relics":["Mercury Hourglass","Orichalcum","Omamori","White Beast Statue","WingedGreaves","MerchantsRug","Red Skull","Oddly Smooth Stone","Red Mask","Matryoshka","Membership Card"],"acts_visited":["Exordium","TheCity"],"potions_floor_usage":[18,28,30,33],"damage_taken":[{"damage":14,"enemies":"Jaw Worm","floor":1,"turns":4},{"damage":3,"enemies":"2 Louse","floor":4,"turns":3},{"damage":0,"enemies":"Small Slimes","floor":7,"turns":2},{"damage":36,"enemies":"Gremlin Nob","floor":10,"turns":5},{"damage":3,"enemies":"Blue Slaver","floor":11,"turns":3},{"damage":0,"enemies":"Looter","floor":12,"turns":2},{"damage":1,"enemies":"Exordium Thugs","floor":13,"turns":3},{"damage":4,"enemies":"Exordium Wildlife","floor":14,"turns":3},{"damage":56,"enemies":"Hexaghost","floor":16,"turns":14},{"damage":25,"enemies":"Chosen","floor":18,"turns":8},{"damage":44,"enemies":"Masked Bandits","floor":22,"turns":4},{"damage":16,"enemies":"3 Byrds","floor":25,"turns":5},{"damage":41,"enemies":"3 Cultists","floor":27,"turns":6},{"damage":24,"enemies":"Snake Plant","floor":28,"turns":3},{"damage":18,"enemies":"Snecko","floor":30,"turns":4},{"damage":64,"enemies":"Automaton","floor":33,"turns":6}],"seed_played":"-3786123383361115983","potions_obtained":[{"floor":7,"key":"Weak Potion"},{"floor":12,"key":"CultistPotion"},{"floor":13,"key":"AttackPotion"},{"floor":16,"key":"PowerPotion"},{"floor":18,"key":"BloodPotion"},{"floor":22,"key":"Fire Potion"},{"floor":25,"key":"Weak Potion"},{"floor":27,"key":"Energy Potion"},{"floor":28,"key":"BloodPotion"},{"floor":30,"key":"BlessingOfTheForge"}],"is_trial":false,"path_per_floor":["M","?","$","M","?","R","M","R","T","?","M","M","M","M","R","B",null,"M","?","$","T","?","R","$","M","T","M","M","R","M","$","R","B"],"character_chosen":"IRONCLAD","items_purchased":["Heavy Blade","MerchantsRug","Warcry","Red Skull","HandOfGreed","Membership Card"],"campfire_rested":4,"item_purchase_floors":[3,20,20,20,24,31],"current_hp_per_floor":[71,71,71,77,66,66,71,71,71,40,42,42,55,57,80,29,80,55,55,55,55,26,50,50,40,40,15,17,41,39,39,63,0,0],"gold":43,"neow_bonus":"BOSS_RELIC","is_daily":false,"chose_seed":false,"campfire_upgraded":2,"win_rate":0.0,"timestamp":1610281559,"path_taken":["M","?","$","M","?","R","M","R","T","?","M","M","?","M","R","BOSS","M","?","?","?","?","R","?","M","T","?","M","R","M","$","R","BOSS"],"items_purchased_type":["Card","Relic","Card","Relic","Card","Relic"],"build_version":"2020-12-22","purchased_purges":1,"victory":false,"max_hp_per_floor":[80,80,80,80,80,80,80,80,80,80,80,80,80,80,80,80,80,80,80,80,80,80,80,80,80,80,80,80,80,80,80,80,80,80],"card_choices":[{"not_picked":["Clash","Cleave"],"picked":"Flex","floor":1},{"not_picked":["Shrug It Off","Thunderclap"],"picked":"Infernal Blade","floor":4},{"not_picked":["Shrug It Off","Whirlwind"],"picked":"Armaments","floor":7},{"not_picked":["Searing Blow","Clash"],"picked":"Perfected Strike","floor":10},{"not_picked":["Dual Wield","Impervious"],"picked":"Flame Barrier","floor":11},{"not_picked":["Iron Wave","Clash"],"picked":"Evolve","floor":12},{"not_picked":["Warcry","Spot Weakness"],"picked":"Intimidate","floor":13},{"not_picked":["Entrench","Burning Pact"],"picked":"Battle Trance","floor":14},{"not_picked":["Double Tap","Corruption"],"picked":"Barricade","floor":16},{"not_picked":["Armaments","Flex"],"picked":"Pommel Strike","floor":18},{"not_picked":["Armaments","Dropkick"],"picked":"Cleave+1","floor":22},{"not_picked":["Reaper","Bloodletting"],"picked":"Dual Wield+1","floor":25},{"not_picked":["Heavy Blade","Rupture"],"picked":"Entrench","floor":27},{"not_picked":["Whirlwind+1","Clothesline+1"],"picked":"Iron Wave","floor":28},{"not_picked":["Clash+1","Dark Embrace"],"picked":"Shrug It Off","floor":30}],"player_experience":89431,"relics_obtained":[{"floor":9,"key":"Mercury Hourglass"},{"floor":17,"key":"Omamori"},{"floor":17,"key":"White Beast Statue"},{"floor":17,"key":"WingedGreaves"},{"floor":21,"key":"Oddly Smooth Stone"},{"floor":22,"key":"Red Mask"},{"floor":26,"key":"Matryoshka"}],"event_choices":[{"cards_removed":["Strike_R"],"damage_healed":0,"gold_gain":0,"player_choice":"Card Removal","damage_taken":0,"max_hp_gain":0,"max_hp_loss":0,"event_name":"The Cleric","floor":2,"gold_loss":50},{"damage_healed":0,"gold_gain":75,"player_choice":"Gather Gold","damage_taken":11,"max_hp_gain":0,"max_hp_loss":0,"event_name":"World of Goop","floor":5,"gold_loss":0},{"damage_healed":0,"gold_gain":0,"player_choice":"Searched \u00272\u0027 times","damage_taken":0,"relics_obtained":["Orichalcum"],"max_hp_gain":0,"max_hp_loss":0,"event_name":"Dead Adventurer","floor":10,"gold_loss":0},{"damage_healed":0,"gold_gain":0,"player_choice":"Forge","damage_taken":0,"max_hp_gain":0,"max_hp_loss":0,"event_name":"Accursed Blacksmith","floor":19,"gold_loss":0,"cards_upgraded":["Barricade"]},{"damage_healed":0,"gold_gain":0,"player_choice":"Fought Bandits","damage_taken":0,"max_hp_gain":0,"max_hp_loss":0,"event_name":"Masked Bandits","floor":22,"gold_loss":0}],"is_beta":false,"boss_relics":[{"not_picked":["Black Star","Snecko Eye"],"picked":"Calling Bell"}],"items_purged_floors":[31],"is_endless":false,"potions_floor_spawned":[7,12,13,16,18,22,25,27,28,30],"killed_by":"Automaton","ascension_level":1}}