{"host":"hf83sijwe64ts2lm","time":1610312602,"event":{"mods":["2.2 Compatiblity","BaseMod","Better Altar","Better Match","Better Note","Better Sensory Stone","Better Skull","Better Third Choice","Colored Map","Colored Powertips","Highlight Path","Hubris","Infinite Spire","Minty Spire (QoL Compilation)","Quick Restart","Rare Cards Sparkle","Relic Stats","Replay The Spire","Shop Mod","Spicy Shops","StSLib","Thieving Mod"],"gold_per_floor":[118,118,128,143,143,143,174,174,226,226,226,246,14,14,14,117,117,101,101,309,320,42,42,76,76,76,91,126,126,159,174,174,174,174],"floor_reached":33,"playtime":1016,"items_purged":["Decay"],"score":408,"play_id":"854a62de-36e1-485d-8bf5-ef16d7b51525","local_time":"20210110160322","is_ascension_mode":true,"campfire_choices":[{"floor":6,"key":"RECALL"},{"floor":8,"key":"REST"},{"data":"Streamline","floor":10,"key":"SMITH"},{"data":"Stack","floor":15,"key":"SMITH"},{"data":"infinitespire:Starlight","floor":23,"key":"SMITH"},{"data":"Meteor Strike","floor":25,"key":"SMITH"},{"floor":29,"key":"REST"},{"floor":32,"key":"REST"}],"circlet_count":0,"master_deck":["Strike_B","Strike_B","Strike_B","Strike_B","Defend_B","Defend_B","Defend_B","Defend_B","Zap+1","Dualcast","Streamline+1","Stack+1","Cold Snap","BootSequence+1","Compile Driver","Static Discharge+1","Meteor Strike+1","Doom and Gloom","infinitespire:Starlight+1","Streamline","Ball Lightning","Loop","White Noise","Conserve Battery","Redo+1","Go for the Eyes","Stack+1","White Noise+1","Stack+1"],"relics":["Cracked Core","hubris:Towel","hubris:BallOfYels","Replay:Wax Seal","Guide Book","Ring of Peace","Ring of Misfortune","Nuclear Battery","Vajra","Art of War","hubris:MedicalManual","ReplayFunnel"],"acts_visited":["Exordium","TheCity"],"potions_floor_usage":[7,7,16,16,21,28,30],"damage_taken":[{"damage":4,"enemies":"Jaw Worm","floor":1,"turns":4},{"damage":0,"enemies":"Cultist","floor":3,"turns":4},{"damage":1,"enemies":"2 Louse","floor":4,"turns":2},{"damage":26,"enemies":"3 Sentries","floor":7,"turns":7},{"damage":6,"enemies":"Looter","floor":12,"turns":3},{"damage":5,"enemies":"Slime Boss","floor":16,"turns":19},{"damage":0,"enemies":"2 Thieves","floor":18,"turns":4},{"damage":0,"enemies":"3 Byrds","floor":21,"turns":5},{"damage":0,"enemies":"Replay:Snechameleon","floor":24,"turns":4},{"damage":6,"enemies":"Snake Plant","floor":27,"turns":4},{"damage":61,"enemies":"Gremlin Leader","floor":28,"turns":7},{"damage":6,"enemies":"Book of Stabbing","floor":30,"turns":4},{"damage":11,"enemies":"Snecko","floor":31,"turns":5},{"damage":81,"enemies":"Pondfish","floor":33,"turns":14}],"seed_played":"7102891991090951344","potions_obtained":[{"floor":0,"key":"Fire Potion"},{"floor":0,"key":"GamblersBrew"},{"floor":0,"key":"GamblersBrew"},{"floor":3,"key":"Flashbang"},{"floor":7,"key":"SteroidPotion"},{"floor":12,"key":"ColorlessPotion"},{"floor":18,"key":"PowerPotion"},{"floor":27,"key":"LifebloodPotion"},{"floor":28,"key":"PotionOfCapacity"}],"is_trial":false,"path_per_floor":["M","?","M","M","?","R","E","R","T","R","?","M","$","?","R","B",null,"M","AVR","?","M","$","R","E","R","T","M","E","R","E","M","R","B"],"character_chosen":"DEFECT","items_purchased":["Static Discharge","Guide Book","Loop","White Noise","Conserve Battery"],"campfire_rested":3,"item_purchase_floors":[13,13,22,22,22],"current_hp_per_floor":[71,71,71,70,70,70,44,66,66,66,66,60,60,60,60,55,70,70,70,40,60,60,60,60,60,60,54,8,30,39,43,65,0,0],"gold":174,"neow_bonus":"THREE_SMALL_POTIONS","is_daily":false,"chose_seed":false,"campfire_upgraded":4,"win_rate":0.0,"timestamp":1610312602,"path_taken":["M","?","?","M","?","R","E","R","T","R","?","?","?","?","R","BOSS","M","AVR","?","M","$","R","E","R","T","M","E","R","E","M","R","BOSS"],"items_purchased_type":["Card","Relic","Card","Card","Card"],"build_version":"2020-12-22","purchased_purges":1,"victory":false,"max_hp_per_floor":[75,75,75,75,75,75,75,75,75,75,75,75,75,75,75,75,75,75,75,75,75,75,75,75,75,75,75,75,75,75,75,75,75,75],"relic_stats":{"counters":[14,86],"Art of War":[4],"obtain_stats":[{"ReplayFunnel":30,"hubris:BallOfYels":7,"Guide Book":13,"Ring of Peace":14,"Ring of Misfortune":14,"Vajra":24,"hubris:MedicalManual":28,"Art of War":26,"hubris:Towel":5,"Replay:Wax Seal":9,"Cracked Core":0,"Nuclear Battery":17},{"ReplayFunnel":12,"hubris:BallOfYels":4,"Guide Book":5,"Ring of Peace":5,"Ring of Misfortune":5,"Vajra":9,"hubris:MedicalManual":11,"Art of War":9,"hubris:Towel":3,"Replay:Wax Seal":4,"Cracked Core":0,"Nuclear Battery":6},{"ReplayFunnel":67,"hubris:BallOfYels":17,"Guide Book":20,"Ring of Peace":20,"Ring of Misfortune":20,"Vajra":52,"hubris:MedicalManual":63,"Art of War":52,"hubris:Towel":10,"Replay:Wax Seal":17,"Cracked Core":0,"Nuclear Battery":39}]},"card_choices":[{"not_picked":["Go for the Eyes","Steam"],"picked":"Streamline","floor":1},{"not_picked":["Blizzard","Fusion"],"picked":"Stack","floor":3},{"not_picked":["BasicCrystalCard","Fusion"],"picked":"Cold Snap","floor":4},{"not_picked":["Barrage","Redo"],"picked":"BootSequence","floor":7},{"not_picked":["BasicCrystalCard","Sweeping Beam"],"picked":"Compile Driver","floor":12},{"not_picked":["Thunder Strike","Reboot"],"picked":"Meteor Strike","floor":16},{"not_picked":["Redo+1","Conserve Battery"],"picked":"Doom and Gloom","floor":18},{"not_picked":["Hologram","ReplayTheSpireMod:GoodbyeWorld"],"picked":"Streamline","floor":20},{"not_picked":["hubris:SpecializedCircuitry","Aggregate"],"picked":"Ball Lightning","floor":21},{"not_picked":["Coolheaded","Hologram"],"picked":"Redo+1","floor":24},{"not_picked":["Turbo+1","Sweeping Beam+1"],"picked":"Go for the Eyes","floor":27},{"not_picked":["ReplayTheSpireMod:Reroute Power","ReplayTheSpireMod:GoodbyeWorld"],"picked":"Stack+1","floor":28},{"not_picked":["Steam","Glacier"],"picked":"White Noise+1","floor":30},{"not_picked":["Streamline","Chaos"],"picked":"Stack+1","floor":31}],"player_experience":127514,"relics_obtained":[{"floor":7,"key":"hubris:BallOfYels"},{"floor":9,"key":"Replay:Wax Seal"},{"floor":14,"key":"Ring of Peace"},{"floor":14,"key":"Ring of Misfortune"},{"floor":24,"key":"Vajra"},{"floor":26,"key":"Art of War"},{"floor":28,"key":"hubris:MedicalManual"},{"floor":30,"key":"ReplayFunnel"}],"event_choices":[{"damage_healed":0,"gold_gain":0,"player_choice":"Forge","damage_taken":0,"max_hp_gain":0,"max_hp_loss":0,"event_name":"Accursed Blacksmith","floor":2,"gold_loss":0,"cards_upgraded":["Zap"]},{"damage_healed":0,"gold_gain":0,"player_choice":"Cursed","damage_taken":0,"max_hp_gain":0,"max_hp_loss":0,"event_name":"Wheel of Change","floor":11,"gold_loss":0,"cards_obtained":["Decay"]}],"is_beta":false,"boss_relics":[{"not_picked":["Coffee Dripper","hubris:VirtuousBlindfold"],"picked":"Nuclear Battery"}],"items_purged_floors":[22],"is_endless":false,"potions_floor_spawned":[3,7,12,18,27,28],"killed_by":"Pondfish","ascension_level":5}}